{"id":"gen9nationaldexdoubles-1993104709","p1":"kanotation","p2":"Codradin","format":"[Gen 9] National Dex Doubles","log":"|j|\u2606kanotation\n|j|\u2606Codradin\n|t:|1700265279\n|gametype|doubles\n|player|p1|kanotation|cynthia|\n|player|p2|Codradin|lucy|\n|teamsize|p1|6\n|teamsize|p2|6\n|gen|9\n|tier|[Gen 9] National Dex Doubles\n|rule|HP Percentage Mod: HP is shown in percentages\n|rule|Endless Battle Clause: Forcing endless battles is banned\n|rule|OHKO Clause: OHKO moves are banned\n|rule|Evasion Moves Clause: Evasion moves are banned\n|rule|Evasion Abilities Clause: Evasion abilities are banned\n|rule|Species Clause: Limit one of each Pok\u00e9mon\n|rule|Gravity Sleep Clause: The combination of sleep-inducing moves with imperfect accuracy and Gravity or Gigantamax Orbeetle are banned\n|clearpoke\n|poke|p1|Garchomp, M|\n|poke|p1|Spiritomb, M|\n|poke|p1|Gastrodon-East, M|\n|poke|p1|Togekiss, M|\n|poke|p1|Lucario, M|\n|poke|p1|Roserade, F|\n|poke|p2|Charizard, M|\n|poke|p2|Zapdos|\n|poke|p2|Nidoking, M|\n|poke|p2|Vileplume, F|\n|poke|p2|Arcanine-Hisui, F|\n|poke|p2|Lapras, F|\n|teampreview\n|\n|t:|1700265299\n|start\n|switch|p1a: Spiritomb|Spiritomb, M|100\/100\n|switch|p1b: Roserade|Roserade, F|100\/100\n|switch|p2a: Miki|Charizard, M|100\/100\n|switch|p2b: Snowstorm|Lapras, F|100\/100\n|-ability|p1a: Spiritomb|Pressure\n|turn|1\n|\n|t:|1700265323\n|detailschange|p2a: Miki|Charizard-Mega-Y, M\n|-mega|p2a: Miki|Charizard|Charizardite Y\n|-weather|SunnyDay|[from] ability: Drought|[of] p2a: Miki\n|move|p2a: Miki|Heat Wave|p1a: Spiritomb|[spread] p1a\n|-miss|p2a: Miki|p1b: Roserade\n|-damage|p1a: Spiritomb|33\/100\n|move|p1b: Roserade|Energy Ball|p2b: Snowstorm\n|-supereffective|p2b: Snowstorm\n|-damage|p2b: Snowstorm|33\/100\n|-unboost|p2b: Snowstorm|spd|1\n|move|p2b: Snowstorm|Ice Beam|p1a: Spiritomb\n|-damage|p1a: Spiritomb|0 fnt\n|faint|p1a: Spiritomb\n|\n|-weather|SunnyDay|[upkeep]\n|upkeep\n|\n|t:|1700265344\n|switch|p1a: Lucario|Lucario, M|100\/100\n|-item|p1a: Lucario|Air Balloon\n|turn|2\n|\n|t:|1700265380\n|switch|p2b: Plume|Vileplume, F|100\/100\n|move|p1a: Lucario|Bullet Punch|p2a: Miki\n|-resisted|p2a: Miki\n|-damage|p2a: Miki|88\/100\n|move|p2a: Miki|Heat Wave|p1a: Lucario|[spread] p1a,p1b\n|-supereffective|p1a: Lucario\n|-supereffective|p1b: Roserade\n|-damage|p1a: Lucario|0 fnt\n|-damage|p1b: Roserade|0 fnt\n|-enditem|p1a: Lucario|Air Balloon\n|faint|p1a: Lucario\n|faint|p1b: Roserade\n|\n|-weather|SunnyDay|[upkeep]\n|upkeep\n|\n|t:|1700265395\n|switch|p1a: Garchomp|Garchomp, M|100\/100\n|switch|p1b: Togekiss|Togekiss, M|100\/100\n|turn|3\n|\n|t:|1700265423\n|switch|p2a: Royal|Nidoking, M|100\/100\n|move|p1b: Togekiss|Ancient Power|p2a: Royal\n|-resisted|p2a: Royal\n|-damage|p2a: Royal|85\/100\n|move|p1a: Garchomp|Earthquake|p2b: Plume|[spread] p2a,p2b\n|-immune|p1b: Togekiss\n|-supereffective|p2a: Royal\n|-damage|p2a: Royal|0 fnt\n|-damage|p2b: Plume|38\/100\n|faint|p2a: Royal\n|move|p2b: Plume|Strength Sap|p1a: Garchomp\n|-unboost|p1a: Garchomp|atk|1\n|-heal|p2b: Plume|100\/100\n|\n|-weather|SunnyDay|[upkeep]\n|upkeep\n|\n|t:|1700265439\n|switch|p2a: Venge|Arcanine-Hisui, F|100\/100\n|turn|4\n|\n|t:|1700265452\n|-terastallize|p2a: Venge|Flying\n|move|p1b: Togekiss|Ancient Power|p2b: Plume\n|-damage|p2b: Plume|85\/100\n|move|p1a: Garchomp|Earthquake|p2a: Venge|[spread] p2b\n|-immune|p1b: Togekiss\n|-immune|p2a: Venge\n|-damage|p2b: Plume|44\/100\n|move|p2a: Venge|Head Smash|p1b: Togekiss\n|-supereffective|p1b: Togekiss\n|-damage|p1b: Togekiss|0 fnt\n|faint|p1b: Togekiss\n|move|p2b: Plume|Strength Sap|p1a: Garchomp\n|-unboost|p1a: Garchomp|atk|1\n|-heal|p2b: Plume|100\/100\n|\n|-weather|SunnyDay|[upkeep]\n|upkeep\n|\n|t:|1700265455\n|switch|p1b: Gastrodon|Gastrodon-East, M|100\/100\n|turn|5\n|\n|t:|1700265472\n|move|p1a: Garchomp|Earthquake|p2b: Plume|[spread] p1b,p2b\n|-immune|p2a: Venge\n|-damage|p1b: Gastrodon|67\/100\n|-damage|p2b: Plume|70\/100\n|move|p2a: Venge|Head Smash|p1b: Gastrodon|[miss]\n|-miss|p2a: Venge|p1b: Gastrodon\n|move|p2b: Plume|Giga Drain|p1b: Gastrodon\n|-supereffective|p1b: Gastrodon\n|-damage|p1b: Gastrodon|0 fnt\n|-heal|p2b: Plume|100\/100|[from] drain|[of] p1b: Gastrodon\n|faint|p1b: Gastrodon\n|\n|-weather|none\n|upkeep\n|turn|6\n|\n|t:|1700265486\n|move|p1a: Garchomp|Earthquake|p2a: Venge|[spread] p2b\n|-immune|p2a: Venge\n|-damage|p2b: Plume|66\/100\n|move|p2a: Venge|Head Smash|p1a: Garchomp|[miss]\n|-miss|p2a: Venge|p1a: Garchomp\n|move|p2b: Plume|Toxic|p1a: Garchomp\n|-status|p1a: Garchomp|tox\n|\n|-heal|p2b: Plume|73\/100|[from] item: Black Sludge\n|-damage|p1a: Garchomp|94\/100 tox|[from] psn\n|upkeep\n|turn|7\n|\n|t:|1700265509\n|switch|p2a: Miki|Charizard-Mega-Y, M|88\/100\n|-weather|SunnyDay|[from] ability: Drought|[of] p2a: Miki\n|switch|p2b: Static|Zapdos|100\/100\n|move|p1a: Garchomp|Earthquake|p2a: Miki|[spread] \n|-immune|p2a: Miki\n|-immune|p2b: Static\n|\n|-weather|SunnyDay|[upkeep]\n|-damage|p1a: Garchomp|82\/100 tox|[from] psn\n|upkeep\n|turn|8\n|\n|t:|1700265524\n|move|p2b: Static|Weather Ball|p1a: Garchomp\n|-resisted|p1a: Garchomp\n|-damage|p1a: Garchomp|54\/100 tox\n|move|p1a: Garchomp|Earthquake|p2a: Miki|[spread] \n|-immune|p2a: Miki\n|-immune|p2b: Static\n|move|p2a: Miki|Solar Beam||[still]\n|-prepare|p2a: Miki|Solar Beam\n|-anim|p2a: Miki|Solar Beam|p1a: Garchomp\n|-damage|p1a: Garchomp|0 fnt\n|faint|p1a: Garchomp\n|\n|win|Codradin\n","uploadtime":1700265536,"views":8,"p1id":"kanotation","p2id":"codradin","formatid":"gen9nationaldexdoubles","rating":0,"private":0,"password":""}