{"id":"gen9nationaldexdoubles-1956554714","p1":"Chi-Yu's Solider","p2":"Pugplayer","format":"[Gen 9] National Dex Doubles","log":"|j|\u2606Chi-Yu's Solider\n|j|\u2606Pugplayer\n|t:|1696120298\n|gametype|doubles\n|player|p1|Chi-Yu's Solider|ghetsis|\n|player|p2|Pugplayer|volo|\n|teamsize|p1|6\n|teamsize|p2|6\n|gen|9\n|tier|[Gen 9] National Dex Doubles\n|rule|HP Percentage Mod: HP is shown in percentages\n|rule|Endless Battle Clause: Forcing endless battles is banned\n|rule|OHKO Clause: OHKO moves are banned\n|rule|Evasion Moves Clause: Evasion moves are banned\n|rule|Evasion Abilities Clause: Evasion abilities are banned\n|rule|Species Clause: Limit one of each Pok\u00e9mon\n|rule|Gravity Sleep Clause: The combination of sleep-inducing moves with imperfect accuracy and Gravity or Gigantamax Orbeetle are banned\n|clearpoke\n|poke|p1|Kommo-o, M|\n|poke|p1|Blacephalon|\n|poke|p1|Indeedee-F, F|\n|poke|p1|Incineroar, F|\n|poke|p1|Sneasler, F|\n|poke|p1|Rillaboom, F|\n|poke|p2|Torkoal, F|\n|poke|p2|Lilligant-Hisui, F|\n|poke|p2|Charizard, F|\n|poke|p2|Flutter Mane|\n|poke|p2|Armarouge, M|\n|poke|p2|Indeedee-F, F|\n|teampreview\n|inactive|Battle timer is ON: inactive players will automatically lose when time's up. (requested by Chi-Yu's Solider)\n|inactive|Chi-Yu's Solider has 270 seconds left.\n|\n|t:|1696120329\n|start\n|switch|p1a: Blacephalon|Blacephalon|100\/100\n|switch|p1b: Indeedee|Indeedee-F, F|100\/100\n|switch|p2a: Ralph|Torkoal, F|100\/100\n|switch|p2b: Waltuh Black|Charizard, F, shiny|100\/100\n|-fieldstart|move: Psychic Terrain|[from] ability: Psychic Surge|[of] p1b: Indeedee\n|-enditem|p1b: Indeedee|Psychic Seed\n|-boost|p1b: Indeedee|spd|1|[from] item: Psychic Seed\n|-weather|SunnyDay|[from] ability: Drought|[of] p2a: Ralph\n|turn|1\n|\n|t:|1696120358\n|-terastallize|p1a: Blacephalon|Psychic\n|move|p1b: Indeedee|Follow Me|p1b: Indeedee\n|-singleturn|p1b: Indeedee|move: Follow Me\n|move|p2b: Waltuh Black|Heat Wave|p1a: Blacephalon|[spread] p1a,p1b\n|-damage|p1a: Blacephalon|0 fnt\n|-damage|p1b: Indeedee|58\/100\n|faint|p1a: Blacephalon\n|move|p2a: Ralph|Eruption|p1b: Indeedee\n|-damage|p1b: Indeedee|0 fnt\n|faint|p1b: Indeedee\n|\n|-weather|SunnyDay|[upkeep]\n|-damage|p2b: Waltuh Black|88\/100|[from] ability: Solar Power|[of] p2b: Waltuh Black\n|upkeep\n|\n|t:|1696120374\n|switch|p1a: Sneasler|Sneasler, F|100\/100\n|switch|p1b: Rillaboom|Rillaboom, F, shiny|100\/100\n|-fieldstart|move: Grassy Terrain|[from] ability: Grassy Surge|[of] p1b: Rillaboom\n|-enditem|p1a: Sneasler|Grassy Seed\n|-boost|p1a: Sneasler|def|1|[from] item: Grassy Seed\n|turn|2\n|\n|t:|1696120394\n|-terastallize|p2a: Ralph|Fire\n|move|p1a: Sneasler|Rock Slide|p2b: Waltuh Black|[spread] p2a,p2b\n|-supereffective|p2a: Ralph\n|-supereffective|p2b: Waltuh Black\n|-damage|p2a: Ralph|70\/100\n|-damage|p2b: Waltuh Black|0 fnt\n|faint|p2b: Waltuh Black\n|move|p1b: Rillaboom|High Horsepower|p2a: Ralph\n|-supereffective|p2a: Ralph\n|-damage|p2a: Ralph|21\/100\n|move|p2a: Ralph|Eruption|p1b: Rillaboom|[spread] p1a,p1b\n|-supereffective|p1b: Rillaboom\n|-damage|p1a: Sneasler|59\/100\n|-damage|p1b: Rillaboom|62\/100\n|\n|-weather|SunnyDay|[upkeep]\n|-heal|p1a: Sneasler|65\/100|[from] Grassy Terrain\n|-heal|p1b: Rillaboom|68\/100|[from] Grassy Terrain\n|-heal|p2a: Ralph|27\/100|[from] Grassy Terrain\n|upkeep\n|\n|t:|1696120418\n|switch|p2b: Night Terror|Flutter Mane|100\/100\n|-activate|p2b: Night Terror|ability: Protosynthesis\n|-start|p2b: Night Terror|protosynthesisspe\n|turn|3\n|\n|t:|1696120437\n|move|p1a: Sneasler|Dire Claw|p2b: Night Terror\n|-damage|p2b: Night Terror|6\/100\n|move|p2b: Night Terror|Dazzling Gleam|p1b: Rillaboom|[spread] p1a,p1b\n|-damage|p1a: Sneasler|22\/100\n|-damage|p1b: Rillaboom|47\/100\n|move|p1b: Rillaboom|High Horsepower|p2a: Ralph\n|-supereffective|p2a: Ralph\n|-damage|p2a: Ralph|0 fnt\n|faint|p2a: Ralph\n|\n|-weather|SunnyDay|[upkeep]\n|-heal|p1a: Sneasler|28\/100|[from] Grassy Terrain\n|-heal|p2b: Night Terror|12\/100|[from] Grassy Terrain\n|-heal|p1b: Rillaboom|53\/100|[from] Grassy Terrain\n|upkeep\n|\n|t:|1696120455\n|switch|p2a: Edible|Lilligant-Hisui, F, shiny|100\/100\n|turn|4\n|\n|t:|1696120475\n|move|p1b: Rillaboom|Grassy Glide|p2b: Night Terror\n|-damage|p2b: Night Terror|0 fnt\n|faint|p2b: Night Terror\n|-end|p2b: Night Terror|Protosynthesis|[silent]\n|move|p1a: Sneasler|Dire Claw|p2a: Edible\n|-supereffective|p2a: Edible\n|-enditem|p2a: Edible|Focus Sash\n|-damage|p2a: Edible|1\/100\n|-status|p2a: Edible|psn\n|move|p2a: Edible|Close Combat|p1b: Rillaboom\n|-damage|p1b: Rillaboom|0 fnt\n|-unboost|p2a: Edible|def|1\n|-unboost|p2a: Edible|spd|1\n|faint|p1b: Rillaboom\n|\n|-weather|SunnyDay|[upkeep]\n|-heal|p1a: Sneasler|34\/100|[from] Grassy Terrain\n|-heal|p2a: Edible|7\/100 psn|[from] Grassy Terrain\n|-damage|p2a: Edible|0 fnt|[from] psn\n|faint|p2a: Edible\n|upkeep\n|\n|t:|1696120502\n|switch|p2b: Dr Light|Indeedee-F, F|100\/100\n|switch|p2a: Mega Man|Armarouge, M|100\/100\n|switch|p1b: Kommo-o|Kommo-o, M|100\/100\n|-fieldstart|move: Psychic Terrain|[from] ability: Psychic Surge|[of] p2b: Dr Light\n|turn|5\n|inactive|Chi-Yu's Solider has 270 seconds left.\n|\n|t:|1696120554\n|move|p2b: Dr Light|Follow Me|p2b: Dr Light\n|-singleturn|p2b: Dr Light|move: Follow Me\n|move|p1a: Sneasler|Rock Slide|p2b: Dr Light|[spread] p2a,p2b\n|-supereffective|p2a: Mega Man\n|-damage|p2a: Mega Man|60\/100\n|-damage|p2b: Dr Light|69\/100\n|-zpower|p1b: Kommo-o\n|move|p1b: Kommo-o|Clangorous Soulblaze|p2a: Mega Man|[zeffect]|[spread] p2a,p2b\n|-damage|p2a: Mega Man|1\/100\n|-damage|p2b: Dr Light|32\/100\n|-boost|p1b: Kommo-o|atk|1\n|-boost|p1b: Kommo-o|def|1\n|-boost|p1b: Kommo-o|spa|1\n|-boost|p1b: Kommo-o|spd|1\n|-boost|p1b: Kommo-o|spe|1\n|move|p2a: Mega Man|Trick Room|p2a: Mega Man\n|-fieldstart|move: Trick Room|[of] p2a: Mega Man\n|\n|-weather|none\n|upkeep\n|turn|6\n|inactive|Chi-Yu's Solider has 270 seconds left.\n|inactive|Pugplayer has 270 seconds left.\n|\n|t:|1696120586\n|move|p2b: Dr Light|Helping Hand|p2a: Mega Man\n|-singleturn|p2a: Mega Man|Helping Hand|[of] p2b: Dr Light\n|move|p2a: Mega Man|Expanding Force|p1b: Kommo-o|[spread] p1a,p1b\n|-supereffective|p1a: Sneasler\n|-supereffective|p1b: Kommo-o\n|-damage|p1a: Sneasler|0 fnt\n|-damage|p1b: Kommo-o|0 fnt\n|faint|p1a: Sneasler\n|faint|p1b: Kommo-o\n|-damage|p2a: Mega Man|0 fnt|[from] item: Life Orb\n|faint|p2a: Mega Man\n|\n|upkeep\n|\n|t:|1696120592\n|switch|p1b: Incineroar|Incineroar, F|100\/100\n|-ability|p1b: Incineroar|Intimidate|boost\n|-unboost|p2b: Dr Light|atk|1\n|turn|7\n|\n|t:|1696120604\n|move|p1b: Incineroar|Flare Blitz|p2b: Dr Light\n|-damage|p2b: Dr Light|0 fnt\n|-damage|p1b: Incineroar|84\/100|[from] item: Rocky Helmet|[of] p2b: Dr Light\n|faint|p2b: Dr Light\n|-damage|p1b: Incineroar|75\/100|[from] Recoil\n|\n|win|Chi-Yu's Solider\n|c|\u2606Chi-Yu's Solider|Gg\n","uploadtime":1696120612,"views":15,"p1id":"chiyussolider","p2id":"pugplayer","formatid":"gen9nationaldexdoubles","rating":0,"private":0,"password":""}