{"id":"gen9nationaldexdoubles-1964702863","p1":"Lightspeed Wake","p2":"Tritus ELITE 4","format":"[Gen 9] National Dex Doubles","log":"|j|\u2606Lightspeed Wake\n|j|\u2606Tritus ELITE 4\n|t:|1696995801\n|gametype|doubles\n|player|p1|Lightspeed Wake|winona|1106\n|player|p2|Tritus ELITE 4|wulfric|1065\n|teamsize|p1|6\n|teamsize|p2|6\n|gen|9\n|tier|[Gen 9] National Dex Doubles\n|rated|\n|rule|HP Percentage Mod: HP is shown in percentages\n|rule|Endless Battle Clause: Forcing endless battles is banned\n|rule|OHKO Clause: OHKO moves are banned\n|rule|Evasion Moves Clause: Evasion moves are banned\n|rule|Evasion Abilities Clause: Evasion abilities are banned\n|rule|Species Clause: Limit one of each Pok\u00e9mon\n|rule|Gravity Sleep Clause: The combination of sleep-inducing moves with imperfect accuracy and Gravity or Gigantamax Orbeetle are banned\n|clearpoke\n|poke|p1|Regigigas|\n|poke|p1|Charizard, F|\n|poke|p1|Chi-Yu|\n|poke|p1|Amoonguss, F|\n|poke|p1|Walking Wake|\n|poke|p1|Chien-Pao|\n|poke|p2|Basculegion-F, F|\n|poke|p2|Swampert, M|\n|poke|p2|Pelipper, F|\n|poke|p2|Araquanid, F|\n|poke|p2|Milotic, F|\n|poke|p2|Ludicolo, M|\n|teampreview\n|inactive|Battle timer is ON: inactive players will automatically lose when time's up. (requested by Lightspeed Wake)\n|inactive|Tritus ELITE 4 has 120 seconds left.\n|\n|t:|1696995837\n|start\n|switch|p1a: Charizard|Charizard, F|100\/100\n|switch|p1b: Walking Wake|Walking Wake|100\/100\n|switch|p2a: Araquanid|Araquanid, F|100\/100\n|switch|p2b: Milotic|Milotic, F|100\/100\n|turn|1\n|\n|t:|1696995861\n|switch|p1a: Amoonguss|Amoonguss, F|100\/100\n|move|p1b: Walking Wake|Draco Meteor|p2a: Araquanid\n|-damage|p2a: Araquanid|32\/100\n|-unboost|p1b: Walking Wake|spa|2\n|move|p2b: Milotic|Chilling Water|p1a: Amoonguss\n|-resisted|p1a: Amoonguss\n|-damage|p1a: Amoonguss|93\/100\n|-unboost|p1a: Amoonguss|atk|1\n|move|p2a: Araquanid|Liquidation|p1a: Amoonguss\n|-resisted|p1a: Amoonguss\n|-damage|p1a: Amoonguss|64\/100\n|-unboost|p1a: Amoonguss|def|1\n|-damage|p2a: Araquanid|16\/100|[from] item: Rocky Helmet|[of] p1a: Amoonguss\n|-damage|p2a: Araquanid|6\/100|[from] item: Life Orb\n|\n|upkeep\n|turn|2\n|\n|t:|1696995888\n|move|p1b: Walking Wake|Dragon Pulse|p2a: Araquanid\n|-damage|p2a: Araquanid|0 fnt\n|faint|p2a: Araquanid\n|move|p2b: Milotic|Life Dew||[still]\n|-fail|p2b: Milotic|heal\n|move|p1a: Amoonguss|Spore|p2b: Milotic\n|-status|p2b: Milotic|slp|[from] move: Spore\n|\n|upkeep\n|\n|t:|1696995897\n|switch|p2a: Ludicolo|Ludicolo, M|100\/100\n|turn|3\n|\n|t:|1696995918\n|-end|p1b: Walking Wake|Protosynthesis|[silent]\n|switch|p1b: Chi-Yu|Chi-Yu|100\/100\n|-ability|p1b: Chi-Yu|Beads of Ruin\n|move|p2a: Ludicolo|Swords Dance|p2a: Ludicolo\n|-boost|p2a: Ludicolo|atk|2\n|cant|p2b: Milotic|slp\n|move|p1a: Amoonguss|Pollen Puff|p1b: Chi-Yu\n|-immune|p1b: Chi-Yu\n|\n|upkeep\n|turn|4\n|\n|t:|1696995940\n|switch|p2b: Pelipper|Pelipper, F|100\/100\n|-weather|RainDance|[from] ability: Drizzle|[of] p2b: Pelipper\n|move|p1a: Amoonguss|Protect|p1a: Amoonguss\n|-singleturn|p1a: Amoonguss|Protect\n|move|p1b: Chi-Yu|Overheat|p2a: Ludicolo\n|-damage|p2a: Ludicolo|53\/100\n|-unboost|p1b: Chi-Yu|spa|2\n|move|p2a: Ludicolo|Waterfall|p1b: Chi-Yu\n|-supereffective|p1b: Chi-Yu\n|-damage|p1b: Chi-Yu|0 fnt\n|faint|p1b: Chi-Yu\n|-damage|p2a: Ludicolo|43\/100|[from] item: Life Orb\n|\n|-weather|RainDance|[upkeep]\n|upkeep\n|\n|t:|1696995948\n|switch|p1b: Charizard|Charizard, F|100\/100\n|turn|5\n|\n|t:|1696995977\n|switch|p1a: Walking Wake|Walking Wake|100\/100\n|detailschange|p1b: Charizard|Charizard-Mega-Y, F\n|-mega|p1b: Charizard|Charizard|Charizardite Y\n|-weather|SunnyDay|[from] ability: Drought|[of] p1b: Charizard\n|-activate|p1a: Walking Wake|ability: Protosynthesis\n|-start|p1a: Walking Wake|protosynthesisspa\n|move|p1b: Charizard|Heat Wave|p2b: Pelipper|[spread] p2a,p2b\n|-resisted|p2b: Pelipper\n|-damage|p2a: Ludicolo|0 fnt\n|-damage|p2b: Pelipper|65\/100\n|faint|p2a: Ludicolo\n|move|p2b: Pelipper|U-turn|p1a: Walking Wake\n|-damage|p1a: Walking Wake|86\/100\n|inactive|Tritus ELITE 4 has 120 seconds left.\n|\n|t:|1696995992\n|switch|p2b: Milotic|Milotic, F|100\/100 slp|[from] U-turn\n|\n|-weather|SunnyDay|[upkeep]\n|upkeep\n|inactive|Tritus ELITE 4 has 120 seconds left.\n|\n|t:|1696995998\n|switch|p2a: Pelipper|Pelipper, F|65\/100\n|-weather|RainDance|[from] ability: Drizzle|[of] p2a: Pelipper\n|-end|p1a: Walking Wake|Protosynthesis\n|turn|6\n|\n|t:|1696996013\n|switch|p1b: Amoonguss|Amoonguss, F|97\/100\n|move|p1a: Walking Wake|Draco Meteor|p2a: Pelipper\n|-damage|p2a: Pelipper|0 fnt\n|-unboost|p1a: Walking Wake|spa|2\n|faint|p2a: Pelipper\n|-curestatus|p2b: Milotic|slp|[msg]\n|move|p2b: Milotic|Icy Wind|p1b: Amoonguss|[spread] p1a,p1b\n|-supereffective|p1b: Amoonguss\n|-damage|p1a: Walking Wake|78\/100\n|-damage|p1b: Amoonguss|81\/100\n|-unboost|p1a: Walking Wake|spe|1\n|-unboost|p1b: Amoonguss|spe|1\n|\n|-weather|RainDance|[upkeep]\n|upkeep\n|\n|t:|1696996031\n|switch|p2a: Basculegion|Basculegion-F, F|100\/100\n|turn|7\n|\n|t:|1696996043\n|-end|p1a: Walking Wake|Protosynthesis|[silent]\n|switch|p1a: Regigigas|Regigigas|100\/100\n|-start|p1a: Regigigas|ability: Slow Start\n|move|p2a: Basculegion|Last Respects|p1a: Regigigas\n|-immune|p1a: Regigigas\n|move|p2b: Milotic|Icy Wind|p1b: Amoonguss|[spread] p1a,p1b\n|-supereffective|p1b: Amoonguss\n|-damage|p1a: Regigigas|93\/100\n|-damage|p1b: Amoonguss|64\/100\n|-unboost|p1a: Regigigas|spe|1\n|-unboost|p1b: Amoonguss|spe|1\n|move|p1b: Amoonguss|Spore|p2a: Basculegion\n|-status|p2a: Basculegion|slp|[from] move: Spore\n|\n|-weather|RainDance|[upkeep]\n|-heal|p1a: Regigigas|99\/100|[from] item: Leftovers\n|upkeep\n|turn|8\n|\n|t:|1696996073\n|cant|p2a: Basculegion|slp\n|move|p2b: Milotic|Chilling Water|p1a: Regigigas\n|-damage|p1a: Regigigas|81\/100\n|-unboost|p1a: Regigigas|atk|1\n|move|p1a: Regigigas|Earth Power|p2a: Basculegion\n|-damage|p2a: Basculegion|71\/100 slp\n|move|p1b: Amoonguss|Pollen Puff|p1a: Regigigas\n|-heal|p1a: Regigigas|100\/100\n|\n|-weather|RainDance|[upkeep]\n|upkeep\n|turn|9\n|\n|t:|1696996094\n|-curestatus|p2a: Basculegion|slp|[msg]\n|move|p2a: Basculegion|Last Respects|p1b: Amoonguss\n|-damage|p1b: Amoonguss|0 fnt\n|faint|p1b: Amoonguss\n|-damage|p2a: Basculegion|61\/100|[from] item: Life Orb\n|move|p2b: Milotic|Chilling Water|p1a: Regigigas\n|-damage|p1a: Regigigas|80\/100\n|-unboost|p1a: Regigigas|atk|1\n|move|p1a: Regigigas|Earth Power|p2a: Basculegion\n|-damage|p2a: Basculegion|33\/100\n|\n|-weather|RainDance|[upkeep]\n|-heal|p1a: Regigigas|86\/100|[from] item: Leftovers\n|upkeep\n|\n|t:|1696996113\n|switch|p1b: Charizard|Charizard-Mega-Y, F|100\/100\n|-weather|SunnyDay|[from] ability: Drought|[of] p1b: Charizard\n|turn|10\n|\n|t:|1696996123\n|move|p1b: Charizard|Solar Beam||[still]\n|-prepare|p1b: Charizard|Solar Beam\n|-anim|p1b: Charizard|Solar Beam|p2b: Milotic\n|-supereffective|p2b: Milotic\n|-damage|p2b: Milotic|38\/100\n|move|p2a: Basculegion|Last Respects|p1b: Charizard\n|-damage|p1b: Charizard|0 fnt\n|faint|p1b: Charizard\n|-damage|p2a: Basculegion|23\/100|[from] item: Life Orb\n|move|p2b: Milotic|Chilling Water|p1a: Regigigas\n|-damage|p1a: Regigigas|80\/100\n|-unboost|p1a: Regigigas|atk|1\n|move|p1a: Regigigas|Earth Power|p2a: Basculegion\n|-damage|p2a: Basculegion|0 fnt\n|faint|p2a: Basculegion\n|\n|-weather|SunnyDay|[upkeep]\n|-heal|p2b: Milotic|44\/100|[from] item: Leftovers\n|-heal|p1a: Regigigas|86\/100|[from] item: Leftovers\n|upkeep\n|\n|t:|1696996139\n|switch|p1b: Chien-Pao|Chien-Pao|100\/100\n|switch|p2a: Swampert|Swampert, M|100\/100\n|-ability|p1b: Chien-Pao|Sword of Ruin\n|turn|11\n|\n|t:|1696996154\n|detailschange|p2a: Swampert|Swampert-Mega, M\n|-mega|p2a: Swampert|Swampert|Swampertite\n|move|p1b: Chien-Pao|Icicle Crash|p2a: Swampert\n|-damage|p2a: Swampert|41\/100\n|move|p2a: Swampert|Rock Slide|p1b: Chien-Pao|[spread] p1a,p1b\n|-supereffective|p1b: Chien-Pao\n|-crit|p1b: Chien-Pao\n|-damage|p1a: Regigigas|64\/100\n|-enditem|p1b: Chien-Pao|Focus Sash\n|-damage|p1b: Chien-Pao|1\/100\n|move|p2b: Milotic|Life Dew|p2b: Milotic|[spread] p2a,p2b\n|-heal|p2a: Swampert|66\/100\n|-heal|p2b: Milotic|69\/100\n|move|p1a: Regigigas|Earth Power|p2a: Swampert\n|-damage|p2a: Swampert|42\/100\n|\n|-weather|SunnyDay|[upkeep]\n|-heal|p2b: Milotic|75\/100|[from] item: Leftovers\n|-heal|p1a: Regigigas|70\/100|[from] item: Leftovers\n|-end|p1a: Regigigas|Slow Start\n|upkeep\n|turn|12\n|\n|t:|1696996184\n|move|p1b: Chien-Pao|Icicle Crash|p2a: Swampert|[miss]\n|-miss|p1b: Chien-Pao|p2a: Swampert\n|move|p2a: Swampert|Rock Slide|p1b: Chien-Pao|[spread] p1a,p1b\n|-supereffective|p1b: Chien-Pao\n|-damage|p1a: Regigigas|48\/100\n|-damage|p1b: Chien-Pao|0 fnt\n|faint|p1b: Chien-Pao\n|move|p2b: Milotic|Chilling Water|p1a: Regigigas\n|-damage|p1a: Regigigas|41\/100\n|-unboost|p1a: Regigigas|atk|1\n|move|p1a: Regigigas|Earth Power|p2b: Milotic\n|-damage|p2b: Milotic|60\/100\n|\n|-weather|SunnyDay|[upkeep]\n|-heal|p2b: Milotic|66\/100|[from] item: Leftovers\n|-heal|p1a: Regigigas|47\/100|[from] item: Leftovers\n|upkeep\n|\n|t:|1696996187\n|switch|p1b: Walking Wake|Walking Wake|78\/100\n|-activate|p1b: Walking Wake|ability: Protosynthesis\n|-start|p1b: Walking Wake|protosynthesisspa\n|turn|13\n|inactive|Tritus ELITE 4 has 120 seconds left.\n|\n|t:|1696996218\n|move|p1b: Walking Wake|Hydro Steam|p2a: Swampert\n|-damage|p2a: Swampert|0 fnt\n|faint|p2a: Swampert\n|move|p2b: Milotic|Icy Wind|p1a: Regigigas|[spread] p1a,p1b\n|-damage|p1a: Regigigas|40\/100\n|-damage|p1b: Walking Wake|71\/100\n|-unboost|p1a: Regigigas|spe|1\n|-unboost|p1b: Walking Wake|spe|1\n|move|p1a: Regigigas|Rest|p1a: Regigigas\n|-status|p1a: Regigigas|slp|[from] move: Rest\n|-heal|p1a: Regigigas|100\/100 slp|[silent]\n|\n|-weather|SunnyDay|[upkeep]\n|-heal|p2b: Milotic|72\/100|[from] item: Leftovers\n|upkeep\n|turn|14\n|\n|t:|1696996230\n|move|p1b: Walking Wake|Draco Meteor|p2b: Milotic\n|-damage|p2b: Milotic|20\/100\n|-unboost|p1b: Walking Wake|spa|2\n|move|p2b: Milotic|Chilling Water|p1b: Walking Wake\n|-resisted|p1b: Walking Wake\n|-damage|p1b: Walking Wake|69\/100\n|-unboost|p1b: Walking Wake|atk|1\n|cant|p1a: Regigigas|slp\n|move|p1a: Regigigas|Snore|p2b: Milotic\n|-damage|p2b: Milotic|5\/100\n|\n|-weather|none\n|-end|p1b: Walking Wake|Protosynthesis\n|-heal|p2b: Milotic|11\/100|[from] item: Leftovers\n|upkeep\n|turn|15\n|\n|t:|1696996237\n|move|p1b: Walking Wake|Dragon Pulse|p2b: Milotic\n|-damage|p2b: Milotic|0 fnt\n|faint|p2b: Milotic\n|\n|win|Lightspeed Wake\n|raw|Lightspeed Wake's rating: 1106 &rarr; <strong>1128<\/strong><br \/>(+22 for winning)\n|raw|Tritus ELITE 4's rating: 1065 &rarr; <strong>1048<\/strong><br \/>(-17 for losing)\n","uploadtime":1696996241,"views":15,"p1id":"lightspeedwake","p2id":"trituselite4","formatid":"gen9nationaldexdoubles","rating":1048,"private":0,"password":""}