{"id":"gen9nationaldexdoubles-1949252103","p1":"TheGladTitan","p2":"conbomb","format":"[Gen 9] National Dex Doubles","log":"|j|\u203dTheGladTitan\n|j|\u2606conbomb\n|t:|1695339863\n|gametype|doubles\n|player|p1|TheGladTitan|bugcatcher-gen4dp|1196\n|player|p2|conbomb|swimmer-gen4dp|1052\n|teamsize|p1|6\n|teamsize|p2|6\n|gen|9\n|tier|[Gen 9] National Dex Doubles\n|rated|\n|rule|HP Percentage Mod: HP is shown in percentages\n|rule|Endless Battle Clause: Forcing endless battles is banned\n|rule|OHKO Clause: OHKO moves are banned\n|rule|Evasion Moves Clause: Evasion moves are banned\n|rule|Evasion Abilities Clause: Evasion abilities are banned\n|rule|Species Clause: Limit one of each Pok\u00e9mon\n|rule|Gravity Sleep Clause: The combination of sleep-inducing moves with imperfect accuracy and Gravity or Gigantamax Orbeetle are banned\n|clearpoke\n|poke|p1|Empoleon, F|\n|poke|p1|Ferrothorn, M|\n|poke|p1|Togekiss, F|\n|poke|p1|Excadrill, F|\n|poke|p1|Gyarados, F|\n|poke|p1|Mimikyu, M|\n|poke|p2|Regigigas|\n|poke|p2|Flamigo, F|\n|poke|p2|Metagross|\n|poke|p2|Mew|\n|poke|p2|Oranguru, M|\n|poke|p2|Malamar, M|\n|teampreview\n|\n|t:|1695339877\n|start\n|switch|p1a: Togekiss|Togekiss, F|100\/100\n|switch|p1b: Empoleon|Empoleon, F|100\/100\n|switch|p2a: Oranguru|Oranguru, M|100\/100\n|switch|p2b: Megagrose \ud83e\udd2e|Metagross, shiny|100\/100\n|turn|1\n|\n|t:|1695339920\n|detailschange|p2b: Megagrose \ud83e\udd2e|Metagross-Mega, shiny\n|-mega|p2b: Megagrose \ud83e\udd2e|Metagross|Metagrossite\n|move|p1a: Togekiss|Air Slash|p2a: Oranguru\n|-damage|p2a: Oranguru|77\/100\n|move|p2b: Megagrose \ud83e\udd2e|Meteor Mash|p1a: Togekiss\n|-supereffective|p1a: Togekiss\n|-enditem|p1a: Togekiss|Babiri Berry|[eat]\n|-enditem|p1a: Togekiss|Babiri Berry|[weaken]\n|-damage|p1a: Togekiss|11\/100\n|move|p1b: Empoleon|Grass Knot|p2b: Megagrose \ud83e\udd2e\n|-resisted|p2b: Megagrose \ud83e\udd2e\n|-damage|p2b: Megagrose \ud83e\udd2e|71\/100\n|cant|p2a: Oranguru|flinch\n|\n|upkeep\n|turn|2\n|\n|t:|1695339948\n|move|p1a: Togekiss|Protect|p1a: Togekiss\n|-singleturn|p1a: Togekiss|Protect\n|move|p2b: Megagrose \ud83e\udd2e|Meteor Mash|p1a: Togekiss\n|-activate|p1a: Togekiss|move: Protect\n|move|p1b: Empoleon|Grass Knot|p2b: Megagrose \ud83e\udd2e\n|-resisted|p2b: Megagrose \ud83e\udd2e\n|-damage|p2b: Megagrose \ud83e\udd2e|43\/100\n|move|p2a: Oranguru|Trick Room|p2a: Oranguru\n|-fieldstart|move: Trick Room|[of] p2a: Oranguru\n|\n|upkeep\n|turn|3\n|\n|t:|1695339979\n|move|p2a: Oranguru|Instruct|p2b: Megagrose \ud83e\udd2e\n|-singleturn|p2b: Megagrose \ud83e\udd2e|move: Instruct|[of] p2a: Oranguru\n|move|p2b: Megagrose \ud83e\udd2e|Meteor Mash|p1a: Togekiss|[miss]\n|-miss|p2b: Megagrose \ud83e\udd2e|p1a: Togekiss\n|move|p1b: Empoleon|Grass Knot|p2b: Megagrose \ud83e\udd2e\n|-resisted|p2b: Megagrose \ud83e\udd2e\n|-damage|p2b: Megagrose \ud83e\udd2e|18\/100\n|move|p2b: Megagrose \ud83e\udd2e|Earthquake|p1b: Empoleon|[spread] p1b\n|-activate|p2a: Oranguru|ability: Telepathy\n|-immune|p1a: Togekiss\n|-supereffective|p1b: Empoleon\n|-damage|p1b: Empoleon|33\/100\n|move|p1a: Togekiss|Air Slash|p2a: Oranguru\n|-damage|p2a: Oranguru|54\/100\n|\n|upkeep\n|turn|4\n|\n|t:|1695339997\n|move|p1a: Togekiss|Protect|p1a: Togekiss\n|-singleturn|p1a: Togekiss|Protect\n|move|p2a: Oranguru|Instruct|p2b: Megagrose \ud83e\udd2e\n|-singleturn|p2b: Megagrose \ud83e\udd2e|move: Instruct|[of] p2a: Oranguru\n|move|p2b: Megagrose \ud83e\udd2e|Earthquake|p1b: Empoleon|[spread] p1b\n|-activate|p1a: Togekiss|move: Protect\n|-activate|p2a: Oranguru|ability: Telepathy\n|-supereffective|p1b: Empoleon\n|-damage|p1b: Empoleon|0 fnt\n|faint|p1b: Empoleon\n|move|p2b: Megagrose \ud83e\udd2e|Meteor Mash|p1a: Togekiss\n|-activate|p1a: Togekiss|move: Protect\n|\n|upkeep\n|\n|t:|1695340015\n|switch|p1b: Excadrill|Excadrill, F|100\/100\n|turn|5\n|\n|t:|1695340036\n|move|p2a: Oranguru|Instruct|p2b: Megagrose \ud83e\udd2e\n|-singleturn|p2b: Megagrose \ud83e\udd2e|move: Instruct|[of] p2a: Oranguru\n|move|p2b: Megagrose \ud83e\udd2e|Meteor Mash|p1a: Togekiss\n|-supereffective|p1a: Togekiss\n|-damage|p1a: Togekiss|0 fnt\n|faint|p1a: Togekiss\n|move|p2b: Megagrose \ud83e\udd2e|Earthquake|p1b: Excadrill|[spread] p1b\n|-activate|p2a: Oranguru|ability: Telepathy\n|-supereffective|p1b: Excadrill\n|-damage|p1b: Excadrill|19\/100\n|move|p1b: Excadrill|Earthquake|p2a: Oranguru|[spread] p2a,p2b\n|-crit|p2a: Oranguru\n|-supereffective|p2b: Megagrose \ud83e\udd2e\n|-damage|p2a: Oranguru|0 fnt\n|-damage|p2b: Megagrose \ud83e\udd2e|0 fnt\n|faint|p2a: Oranguru\n|faint|p2b: Megagrose \ud83e\udd2e\n|-damage|p1b: Excadrill|9\/100|[from] item: Life Orb\n|\n|upkeep\n|\n|t:|1695340056\n|switch|p2a: Malamar|Malamar, M, shiny|100\/100\n|switch|p2b: Flamigo|Flamigo, F|100\/100\n|switch|p1a: Gyarados|Gyarados, F|100\/100\n|-copyboost|p2b: Flamigo|p2a: Malamar|[from] ability: Costar\n|turn|6\n|\n|t:|1695340071\n|switch|p2b: MC Compensator|Regigigas, shiny|100\/100\n|-start|p2b: MC Compensator|ability: Slow Start\n|move|p1b: Excadrill|Protect|p1b: Excadrill\n|-singleturn|p1b: Excadrill|Protect\n|move|p2a: Malamar|Simple Beam|p2b: MC Compensator\n|-end|p2b: MC Compensator|Slow Start|[silent]\n|-endability|p2b: MC Compensator|Slow Start|[from] move: Simple Beam\n|-ability|p2b: MC Compensator|Simple|[from] move: Simple Beam\n|move|p1a: Gyarados|Dragon Dance|p1a: Gyarados\n|-boost|p1a: Gyarados|atk|1\n|-boost|p1a: Gyarados|spe|1\n|\n|-fieldend|move: Trick Room\n|upkeep\n|turn|7\n|\n|t:|1695340087\n|move|p1a: Gyarados|Dragon Dance|p1a: Gyarados\n|-boost|p1a: Gyarados|atk|1\n|-boost|p1a: Gyarados|spe|1\n|move|p1b: Excadrill|Earthquake|p2b: MC Compensator|[spread] p2a,p2b\n|-immune|p1a: Gyarados\n|-damage|p2a: Malamar|57\/100\n|-damage|p2b: MC Compensator|58\/100\n|-damage|p1b: Excadrill|0 fnt|[from] item: Life Orb\n|faint|p1b: Excadrill\n|move|p2b: MC Compensator|Rock Polish|p2b: MC Compensator\n|-boost|p2b: MC Compensator|spe|4\n|move|p2a: Malamar|Hidden Power|p2b: MC Compensator\n|-supereffective|p2b: MC Compensator\n|-damage|p2b: MC Compensator|47\/100\n|-enditem|p2b: MC Compensator|Weakness Policy\n|-boost|p2b: MC Compensator|atk|4|[from] item: Weakness Policy\n|-boost|p2b: MC Compensator|spa|4|[from] item: Weakness Policy\n|\n|upkeep\n|\n|t:|1695340108\n|switch|p1b: Mimikyu|Mimikyu, M|100\/100\n|turn|8\n|\n|t:|1695340132\n|switch|p2a: Flamigo|Flamigo, F|100\/100\n|-copyboost|p2a: Flamigo|p2b: MC Compensator|[from] ability: Costar\n|move|p2b: MC Compensator|Rock Slide|p1b: Mimikyu|[spread] p1a,p1b\n|-supereffective|p1a: Gyarados\n|-damage|p1a: Gyarados|0 fnt\n|-activate|p1b: Mimikyu|ability: Disguise\n|-damage|p1b: Mimikyu|100\/100\n|detailschange|p1b: Mimikyu|Mimikyu-Busted, M\n|-damage|p1b: Mimikyu|88\/100|[from] pokemon: Mimikyu-Busted\n|faint|p1a: Gyarados\n|move|p1b: Mimikyu|Play Rough|p2b: MC Compensator\n|-damage|p2b: MC Compensator|23\/100\n|\n|upkeep\n|\n|t:|1695340146\n|switch|p1a: Ferrothorn|Ferrothorn, M|100\/100\n|turn|9\n|\n|t:|1695340160\n|move|p2a: Flamigo|Close Combat|p1a: Ferrothorn\n|-supereffective|p1a: Ferrothorn\n|-damage|p1a: Ferrothorn|0 fnt\n|-unboost|p2a: Flamigo|def|1\n|-unboost|p2a: Flamigo|spd|1\n|-damage|p2a: Flamigo|88\/100|[from] ability: Iron Barbs|[of] p1a: Ferrothorn\n|faint|p1a: Ferrothorn\n|move|p2b: MC Compensator|Knock Off|p1b: Mimikyu\n|-damage|p1b: Mimikyu|0 fnt\n|-enditem|p1b: Mimikyu|Focus Sash|[from] move: Knock Off|[of] p2b: MC Compensator\n|faint|p1b: Mimikyu\n|\n|win|conbomb\n|raw|TheGladTitan's rating: 1196 &rarr; <strong>1161<\/strong><br \/>(-35 for losing)\n|raw|conbomb's rating: 1052 &rarr; <strong>1097<\/strong><br \/>(+45 for winning)\n|c|\u2606conbomb|Gg\n","uploadtime":1695340175,"views":12,"p1id":"thegladtitan","p2id":"conbomb","formatid":"gen9nationaldexdoubles","rating":1097,"private":0,"password":""}