{"id":"gen9nationaldexdoubles-1978296800","p1":"Lc Alt Acount","p2":"Like and Subcribe","format":"[Gen 9] National Dex Doubles","log":"|j|\u2606Lc Alt Acount\n|j|\u2606Like and Subcribe\n|t:|1698522156\n|gametype|doubles\n|player|p1|Lc Alt Acount|lucas|\n|player|p2|Like and Subcribe|102|\n|teamsize|p1|4\n|teamsize|p2|3\n|gen|9\n|tier|[Gen 9] National Dex Doubles\n|rule|HP Percentage Mod: HP is shown in percentages\n|rule|Endless Battle Clause: Forcing endless battles is banned\n|rule|OHKO Clause: OHKO moves are banned\n|rule|Evasion Moves Clause: Evasion moves are banned\n|rule|Evasion Abilities Clause: Evasion abilities are banned\n|rule|Species Clause: Limit one of each Pok\u00e9mon\n|rule|Gravity Sleep Clause: The combination of sleep-inducing moves with imperfect accuracy and Gravity or Gigantamax Orbeetle are banned\n|clearpoke\n|poke|p1|Oranguru, M|\n|poke|p1|Stonjourner, F|\n|poke|p1|Mew|\n|poke|p1|Zangoose, M|\n|poke|p2|Geodude, L5, M|\n|poke|p2|Mew|\n|poke|p2|Ambipom, F|\n|teampreview\n|inactive|Battle timer is ON: inactive players will automatically lose when time's up. (requested by Lc Alt Acount)\n|inactive|Like and Subcribe also wants the timer to be on.\n|inactive|Lc Alt Acount has 270 seconds left.\n|inactive|Like and Subcribe has 270 seconds left.\n|inactive|Like and Subcribe has 240 seconds left.\n|\n|t:|1698522218\n|start\n|switch|p1a: Stonjourner|Stonjourner, F|100\/100\n|switch|p1b: Oranguru|Oranguru, M|100\/100\n|switch|p2a: Ambipom|Ambipom, F|100\/100\n|switch|p2b: Mew|Mew|100\/100\n|turn|1\n|\n|t:|1698522230\n|move|p2a: Ambipom|Hone Claws|p2a: Ambipom\n|-boost|p2a: Ambipom|atk|1\n|-boost|p2a: Ambipom|accuracy|1\n|move|p2b: Mew|Skill Swap|p1a: Stonjourner\n|-activate|p2b: Mew|move: Skill Swap|Power Spot|Synchronize|[of] p1a: Stonjourner\n|move|p1b: Oranguru|Skill Swap|p2a: Ambipom\n|-activate|p1b: Oranguru|move: Skill Swap|Technician|Telepathy|[of] p2a: Ambipom\n|move|p1a: Stonjourner|Curse|p1a: Stonjourner\n|-unboost|p1a: Stonjourner|spe|1\n|-boost|p1a: Stonjourner|atk|1\n|-boost|p1a: Stonjourner|def|1\n|\n|upkeep\n|turn|2\n|\n|t:|1698522256\n|switch|p1b: Mew|Mew|100\/100\n|switch|p1a: Zangoose|Zangoose, M|100\/100\n|move|p2b: Mew|Endure|p2b: Mew\n|-singleturn|p2b: Mew|move: Endure\n|move|p2a: Ambipom|Baton Pass|p2a: Ambipom\n|\n|t:|1698522260\n|switch|p2a: Geodude|Geodude, L5, M|100\/100|[from] Baton Pass\n|\n|upkeep\n|turn|3\n|\n|t:|1698522270\n|-terastallize|p2a: Geodude|Rock\n|move|p2b: Mew|Endure||[still]\n|-fail|p2b: Mew\n|move|p1a: Zangoose|Endure|p1a: Zangoose\n|-singleturn|p1a: Zangoose|move: Endure\n|move|p1b: Mew|Skill Swap|p1a: Zangoose\n|-activate|p1b: Mew|move: Skill Swap|||[of] p1a: Zangoose\n|move|p2a: Geodude|Defense Curl|p2a: Geodude\n|-boost|p2a: Geodude|def|1\n|\n|upkeep\n|turn|4\n|\n|t:|1698522291\n|switch|p1a: Oranguru|Oranguru, M|100\/100\n|move|p2b: Mew|Endure|p2b: Mew\n|-singleturn|p2b: Mew|move: Endure\n|move|p1b: Mew|Skill Swap|p2a: Geodude\n|-activate|p1b: Mew|move: Skill Swap|Rock Head|Toxic Boost|[of] p2a: Geodude\n|move|p2a: Geodude|Rollout|p1b: Mew\n|-damage|p1b: Mew|99\/100\n|\n|upkeep\n|turn|5\n|\n|t:|1698522312\n|move|p2b: Mew|Endure|p2b: Mew\n|-singleturn|p2b: Mew|move: Endure\n|move|p1a: Oranguru|Skill Swap|p1b: Mew\n|-activate|p1a: Oranguru|move: Skill Swap|||[of] p1b: Mew\n|move|p1b: Mew|Skill Swap|p1a: Oranguru\n|-activate|p1b: Mew|move: Skill Swap|||[of] p1a: Oranguru\n|move|p2a: Geodude|Rollout|p1b: Mew|[from]lockedmove\n|-damage|p1b: Mew|99\/100\n|\n|upkeep\n|turn|6\n|\n|t:|1698522318\n|move|p2b: Mew|Endure||[still]\n|-fail|p2b: Mew\n|move|p1a: Oranguru|Skill Swap|p1b: Mew\n|-activate|p1a: Oranguru|move: Skill Swap|||[of] p1b: Mew\n|move|p1b: Mew|Skill Swap|p1a: Oranguru\n|-activate|p1b: Mew|move: Skill Swap|||[of] p1a: Oranguru\n|move|p2a: Geodude|Rollout|p1b: Mew|[from]lockedmove\n|-damage|p1b: Mew|98\/100\n|\n|upkeep\n|turn|7\n|\n|t:|1698522325\n|move|p2b: Mew|Endure|p2b: Mew\n|-singleturn|p2b: Mew|move: Endure\n|move|p1a: Oranguru|Skill Swap|p1b: Mew\n|-activate|p1a: Oranguru|move: Skill Swap|||[of] p1b: Mew\n|move|p1b: Mew|Skill Swap|p1a: Oranguru\n|-activate|p1b: Mew|move: Skill Swap|||[of] p1a: Oranguru\n|move|p2a: Geodude|Rollout|p1b: Mew|[from]lockedmove\n|-crit|p1b: Mew\n|-damage|p1b: Mew|94\/100\n|\n|upkeep\n|turn|8\n|\n|t:|1698522331\n|move|p2b: Mew|Endure||[still]\n|-fail|p2b: Mew\n|move|p1a: Oranguru|Skill Swap|p1b: Mew\n|-activate|p1a: Oranguru|move: Skill Swap|||[of] p1b: Mew\n|move|p1b: Mew|Skill Swap|p1a: Oranguru\n|-activate|p1b: Mew|move: Skill Swap|||[of] p1a: Oranguru\n|move|p2a: Geodude|Rollout|p1b: Mew|[from]lockedmove\n|-damage|p1b: Mew|88\/100\n|\n|upkeep\n|turn|9\n|\n|t:|1698522343\n|move|p2b: Mew|Endure|p2b: Mew\n|-singleturn|p2b: Mew|move: Endure\n|move|p1a: Oranguru|Skill Swap|p1b: Mew\n|-activate|p1a: Oranguru|move: Skill Swap|||[of] p1b: Mew\n|move|p1b: Mew|Soft-Boiled|p1b: Mew\n|-heal|p1b: Mew|100\/100\n|move|p2a: Geodude|Rollout|p1b: Mew\n|-damage|p1b: Mew|99\/100\n|\n|upkeep\n|turn|10\n|\n|t:|1698522352\n|move|p2b: Mew|Endure|p2b: Mew\n|-singleturn|p2b: Mew|move: Endure\n|move|p1a: Oranguru|Skill Swap|p1b: Mew\n|-activate|p1a: Oranguru|move: Skill Swap|||[of] p1b: Mew\n|move|p1b: Mew|Transform|p1a: Oranguru\n|-transform|p1b: Mew|p1a: Oranguru\n|move|p2a: Geodude|Rollout|p1b: Mew|[from]lockedmove\n|-damage|p1b: Mew|99\/100\n|\n|upkeep\n|turn|11\n|\n|t:|1698522375\n|move|p2b: Mew|Endure||[still]\n|-fail|p2b: Mew\n|move|p1b: Mew|Toxic|p2a: Geodude\n|-status|p2a: Geodude|tox\n|move|p1a: Oranguru|Toxic|p2a: Geodude\n|-fail|p2a: Geodude|tox\n|move|p2a: Geodude|Rollout|p1b: Mew|[from]lockedmove\n|-damage|p1b: Mew|96\/100\n|\n|-damage|p2a: Geodude|95\/100 tox|[from] psn\n|upkeep\n|turn|12\n|\n|t:|1698522386\n|move|p2b: Mew|Endure|p2b: Mew\n|-singleturn|p2b: Mew|move: Endure\n|move|p1a: Oranguru|Skill Swap|p1b: Mew\n|-activate|p1a: Oranguru|move: Skill Swap|||[of] p1b: Mew\n|move|p1b: Mew|Skill Swap|p1a: Oranguru\n|-activate|p1b: Mew|move: Skill Swap|||[of] p1a: Oranguru\n|move|p2a: Geodude|Rollout|p1b: Mew|[from]lockedmove\n|-damage|p1b: Mew|90\/100\n|\n|-damage|p2a: Geodude|85\/100 tox|[from] psn\n|upkeep\n|turn|13\n|\n|t:|1698522399\n|move|p2b: Mew|Helping Hand|p2a: Geodude\n|-singleturn|p2a: Geodude|Helping Hand|[of] p2b: Mew\n|move|p1b: Mew|Instruct|p2b: Mew\n|-singleturn|p2b: Mew|move: Instruct|[of] p1b: Mew\n|move|p2b: Mew|Helping Hand|p2a: Geodude\n|-singleturn|p2a: Geodude|Helping Hand|[of] p2b: Mew\n|move|p1a: Oranguru|Instruct|p2b: Mew\n|-singleturn|p2b: Mew|move: Instruct|[of] p1a: Oranguru\n|move|p2b: Mew|Helping Hand|p2a: Geodude\n|-singleturn|p2a: Geodude|Helping Hand|[of] p2b: Mew\n|move|p2a: Geodude|Rollout|p1b: Mew|[from]lockedmove\n|-damage|p1b: Mew|53\/100\n|\n|-damage|p2a: Geodude|70\/100 tox|[from] psn\n|upkeep\n|turn|14\n|inactive|Lc Alt Acount has 270 seconds left.\n|inactive|Like and Subcribe has 270 seconds left.\n|inactive|Lc Alt Acount has 240 seconds left.\n|\n|t:|1698522460\n|move|p2b: Mew|Endure|p2b: Mew\n|-singleturn|p2b: Mew|move: Endure\n|move|p1b: Mew|Instruct||[still]\n|-fail|p1b: Mew\n|move|p1a: Oranguru|Instruct||[still]\n|-fail|p1a: Oranguru\n|move|p2a: Geodude|Rollout|p1a: Oranguru\n|-damage|p1a: Oranguru|99\/100\n|\n|-damage|p2a: Geodude|50\/100 tox|[from] psn\n|upkeep\n|turn|15\n|\n|t:|1698522472\n|move|p2b: Mew|Endure||[still]\n|-fail|p2b: Mew\n|move|p1b: Mew|Instruct||[still]\n|-fail|p1b: Mew\n|move|p1a: Oranguru|Instruct||[still]\n|-fail|p1a: Oranguru\n|move|p2a: Geodude|Rollout|p1a: Oranguru|[from]lockedmove\n|-damage|p1a: Oranguru|97\/100\n|\n|-damage|p2a: Geodude|25\/100 tox|[from] psn\n|upkeep\n|turn|16\n|\n|t:|1698522480\n|move|p2b: Mew|Endure|p2b: Mew\n|-singleturn|p2b: Mew|move: Endure\n|move|p1a: Oranguru|Skill Swap|p1b: Mew\n|-activate|p1a: Oranguru|move: Skill Swap|||[of] p1b: Mew\n|move|p1b: Mew|Skill Swap|p1a: Oranguru\n|-activate|p1b: Mew|move: Skill Swap|||[of] p1a: Oranguru\n|move|p2a: Geodude|Rollout|p1a: Oranguru|[from]lockedmove\n|-damage|p1a: Oranguru|93\/100\n|\n|-damage|p2a: Geodude|0 fnt|[from] psn\n|faint|p2a: Geodude\n|upkeep\n|\n|t:|1698522487\n|switch|p2a: Ambipom|Ambipom, F|100\/100\n|turn|17\n|-message|Lc Alt Acount forfeited.\n|\n|win|Like and Subcribe\n","uploadtime":1698522493,"views":11,"p1id":"lcaltacount","p2id":"likeandsubcribe","formatid":"gen9nationaldexdoubles","rating":0,"private":0,"password":""}