{"id":"gen9nationaldexdoubles-1975194265","p1":"shiftygatito","p2":"Syph0n_78","format":"[Gen 9] National Dex Doubles","log":"|j|\u2606shiftygatito\n|j|\u2606Syph0n_78\n|t:|1698169211\n|gametype|doubles\n|player|p1|shiftygatito|hugh|\n|player|p2|Syph0n_78|1|\n|teamsize|p1|6\n|teamsize|p2|6\n|gen|9\n|tier|[Gen 9] National Dex Doubles\n|rule|HP Percentage Mod: HP is shown in percentages\n|rule|Endless Battle Clause: Forcing endless battles is banned\n|rule|OHKO Clause: OHKO moves are banned\n|rule|Evasion Moves Clause: Evasion moves are banned\n|rule|Evasion Abilities Clause: Evasion abilities are banned\n|rule|Species Clause: Limit one of each Pok\u00e9mon\n|rule|Gravity Sleep Clause: The combination of sleep-inducing moves with imperfect accuracy and Gravity or Gigantamax Orbeetle are banned\n|clearpoke\n|poke|p1|Tapu Koko|\n|poke|p1|Iron Valiant|\n|poke|p1|Hawlucha, F|\n|poke|p1|Iron Moth|\n|poke|p1|Scizor, M|\n|poke|p1|Gliscor, M|\n|poke|p2|Torterra, F|\n|poke|p2|Tyranitar, F|\n|poke|p2|Excadrill, F|\n|poke|p2|Ferrothorn, F|\n|poke|p2|Cradily, M|\n|poke|p2|Ogerpon-Cornerstone, F|\n|teampreview\n|inactive|Battle timer is ON: inactive players will automatically lose when time's up. (requested by shiftygatito)\n|c|\u2606Syph0n_78|Interesting\n|inactive|shiftygatito has 270 seconds left.\n|inactive|Syph0n_78 has 270 seconds left.\n|c|\u2606shiftygatito|huh arent you the grass leader?\n|c|\u2606Syph0n_78|I am (:\n|c|\u2606Syph0n_78|4 grass types\n|c|\u2606shiftygatito|this a sand team\n|inactive|shiftygatito has 240 seconds left.\n|c|\u2606Syph0n_78|Indeed\n|c|\u2606Syph0n_78|But theres 4 grass types\n|c|\u2606shiftygatito|uhh whatvere i guess\n|c|\u2606Syph0n_78|I went by the rules stated\n|\n|t:|1698169292\n|start\n|switch|p1a: Hawlucha|Hawlucha, F|100\/100\n|switch|p1b: Gliscor|Gliscor, M|100\/100\n|switch|p2a: Tyranitar|Tyranitar, F|100\/100\n|switch|p2b: Ogerpon|Ogerpon-Cornerstone, F|100\/100\n|-weather|Sandstorm|[from] ability: Sand Stream|[of] p2a: Tyranitar\n|turn|1\n|c|\u2606Syph0n_78|If everyone benefits from the sun\n|c|\u2606Syph0n_78|I can use it\n|\n|t:|1698169309\n|move|p2a: Tyranitar|Protect|p2a: Tyranitar\n|-singleturn|p2a: Tyranitar|Protect\n|move|p2b: Ogerpon|Play Rough|p1a: Hawlucha|[miss]\n|-miss|p2b: Ogerpon|p1a: Hawlucha\n|move|p1a: Hawlucha|Close Combat|p2b: Ogerpon\n|-supereffective|p2b: Ogerpon\n|-ability|p2b: Ogerpon|Sturdy\n|-damage|p2b: Ogerpon|1\/100\n|-unboost|p1a: Hawlucha|def|1\n|-unboost|p1a: Hawlucha|spd|1\n|move|p1b: Gliscor|Earthquake|p2a: Tyranitar|[spread] p2b\n|-activate|p2a: Tyranitar|move: Protect\n|-immune|p1a: Hawlucha\n|-damage|p2b: Ogerpon|0 fnt\n|faint|p2b: Ogerpon\n|\n|-weather|Sandstorm|[upkeep]\n|-damage|p1a: Hawlucha|94\/100|[from] Sandstorm\n|-status|p1b: Gliscor|tox|[from] item: Toxic Orb\n|upkeep\n|c|\u2606Syph0n_78|Im so lucky\n|inactive|Syph0n_78 has 270 seconds left.\n|c|\u2606shiftygatito|lol sorry\n|\n|t:|1698169341\n|switch|p2b: Excadrill|Excadrill, F, shiny|100\/100\n|turn|2\n|c|\u2606shiftygatito|it wouldnt kill anyway\n|inactive|Syph0n_78 has 270 seconds left.\n|\n|t:|1698169360\n|switch|p1a: Scizor|Scizor, M|100\/100\n|switch|p2a: Cradily|Cradily, M|100\/100\n|-terastallize|p2b: Excadrill|Ground\n|move|p1b: Gliscor|Protect|p1b: Gliscor\n|-singleturn|p1b: Gliscor|Protect\n|move|p2b: Excadrill|Rock Slide|p1b: Gliscor|[spread] \n|-activate|p1b: Gliscor|move: Protect\n|-miss|p2b: Excadrill|p1a: Scizor\n|\n|-weather|Sandstorm|[upkeep]\n|upkeep\n|turn|3\n|c|\u2606Syph0n_78|Dude.\n|c|\u2606Syph0n_78|Fr?\n|inactive|Syph0n_78 has 270 seconds left.\n|\n|t:|1698169389\n|detailschange|p1a: Scizor|Scizor-Mega, M\n|-mega|p1a: Scizor|Scizor|Scizorite\n|move|p2b: Excadrill|Swords Dance|p2b: Excadrill\n|-boost|p2b: Excadrill|atk|2\n|move|p1a: Scizor|Swords Dance|p1a: Scizor\n|-boost|p1a: Scizor|atk|2\n|move|p1b: Gliscor|Toxic|p2a: Cradily\n|-status|p2a: Cradily|tox\n|move|p2a: Cradily|Leech Seed|p1b: Gliscor\n|-start|p1b: Gliscor|move: Leech Seed\n|\n|-weather|Sandstorm|[upkeep]\n|-damage|p1b: Gliscor|88\/100 tox|[from] Leech Seed|[of] p2a: Cradily\n|-heal|p1b: Gliscor|100\/100 tox|[from] ability: Poison Heal\n|-damage|p2a: Cradily|94\/100 tox|[from] psn\n|upkeep\n|turn|4\n|\n|t:|1698169414\n|move|p1a: Scizor|Bullet Punch|p2b: Excadrill\n|-enditem|p2b: Excadrill|Focus Sash\n|-damage|p2b: Excadrill|1\/100\n|move|p2b: Excadrill|High Horsepower|p1a: Scizor\n|-damage|p1a: Scizor|0 fnt\n|faint|p1a: Scizor\n|move|p1b: Gliscor|U-turn|p2b: Excadrill\n|-damage|p2b: Excadrill|0 fnt\n|faint|p2b: Excadrill\n|\n|t:|1698169421\n|switch|p1b: Tapu Koko|Tapu Koko|100\/100|[from] U-turn\n|-fieldstart|move: Electric Terrain|[from] ability: Electric Surge|[of] p1b: Tapu Koko\n|move|p2a: Cradily|Power Whip|p1b: Tapu Koko\n|-crit|p1b: Tapu Koko\n|-damage|p1b: Tapu Koko|39\/100\n|\n|-weather|Sandstorm|[upkeep]\n|-damage|p1b: Tapu Koko|32\/100|[from] Sandstorm\n|-heal|p2a: Cradily|100\/100 tox|[from] item: Leftovers\n|-damage|p2a: Cradily|88\/100 tox|[from] psn\n|upkeep\n|\n|t:|1698169440\n|switch|p2b: Torterra|Torterra, F|100\/100\n|switch|p1a: Iron Valiant|Iron Valiant|100\/100\n|-activate|p1a: Iron Valiant|ability: Quark Drive\n|-start|p1a: Iron Valiant|quarkdrivespe\n|turn|5\n|inactive|Syph0n_78 has 270 seconds left.\n|\n|t:|1698169471\n|move|p2b: Torterra|Protect|p2b: Torterra\n|-singleturn|p2b: Torterra|Protect\n|move|p1a: Iron Valiant|Moonblast|p2b: Torterra\n|-activate|p2b: Torterra|move: Protect\n|move|p1b: Tapu Koko|Reflect|p1b: Tapu Koko\n|-sidestart|p1: shiftygatito|Reflect\n|move|p2a: Cradily|Rock Slide|p1a: Iron Valiant|[spread] p1a,p1b\n|-resisted|p1a: Iron Valiant\n|-damage|p1a: Iron Valiant|94\/100\n|-damage|p1b: Tapu Koko|21\/100\n|\n|-weather|none\n|-heal|p2a: Cradily|94\/100 tox|[from] item: Leftovers\n|-damage|p2a: Cradily|76\/100 tox|[from] psn\n|upkeep\n|turn|6\n|inactive|Syph0n_78 has 270 seconds left.\n|\n|t:|1698169498\n|switch|p2a: Ferrothorn|Ferrothorn, F|100\/100\n|move|p1a: Iron Valiant|Aura Sphere|p2b: Torterra\n|-damage|p2b: Torterra|45\/100\n|-damage|p1a: Iron Valiant|84\/100|[from] item: Life Orb\n|move|p1b: Tapu Koko|Dazzling Gleam|p2b: Torterra|[spread] p2a,p2b\n|-resisted|p2a: Ferrothorn\n|-damage|p2a: Ferrothorn|93\/100\n|-damage|p2b: Torterra|23\/100\n|-enditem|p2b: Torterra|Iapapa Berry|[eat]\n|-heal|p2b: Torterra|56\/100|[from] item: Iapapa Berry\n|move|p2b: Torterra|Shell Smash|p2b: Torterra\n|-unboost|p2b: Torterra|def|1\n|-unboost|p2b: Torterra|spd|1\n|-boost|p2b: Torterra|atk|2\n|-boost|p2b: Torterra|spa|2\n|-boost|p2b: Torterra|spe|2\n|\n|-heal|p2a: Ferrothorn|99\/100|[from] item: Leftovers\n|upkeep\n|turn|7\n|inactive|Syph0n_78 has 270 seconds left.\n|\n|t:|1698169531\n|move|p2b: Torterra|Protect|p2b: Torterra\n|-singleturn|p2b: Torterra|Protect\n|move|p1a: Iron Valiant|Moonblast|p2b: Torterra\n|-activate|p2b: Torterra|move: Protect\n|move|p1b: Tapu Koko|Thunderbolt|p2a: Ferrothorn\n|-resisted|p2a: Ferrothorn\n|-damage|p2a: Ferrothorn|83\/100\n|move|p2a: Ferrothorn|Gyro Ball|p1a: Iron Valiant\n|-supereffective|p1a: Iron Valiant\n|-damage|p1a: Iron Valiant|0 fnt\n|faint|p1a: Iron Valiant\n|-end|p1a: Iron Valiant|Quark Drive|[silent]\n|\n|-heal|p2a: Ferrothorn|89\/100|[from] item: Leftovers\n|upkeep\n|\n|t:|1698169539\n|switch|p1a: Iron Moth|Iron Moth|100\/100\n|-activate|p1a: Iron Moth|ability: Quark Drive\n|-start|p1a: Iron Moth|quarkdrivespe\n|turn|8\n|inactive|Syph0n_78 has 270 seconds left.\n|\n|t:|1698169566\n|switch|p2b: Tyranitar|Tyranitar, F|100\/100\n|-weather|Sandstorm|[from] ability: Sand Stream|[of] p2b: Tyranitar\n|move|p1a: Iron Moth|Heat Wave|p2b: Tyranitar|[spread] p2a,p2b\n|-supereffective|p2a: Ferrothorn\n|-resisted|p2b: Tyranitar\n|-damage|p2a: Ferrothorn|0 fnt\n|-damage|p2b: Tyranitar|90\/100\n|faint|p2a: Ferrothorn\n|move|p1b: Tapu Koko|Dazzling Gleam|p2b: Tyranitar\n|-supereffective|p2b: Tyranitar\n|-damage|p2b: Tyranitar|60\/100\n|\n|-weather|Sandstorm|[upkeep]\n|-damage|p1a: Iron Moth|94\/100|[from] Sandstorm\n|-damage|p1b: Tapu Koko|15\/100|[from] Sandstorm\n|upkeep\n|inactive|Syph0n_78 has 270 seconds left.\n|\n|t:|1698169584\n|switch|p2a: Cradily|Cradily, M|76\/100 tox\n|turn|9\n|\n|t:|1698169608\n|detailschange|p2b: Tyranitar|Tyranitar-Mega, F\n|-mega|p2b: Tyranitar|Tyranitar|Tyranitarite\n|move|p1a: Iron Moth|Energy Ball|p2b: Tyranitar\n|-supereffective|p2b: Tyranitar\n|-damage|p2b: Tyranitar|31\/100\n|move|p1b: Tapu Koko|Dazzling Gleam|p2a: Cradily|[spread] p2a,p2b\n|-supereffective|p2b: Tyranitar\n|-damage|p2a: Cradily|67\/100 tox\n|-damage|p2b: Tyranitar|12\/100\n|move|p2b: Tyranitar|Rock Slide|p1a: Iron Moth|[spread] p1a,p1b\n|-supereffective|p1a: Iron Moth\n|-damage|p1a: Iron Moth|12\/100\n|-damage|p1b: Tapu Koko|0 fnt\n|faint|p1b: Tapu Koko\n|move|p2a: Cradily|Leech Seed|p1a: Iron Moth\n|-start|p1a: Iron Moth|move: Leech Seed\n|\n|-weather|Sandstorm|[upkeep]\n|-damage|p1a: Iron Moth|6\/100|[from] Sandstorm\n|-heal|p2a: Cradily|73\/100 tox|[from] item: Leftovers\n|-damage|p1a: Iron Moth|0 fnt|[from] Leech Seed|[of] p2a: Cradily\n|-heal|p2a: Cradily|78\/100 tox|[silent]\n|faint|p1a: Iron Moth\n|-end|p1a: Iron Moth|Quark Drive|[silent]\n|-damage|p2a: Cradily|72\/100 tox|[from] psn\n|-sideend|p1: shiftygatito|Reflect\n|upkeep\n|\n|t:|1698169612\n|switch|p1b: Hawlucha|Hawlucha, F|94\/100\n|switch|p1a: Gliscor|Gliscor, M|100\/100 tox\n|-enditem|p1b: Hawlucha|Electric Seed\n|-boost|p1b: Hawlucha|def|1|[from] item: Electric Seed\n|turn|10\n|inactive|Syph0n_78 has 270 seconds left.\n|inactive|Syph0n_78 has 240 seconds left.\n|\n|t:|1698169677\n|move|p2b: Tyranitar|Protect|p2b: Tyranitar\n|-singleturn|p2b: Tyranitar|Protect\n|move|p1b: Hawlucha|Close Combat|p2a: Cradily\n|-supereffective|p2a: Cradily\n|-damage|p2a: Cradily|0 fnt\n|-unboost|p1b: Hawlucha|def|1\n|-unboost|p1b: Hawlucha|spd|1\n|faint|p2a: Cradily\n|move|p1a: Gliscor|Earthquake|p2b: Tyranitar|[spread] \n|-activate|p2b: Tyranitar|move: Protect\n|-immune|p1b: Hawlucha\n|\n|-weather|Sandstorm|[upkeep]\n|-damage|p1b: Hawlucha|88\/100|[from] Sandstorm\n|upkeep\n|inactive|Syph0n_78 has 240 seconds left.\n|\n|t:|1698169692\n|switch|p2a: Torterra|Torterra, F|56\/100\n|turn|11\n|\n|t:|1698169703\n|move|p1b: Hawlucha|Acrobatics|p2a: Torterra\n|-supereffective|p2a: Torterra\n|-damage|p2a: Torterra|0 fnt\n|faint|p2a: Torterra\n|move|p1a: Gliscor|Earthquake|p2b: Tyranitar|[spread] p2b\n|-immune|p1b: Hawlucha\n|-supereffective|p2b: Tyranitar\n|-damage|p2b: Tyranitar|0 fnt\n|faint|p2b: Tyranitar\n|\n|win|shiftygatito\n|c|\u2606Syph0n_78|Gg!\n|c|\u2606shiftygatito|gg\n|c|\u2606shiftygatito|well played\n|c|\u2606Syph0n_78|I was so unfortunate at the start\n|c|\u2606Syph0n_78|I missed rock slide and play rough\n|c|\u2606Syph0n_78|Ggs tho, well played\n|c|\u2606Syph0n_78|Your team heavily counters mine\n","uploadtime":1698169761,"views":10,"p1id":"shiftygatito","p2id":"syph0n78","formatid":"gen9nationaldexdoubles","rating":0,"private":0,"password":""}