{"id":"gen9nationaldexdoubles-1996057164","p1":"gfsn\u7535\u68cd\u5973\u513f\u7c73\u8bfa","p2":"Elite Four Waluigi","format":"[Gen 9] National Dex Doubles","log":"|j|\u2606gfsn\u7535\u68cd\u5973\u513f\u7c73\u8bfa\n|j|\u2606Elite Four Waluigi\n|t:|1700636800\n|gametype|doubles\n|player|p1|gfsn\u7535\u68cd\u5973\u513f\u7c73\u8bfa|rosa|1290\n|player|p2|Elite Four Waluigi|1|1270\n|teamsize|p1|6\n|teamsize|p2|6\n|gen|9\n|tier|[Gen 9] National Dex Doubles\n|rated|\n|rule|HP Percentage Mod: HP is shown in percentages\n|rule|Endless Battle Clause: Forcing endless battles is banned\n|rule|OHKO Clause: OHKO moves are banned\n|rule|Evasion Moves Clause: Evasion moves are banned\n|rule|Evasion Abilities Clause: Evasion abilities are banned\n|rule|Species Clause: Limit one of each Pok\u00e9mon\n|rule|Gravity Sleep Clause: The combination of sleep-inducing moves with imperfect accuracy and Gravity or Gigantamax Orbeetle are banned\n|clearpoke\n|poke|p1|Landorus, M|\n|poke|p1|Volcarona, F|\n|poke|p1|Baxcalibur, F|\n|poke|p1|Weezing, F|\n|poke|p1|Iron Bundle|\n|poke|p1|Farigiraf, F|\n|poke|p2|Rhyperior, F|\n|poke|p2|Torkoal, M|\n|poke|p2|Cresselia, F|\n|poke|p2|Iron Hands|\n|poke|p2|Incineroar, M|\n|poke|p2|Scream Tail|\n|teampreview\n|inactive|Battle timer is ON: inactive players will automatically lose when time's up. (requested by gfsn\u7535\u68cd\u5973\u513f\u7c73\u8bfa)\n|\n|t:|1700636808\n|start\n|switch|p1a: Weezing|Weezing, F, shiny|100\/100\n|switch|p1b: Baxcalibur|Baxcalibur, F, shiny|100\/100\n|switch|p2a: Incineroar|Incineroar, M|100\/100\n|switch|p2b: Cresselia|Cresselia, F|100\/100\n|-ability|p1a: Weezing|Neutralizing Gas\n|turn|1\n|\n|t:|1700636827\n|-terastallize|p1b: Baxcalibur|Ground\n|move|p2a: Incineroar|Fake Out|p1b: Baxcalibur\n|-damage|p1b: Baxcalibur|89\/100\n|cant|p1b: Baxcalibur|flinch\n|move|p1a: Weezing|Toxic Spikes|p2b: Cresselia\n|-sidestart|p2: Elite Four Waluigi|move: Toxic Spikes\n|move|p2b: Cresselia|Trick Room|p2b: Cresselia\n|-fieldstart|move: Trick Room|[of] p2b: Cresselia\n|\n|upkeep\n|turn|2\n|inactive|Elite Four Waluigi has 120 seconds left.\n|\n|t:|1700636863\n|move|p2a: Incineroar|Darkest Lariat|p1b: Baxcalibur\n|-damage|p1b: Baxcalibur|53\/100\n|move|p1a: Weezing|Toxic Spikes|p2a: Incineroar\n|-sidestart|p2: Elite Four Waluigi|move: Toxic Spikes\n|move|p2b: Cresselia|Calm Mind|p2b: Cresselia\n|-boost|p2b: Cresselia|spa|1\n|-boost|p2b: Cresselia|spd|1\n|move|p1b: Baxcalibur|High Horsepower|p2a: Incineroar\n|-supereffective|p2a: Incineroar\n|-damage|p2a: Incineroar|18\/100\n|\n|-heal|p2a: Incineroar|24\/100|[from] item: Leftovers\n|upkeep\n|turn|3\n|\n|t:|1700636885\n|move|p2a: Incineroar|Flare Blitz|p1b: Baxcalibur\n|-damage|p1b: Baxcalibur|0 fnt\n|faint|p1b: Baxcalibur\n|-damage|p2a: Incineroar|8\/100|[from] Recoil\n|move|p1a: Weezing|Will-O-Wisp|p2b: Cresselia\n|-status|p2b: Cresselia|brn\n|move|p2b: Cresselia|Lunar Blessing|p2b: Cresselia|[spread] p2a,p2b\n|-heal|p2a: Incineroar|32\/100\n|-curestatus|p2b: Cresselia|brn|[msg]\n|\n|-heal|p2a: Incineroar|39\/100|[from] item: Leftovers\n|upkeep\n|inactive|gfsn\u7535\u68cd\u5973\u513f\u7c73\u8bfa has 120 seconds left.\n|\n|t:|1700636906\n|switch|p1b: 770|Farigiraf, F, shiny|100\/100\n|turn|4\n|\n|t:|1700636918\n|move|p1b: 770|Ally Switch|p1b: 770\n|swap|p1b: 770|0|[from] move: Ally Switch\n|move|p2a: Incineroar|Flare Blitz|p1a: 770\n|-damage|p1a: 770|65\/100\n|-damage|p2a: Incineroar|25\/100|[from] Recoil\n|move|p1b: Weezing|Gunk Shot|p2a: Incineroar\n|-damage|p2a: Incineroar|0 fnt\n|faint|p2a: Incineroar\n|move|p2b: Cresselia|Thunderbolt|p1a: 770\n|-damage|p1a: 770|34\/100\n|\n|-heal|p1a: 770|40\/100|[from] item: Leftovers\n|upkeep\n|\n|t:|1700636931\n|switch|p2a: Torkoal|Torkoal, M|100\/100\n|-status|p2a: Torkoal|tox\n|turn|5\n|\n|t:|1700636954\n|move|p1a: 770|Protect||[still]\n|-fail|p1a: 770\n|move|p2a: Torkoal|Eruption|p1b: Weezing|[spread] p1a,p1b\n|-damage|p1a: 770|0 fnt\n|-damage|p1b: Weezing|56\/100\n|faint|p1a: 770\n|move|p1b: Weezing|Gunk Shot|p2a: Torkoal\n|-damage|p2a: Torkoal|63\/100 tox\n|move|p2b: Cresselia|Calm Mind|p2b: Cresselia\n|-boost|p2b: Cresselia|spa|1\n|-boost|p2b: Cresselia|spd|1\n|\n|-heal|p1b: Weezing|62\/100|[from] item: Leftovers\n|-damage|p2a: Torkoal|57\/100 tox|[from] psn\n|-fieldend|move: Trick Room\n|upkeep\n|inactive|gfsn\u7535\u68cd\u5973\u513f\u7c73\u8bfa has 120 seconds left.\n|\n|t:|1700636980\n|switch|p1a: Volcarona|Volcarona, F|100\/100\n|turn|6\n|\n|t:|1700636991\n|move|p2a: Torkoal|Protect|p2a: Torkoal\n|-singleturn|p2a: Torkoal|Protect\n|-zpower|p1a: Volcarona\n|move|p1a: Volcarona|Savage Spin-Out|p2b: Cresselia|[zeffect]\n|-supereffective|p2b: Cresselia\n|-damage|p2b: Cresselia|39\/100\n|move|p1b: Weezing|Gunk Shot|p2b: Cresselia\n|-damage|p2b: Cresselia|14\/100\n|move|p2b: Cresselia|Trick Room|p2b: Cresselia\n|-fieldstart|move: Trick Room|[of] p2b: Cresselia\n|\n|-heal|p1b: Weezing|68\/100|[from] item: Leftovers\n|-heal|p2b: Cresselia|20\/100|[from] item: Leftovers\n|-damage|p2a: Torkoal|45\/100 tox|[from] psn\n|upkeep\n|turn|7\n|\n|t:|1700637021\n|move|p2a: Torkoal|Eruption|p1b: Weezing|[spread] p1a,p1b\n|-damage|p1a: Volcarona|83\/100\n|-damage|p1b: Weezing|48\/100\n|move|p1b: Weezing|Gunk Shot|p2b: Cresselia\n|-crit|p2b: Cresselia\n|-damage|p2b: Cresselia|0 fnt\n|faint|p2b: Cresselia\n|move|p1a: Volcarona|Bug Buzz|p2a: Torkoal\n|-resisted|p2a: Torkoal\n|-damage|p2a: Torkoal|15\/100 tox\n|-unboost|p2a: Torkoal|spd|1\n|\n|-heal|p1b: Weezing|54\/100|[from] item: Leftovers\n|-damage|p2a: Torkoal|0 fnt|[from] psn\n|faint|p2a: Torkoal\n|upkeep\n|inactive|Elite Four Waluigi has 120 seconds left.\n|\n|t:|1700637046\n|switch|p2a: Rhyperior|Rhyperior, F|100\/100\n|switch|p2b: Iron Hands|Iron Hands|100\/100\n|-status|p2a: Rhyperior|tox\n|-status|p2b: Iron Hands|tox\n|turn|8\n|inactive|Elite Four Waluigi has 120 seconds left.\n|\n|t:|1700637074\n|move|p1b: Weezing|Protect|p1b: Weezing\n|-singleturn|p1b: Weezing|Protect\n|move|p2b: Iron Hands|Fake Out|p1a: Volcarona\n|-damage|p1a: Volcarona|61\/100\n|move|p2a: Rhyperior|High Horsepower|p1b: Weezing\n|-activate|p1b: Weezing|move: Protect\n|cant|p1a: Volcarona|flinch\n|\n|-heal|p1b: Weezing|60\/100|[from] item: Leftovers\n|-damage|p2a: Rhyperior|94\/100 tox|[from] psn\n|-damage|p2b: Iron Hands|94\/100 tox|[from] psn\n|upkeep\n|turn|9\n|\n|t:|1700637102\n|-end|p1b: Weezing|ability: Neutralizing Gas\n|switch|p1b: Landorus|Landorus, M|100\/100\n|move|p2a: Rhyperior|High Horsepower|p1b: Landorus\n|-immune|p1b: Landorus\n|move|p2b: Iron Hands|Wild Charge|p1a: Volcarona\n|-damage|p1a: Volcarona|0 fnt\n|faint|p1a: Volcarona\n|-damage|p2b: Iron Hands|82\/100 tox|[from] Recoil\n|\n|-damage|p2a: Rhyperior|82\/100 tox|[from] psn\n|-damage|p2b: Iron Hands|69\/100 tox|[from] psn\n|upkeep\n|inactive|gfsn\u7535\u68cd\u5973\u513f\u7c73\u8bfa has 120 seconds left.\n|\n|t:|1700637137\n|switch|p1a: Weezing|Weezing, F, shiny|60\/100\n|-ability|p1a: Weezing|Neutralizing Gas\n|turn|10\n|inactive|gfsn\u7535\u68cd\u5973\u513f\u7c73\u8bfa has 120 seconds left.\n|\n|t:|1700637152\n|move|p1a: Weezing|Protect|p1a: Weezing\n|-singleturn|p1a: Weezing|Protect\n|move|p1b: Landorus|Protect|p1b: Landorus\n|-singleturn|p1b: Landorus|Protect\n|move|p2a: Rhyperior|High Horsepower|p1a: Weezing\n|-activate|p1a: Weezing|move: Protect\n|move|p2b: Iron Hands|Heavy Slam|p1b: Landorus\n|-activate|p1b: Landorus|move: Protect\n|\n|-heal|p1a: Weezing|66\/100|[from] item: Leftovers\n|-damage|p2a: Rhyperior|64\/100 tox|[from] psn\n|-damage|p2b: Iron Hands|51\/100 tox|[from] psn\n|-fieldend|move: Trick Room\n|upkeep\n|turn|11\n|inactive|gfsn\u7535\u68cd\u5973\u513f\u7c73\u8bfa has 120 seconds left.\n|\n|t:|1700637175\n|-end|p1a: Weezing|ability: Neutralizing Gas\n|switch|p1a: Iron Bundle|Iron Bundle, shiny|100\/100\n|-enditem|p1a: Iron Bundle|Booster Energy\n|-activate|p1a: Iron Bundle|ability: Quark Drive|[fromitem]\n|-start|p1a: Iron Bundle|quarkdrivespe\n|move|p1b: Landorus|Gravity|p1b: Landorus\n|-fieldstart|move: Gravity\n|move|p2b: Iron Hands|Heavy Slam|p1b: Landorus\n|-damage|p1b: Landorus|44\/100\n|move|p2a: Rhyperior|High Horsepower|p1a: Iron Bundle\n|-damage|p1a: Iron Bundle|32\/100\n|\n|-damage|p2b: Iron Hands|26\/100 tox|[from] psn\n|-damage|p2a: Rhyperior|40\/100 tox|[from] psn\n|upkeep\n|turn|12\n|inactive|Elite Four Waluigi has 120 seconds left.\n|\n|t:|1700637208\n|move|p1a: Iron Bundle|Icy Wind|p2b: Iron Hands|[spread] p2a,p2b\n|-supereffective|p2a: Rhyperior\n|-damage|p2a: Rhyperior|12\/100 tox\n|-damage|p2b: Iron Hands|13\/100 tox\n|-unboost|p2a: Rhyperior|spe|1\n|-unboost|p2b: Iron Hands|spe|1\n|move|p1b: Landorus|Sandsear Storm|p2b: Iron Hands|[spread] p2a,p2b\n|-supereffective|p2a: Rhyperior\n|-supereffective|p2b: Iron Hands\n|-damage|p2a: Rhyperior|0 fnt\n|-damage|p2b: Iron Hands|0 fnt\n|faint|p2a: Rhyperior\n|faint|p2b: Iron Hands\n|-end|p2b: Iron Hands|Quark Drive|[silent]\n|\n|upkeep\n|inactive|Elite Four Waluigi has 120 seconds left.\n|-message|Elite Four Waluigi forfeited.\n|\n|win|gfsn\u7535\u68cd\u5973\u513f\u7c73\u8bfa\n|raw|gfsn\u7535\u68cd\u5973\u513f\u7c73\u8bfa's rating: 1290 &rarr; <strong>1314<\/strong><br \/>(+24 for winning)\n|raw|Elite Four Waluigi's rating: 1270 &rarr; <strong>1246<\/strong><br \/>(-24 for losing)\n|l|\u2606Elite Four Waluigi\n","uploadtime":1700637242,"views":0,"p1id":"gfsn","p2id":"elitefourwaluigi","formatid":"gen9nationaldexdoubles","rating":1246,"private":0,"password":""}