{"id":"gen9nationaldexdoubles-1958597025","p1":"El Ryuk456","p2":"JoeStepBrother","format":"[Gen 9] National Dex Doubles","log":"|j|\u2606El Ryuk456\n|j|\u2606JoeStepBrother\n|t:|1696343902\n|gametype|doubles\n|player|p1|El Ryuk456|blaine|1271\n|player|p2|JoeStepBrother|1|1337\n|teamsize|p1|6\n|teamsize|p2|6\n|gen|9\n|tier|[Gen 9] National Dex Doubles\n|rated|\n|rule|HP Percentage Mod: HP is shown in percentages\n|rule|Endless Battle Clause: Forcing endless battles is banned\n|rule|OHKO Clause: OHKO moves are banned\n|rule|Evasion Moves Clause: Evasion moves are banned\n|rule|Evasion Abilities Clause: Evasion abilities are banned\n|rule|Species Clause: Limit one of each Pok\u00e9mon\n|rule|Gravity Sleep Clause: The combination of sleep-inducing moves with imperfect accuracy and Gravity or Gigantamax Orbeetle are banned\n|clearpoke\n|poke|p1|Sableye, M|\n|poke|p1|Mandibuzz, F|\n|poke|p1|Kleavor, M|\n|poke|p1|Samurott-Hisui, M|\n|poke|p1|Armarouge, M|\n|poke|p1|Skeledirge, M|\n|poke|p2|Whimsicott, F|\n|poke|p2|Ninetales-Alola, F|\n|poke|p2|Marshadow|\n|poke|p2|Baxcalibur, F|\n|poke|p2|Tapu Fini|\n|poke|p2|Aggron, F|\n|teampreview\n|\n|t:|1696343921\n|start\n|switch|p1a: Wildfire|Armarouge, M|100\/100\n|switch|p1b: Rookie|Skeledirge, M|100\/100\n|switch|p2a: Ninetales|Ninetales-Alola, F|100\/100\n|switch|p2b: Whimsicott|Whimsicott, F|100\/100\n|-weather|Snow|[from] ability: Snow Warning|[of] p2a: Ninetales\n|turn|1\n|\n|t:|1696343937\n|move|p2b: Whimsicott|Taunt|p1a: Wildfire\n|-start|p1a: Wildfire|move: Taunt\n|move|p2a: Ninetales|Aurora Veil|p2a: Ninetales\n|-sidestart|p2: JoeStepBrother|move: Aurora Veil\n|move|p1b: Rookie|Torch Song|p2a: Ninetales\n|-supereffective|p2a: Ninetales\n|-damage|p2a: Ninetales|52\/100\n|-boost|p1b: Rookie|spa|1\n|cant|p1a: Wildfire|move: Taunt|Trick Room\n|\n|-weather|Snow|[upkeep]\n|upkeep\n|turn|2\n|\n|t:|1696343961\n|switch|p2a: Tapu Fini|Tapu Fini|100\/100\n|-fieldstart|move: Misty Terrain|[from] ability: Misty Surge|[of] p2a: Tapu Fini\n|move|p2b: Whimsicott|Knock Off|p1b: Rookie\n|-supereffective|p1b: Rookie\n|-damage|p1b: Rookie|75\/100\n|-enditem|p1b: Rookie|Sitrus Berry|[from] move: Knock Off|[of] p2b: Whimsicott\n|-zpower|p1a: Wildfire\n|move|p1a: Wildfire|Inferno Overdrive|p2a: Tapu Fini|[zeffect]\n|-resisted|p2a: Tapu Fini\n|-damage|p2a: Tapu Fini|78\/100\n|move|p1b: Rookie|Torch Song|p2b: Whimsicott\n|-supereffective|p2b: Whimsicott\n|-damage|p2b: Whimsicott|5\/100\n|-boost|p1b: Rookie|spa|1\n|\n|-weather|Snow|[upkeep]\n|-heal|p2a: Tapu Fini|84\/100|[from] item: Leftovers\n|upkeep\n|turn|3\n|\n|t:|1696343979\n|move|p2b: Whimsicott|Protect|p2b: Whimsicott\n|-singleturn|p2b: Whimsicott|Protect\n|move|p1a: Wildfire|Psyshock|p2a: Tapu Fini\n|-damage|p2a: Tapu Fini|62\/100\n|move|p2a: Tapu Fini|Surf|p1b: Rookie|[spread] p1a,p1b\n|-activate|p2b: Whimsicott|move: Protect\n|-supereffective|p1a: Wildfire\n|-supereffective|p1b: Rookie\n|-damage|p1a: Wildfire|46\/100\n|-damage|p1b: Rookie|17\/100\n|move|p1b: Rookie|Snarl|p2a: Tapu Fini|[spread] p2a\n|-activate|p2b: Whimsicott|move: Protect\n|-resisted|p2a: Tapu Fini\n|-damage|p2a: Tapu Fini|55\/100\n|-unboost|p2a: Tapu Fini|spa|1\n|\n|-weather|Snow|[upkeep]\n|-heal|p2a: Tapu Fini|62\/100|[from] item: Leftovers\n|-end|p1a: Wildfire|move: Taunt\n|upkeep\n|turn|4\n|\n|t:|1696343994\n|-terastallize|p1b: Rookie|Water\n|move|p1a: Wildfire|Wide Guard|p1a: Wildfire\n|-singleturn|p1a: Wildfire|Wide Guard\n|move|p2b: Whimsicott|Taunt|p1a: Wildfire\n|-start|p1a: Wildfire|move: Taunt\n|move|p2a: Tapu Fini|Surf|p1b: Rookie|[spread] p2b\n|-activate|p1a: Wildfire|move: Wide Guard\n|-activate|p1b: Rookie|move: Wide Guard\n|-resisted|p2b: Whimsicott\n|-damage|p2b: Whimsicott|0 fnt\n|faint|p2b: Whimsicott\n|move|p1b: Rookie|Slack Off|p1b: Rookie\n|-heal|p1b: Rookie|67\/100\n|\n|-weather|Snow|[upkeep]\n|-heal|p2a: Tapu Fini|68\/100|[from] item: Leftovers\n|upkeep\n|\n|t:|1696344010\n|switch|p2b: Marshadow|Marshadow|100\/100\n|turn|5\n|inactive|Battle timer is ON: inactive players will automatically lose when time's up. (requested by El Ryuk456)\n|\n|t:|1696344036\n|switch|p2a: Ninetales|Ninetales-Alola, F|52\/100\n|move|p2b: Marshadow|Spectral Thief||[still]\n|-clearpositiveboost|p1b: Rookie|p2b: Marshadow|move: Spectral Thief\n|-boost|p2b: Marshadow|spa|2\n|-anim|p2b: Marshadow|Spectral Thief|p1b: Rookie\n|-damage|p1b: Rookie|31\/100\n|move|p1a: Wildfire|Psyshock|p2b: Marshadow\n|-supereffective|p2b: Marshadow\n|-crit|p2b: Marshadow\n|-damage|p2b: Marshadow|0 fnt\n|faint|p2b: Marshadow\n|move|p1b: Rookie|Snarl|p2a: Ninetales\n|-resisted|p2a: Ninetales\n|-damage|p2a: Ninetales|47\/100\n|-unboost|p2a: Ninetales|spa|1\n|\n|-weather|none\n|upkeep\n|\n|t:|1696344040\n|switch|p2b: Baxcalibur|Baxcalibur, F|100\/100\n|turn|6\n|\n|t:|1696344057\n|move|p2a: Ninetales|Dazzling Gleam|p1b: Rookie|[spread] p1a,p1b\n|-resisted|p1a: Wildfire\n|-damage|p1a: Wildfire|41\/100\n|-damage|p1b: Rookie|15\/100\n|move|p2b: Baxcalibur|Dragon Dance|p2b: Baxcalibur\n|-boost|p2b: Baxcalibur|atk|1\n|-boost|p2b: Baxcalibur|spe|1\n|move|p1a: Wildfire|Armor Cannon|p2a: Ninetales\n|-supereffective|p2a: Ninetales\n|-damage|p2a: Ninetales|0 fnt\n|-unboost|p1a: Wildfire|def|1\n|-unboost|p1a: Wildfire|spd|1\n|faint|p2a: Ninetales\n|move|p1b: Rookie|Slack Off|p1b: Rookie\n|-heal|p1b: Rookie|65\/100\n|\n|-fieldend|Misty Terrain\n|upkeep\n|\n|t:|1696344061\n|switch|p2a: Aggron|Aggron, F|100\/100\n|turn|7\n|\n|t:|1696344078\n|detailschange|p2a: Aggron|Aggron-Mega, F\n|-mega|p2a: Aggron|Aggron|Aggronite\n|move|p2b: Baxcalibur|Dragon Dance|p2b: Baxcalibur\n|-boost|p2b: Baxcalibur|atk|1\n|-boost|p2b: Baxcalibur|spe|1\n|move|p1a: Wildfire|Armor Cannon|p2a: Aggron\n|-supereffective|p2a: Aggron\n|-damage|p2a: Aggron|50\/100\n|-unboost|p1a: Wildfire|def|1\n|-unboost|p1a: Wildfire|spd|1\n|move|p1b: Rookie|Torch Song|p2a: Aggron\n|-supereffective|p2a: Aggron\n|-damage|p2a: Aggron|21\/100\n|-boost|p1b: Rookie|spa|1\n|move|p2a: Aggron|Roar|p1b: Rookie\n|drag|p1b: Bushii|Samurott-Hisui, M|100\/100\n|\n|-end|p1a: Wildfire|move: Taunt\n|upkeep\n|turn|8\n|\n|t:|1696344102\n|switch|p2a: Tapu Fini|Tapu Fini|68\/100\n|-fieldstart|move: Misty Terrain|[from] ability: Misty Surge|[of] p2a: Tapu Fini\n|move|p2b: Baxcalibur|Scale Shot|p1a: Wildfire\n|-damage|p1a: Wildfire|15\/100\n|-damage|p1a: Wildfire|0 fnt\n|faint|p1a: Wildfire\n|-hitcount|p1: Wildfire|2\n|-unboost|p2b: Baxcalibur|def|1\n|-boost|p2b: Baxcalibur|spe|1\n|move|p1b: Bushii|Sacred Sword|p2b: Baxcalibur\n|-supereffective|p2b: Baxcalibur\n|-damage|p2b: Baxcalibur|45\/100\n|\n|-heal|p2a: Tapu Fini|74\/100|[from] item: Leftovers\n|-sideend|p2: JoeStepBrother|move: Aurora Veil\n|upkeep\n|inactive|El Ryuk456 has 120 seconds left.\n|\n|t:|1696344118\n|switch|p1a: Dai|Mandibuzz, F|100\/100\n|turn|9\n|\n|t:|1696344136\n|-terastallize|p2b: Baxcalibur|Dragon\n|move|p2b: Baxcalibur|Scale Shot|p1b: Bushii\n|-damage|p1b: Bushii|77\/100\n|-damage|p1b: Bushii|56\/100\n|-damage|p1b: Bushii|33\/100\n|-damage|p1b: Bushii|12\/100\n|-damage|p1b: Bushii|0 fnt\n|faint|p1b: Bushii\n|-hitcount|p1: Bushii|5\n|-unboost|p2b: Baxcalibur|def|1\n|-boost|p2b: Baxcalibur|spe|1\n|move|p2a: Tapu Fini|Heal Pulse|p2b: Baxcalibur\n|-heal|p2b: Baxcalibur|95\/100\n|move|p1a: Dai|Whirlwind|p2b: Baxcalibur\n|drag|p2b: Aggron|Aggron-Mega, F|21\/100\n|\n|-heal|p2a: Tapu Fini|80\/100|[from] item: Leftovers\n|upkeep\n|\n|t:|1696344147\n|switch|p1b: Kaido|Kleavor, M|100\/100\n|turn|10\n|\n|t:|1696344156\n|move|p1a: Dai|Snarl|p2a: Tapu Fini|[spread] p2a,p2b\n|-resisted|p2a: Tapu Fini\n|-damage|p2a: Tapu Fini|76\/100\n|-damage|p2b: Aggron|13\/100\n|-unboost|p2a: Tapu Fini|spa|1\n|-unboost|p2b: Aggron|spa|1\n|move|p1b: Kaido|Stone Axe|p2a: Tapu Fini\n|-damage|p2a: Tapu Fini|28\/100\n|-sidestart|p2: JoeStepBrother|move: Stealth Rock\n|move|p2a: Tapu Fini|Heal Pulse|p2b: Aggron\n|-heal|p2b: Aggron|63\/100\n|move|p2b: Aggron|Iron Defense|p2b: Aggron\n|-boost|p2b: Aggron|def|2\n|\n|-heal|p2a: Tapu Fini|34\/100|[from] item: Leftovers\n|upkeep\n|turn|11\n|\n|t:|1696344183\n|move|p1b: Kaido|Stone Axe|p2a: Tapu Fini\n|-damage|p2a: Tapu Fini|0 fnt\n|faint|p2a: Tapu Fini\n|move|p2b: Aggron|Body Press|p1b: Kaido\n|-damage|p1b: Kaido|29\/100\n|move|p1a: Dai|Whirlwind|p2b: Aggron\n|drag|p2b: Baxcalibur|Baxcalibur, F, tera:Dragon|95\/100\n|-damage|p2b: Baxcalibur|82\/100|[from] Stealth Rock\n|\n|upkeep\n|\n|t:|1696344185\n|switch|p2a: Aggron|Aggron-Mega, F|63\/100\n|-damage|p2a: Aggron|57\/100|[from] Stealth Rock\n|turn|12\n|\n|t:|1696344197\n|move|p2b: Baxcalibur|Icicle Spear|p1a: Dai\n|-supereffective|p1a: Dai\n|-damage|p1a: Dai|76\/100\n|-supereffective|p1a: Dai\n|-damage|p1a: Dai|51\/100\n|-supereffective|p1a: Dai\n|-damage|p1a: Dai|27\/100\n|-supereffective|p1a: Dai\n|-damage|p1a: Dai|5\/100\n|-hitcount|p1a: Dai|4\n|move|p1a: Dai|Foul Play|p2b: Baxcalibur\n|-damage|p2b: Baxcalibur|28\/100\n|move|p1b: Kaido|Stone Axe|p2b: Baxcalibur|[miss]\n|-miss|p1b: Kaido|p2b: Baxcalibur\n|move|p2a: Aggron|Iron Defense|p2a: Aggron\n|-boost|p2a: Aggron|def|2\n|\n|-heal|p1a: Dai|11\/100|[from] item: Leftovers\n|-fieldend|Misty Terrain\n|upkeep\n|turn|13\n|\n|t:|1696344223\n|move|p2b: Baxcalibur|Iron Head|p1a: Dai\n|-damage|p1a: Dai|0 fnt\n|faint|p1a: Dai\n|move|p1b: Kaido|Stone Axe|p2b: Baxcalibur\n|-crit|p2b: Baxcalibur\n|-damage|p2b: Baxcalibur|0 fnt\n|faint|p2b: Baxcalibur\n|move|p2a: Aggron|Body Press|p1b: Kaido\n|-damage|p1b: Kaido|0 fnt\n|faint|p1b: Kaido\n|\n|upkeep\n|\n|t:|1696344227\n|switch|p1a: Yami|Sableye, M|100\/100\n|switch|p1b: Rookie|Skeledirge, M, tera:Water|65\/100\n|turn|14\n|\n|t:|1696344232\n|move|p1a: Yami|Will-O-Wisp|p2a: Aggron|[miss]\n|-miss|p1a: Yami|p2a: Aggron\n|move|p1b: Rookie|Torch Song|p2a: Aggron\n|-supereffective|p2a: Aggron\n|-damage|p2a: Aggron|12\/100\n|-boost|p1b: Rookie|spa|1\n|move|p2a: Aggron|Body Press|p1b: Rookie\n|-damage|p1b: Rookie|33\/100\n|\n|upkeep\n|turn|15\n|-message|JoeStepBrother forfeited.\n|\n|win|El Ryuk456\n|raw|El Ryuk456's rating: 1271 &rarr; <strong>1301<\/strong><br \/>(+30 for winning)\n|raw|JoeStepBrother's rating: 1337 &rarr; <strong>1313<\/strong><br \/>(-24 for losing)\n|l|\u2606JoeStepBrother\n","uploadtime":1696344245,"views":8,"p1id":"elryuk456","p2id":"joestepbrother","formatid":"gen9nationaldexdoubles","rating":1301,"private":0,"password":""}