{"id":"gen9nationaldexdoubles-1958469070","p1":"woshihaiwang55555","p2":"liu641","format":"[Gen 9] National Dex Doubles","log":"|j|\u2606woshihaiwang55555\n|j|\u2606liu641\n|t:|1696332254\n|gametype|doubles\n|player|p1|woshihaiwang55555|veteranf|\n|player|p2|liu641|cyrus|\n|teamsize|p1|6\n|teamsize|p2|6\n|gen|9\n|tier|[Gen 9] National Dex Doubles\n|rule|HP Percentage Mod: HP is shown in percentages\n|rule|Endless Battle Clause: Forcing endless battles is banned\n|rule|OHKO Clause: OHKO moves are banned\n|rule|Evasion Moves Clause: Evasion moves are banned\n|rule|Evasion Abilities Clause: Evasion abilities are banned\n|rule|Species Clause: Limit one of each Pok\u00e9mon\n|rule|Gravity Sleep Clause: The combination of sleep-inducing moves with imperfect accuracy and Gravity or Gigantamax Orbeetle are banned\n|clearpoke\n|poke|p1|Cramorant, M|\n|poke|p1|Wishiwashi, M|\n|poke|p1|Manaphy|\n|poke|p1|Amoonguss, M|\n|poke|p1|Slowking, M|\n|poke|p1|Swampert, M|\n|poke|p2|Ninetales-Alola, F|\n|poke|p2|Sandslash-Alola, M|\n|poke|p2|Delibird, F|\n|poke|p2|Abomasnow, M|\n|poke|p2|Glaceon, F|\n|poke|p2|Grimmsnarl, M|\n|teampreview\n|j| jiangchengzi\n|\n|t:|1696332263\n|start\n|switch|p1a: Amoonguss|Amoonguss, M|100\/100\n|switch|p1b: Manaphy|Manaphy|100\/100\n|switch|p2a: \u6bdb\u8338\u8338\u7684\u6b66\u7814|Ninetales-Alola, F|100\/100\n|switch|p2b: \u901f\u51bb\u5730\u9f20|Sandslash-Alola, M|100\/100\n|-weather|Snow|[from] ability: Snow Warning|[of] p2a: \u6bdb\u8338\u8338\u7684\u6b66\u7814\n|turn|1\n|l|\u2606liu641\n|player|p2|\n|j|\u2606liu641\n|player|p2|liu641|cyrus\n|\n|t:|1696332353\n|-terastallize|p1a: Amoonguss|Water\n|move|p1a: Amoonguss|Rage Powder|p1a: Amoonguss\n|-singleturn|p1a: Amoonguss|move: Rage Powder\n|-zpower|p2b: \u901f\u51bb\u5730\u9f20\n|move|p2b: \u901f\u51bb\u5730\u9f20|Subzero Slammer|p1a: Amoonguss|[zeffect]\n|-resisted|p1a: Amoonguss\n|-damage|p1a: Amoonguss|72\/100\n|move|p2a: \u6bdb\u8338\u8338\u7684\u6b66\u7814|Aurora Veil|p2a: \u6bdb\u8338\u8338\u7684\u6b66\u7814\n|-sidestart|p2: liu641|move: Aurora Veil\n|move|p1b: Manaphy|Tail Glow|p1b: Manaphy\n|-boost|p1b: Manaphy|spa|3\n|\n|-weather|Snow|[upkeep]\n|-damage|p1a: Amoonguss|59\/100|[from] item: Black Sludge\n|upkeep\n|turn|2\n|\n|t:|1696332389\n|switch|p2b: \u54c8\u5947\u5e93|Abomasnow, M|100\/100\n|move|p1a: Amoonguss|Rage Powder|p1a: Amoonguss\n|-singleturn|p1a: Amoonguss|move: Rage Powder\n|move|p2a: \u6bdb\u8338\u8338\u7684\u6b66\u7814|Freeze-Dry|p1a: Amoonguss\n|-supereffective|p1a: Amoonguss\n|-damage|p1a: Amoonguss|14\/100\n|move|p1b: Manaphy|Tail Glow|p1b: Manaphy\n|-boost|p1b: Manaphy|spa|3\n|\n|-weather|Snow|[upkeep]\n|-damage|p1a: Amoonguss|2\/100|[from] item: Black Sludge\n|upkeep\n|turn|3\n|\n|t:|1696332411\n|detailschange|p2b: \u54c8\u5947\u5e93|Abomasnow-Mega, M\n|-mega|p2b: \u54c8\u5947\u5e93|Abomasnow|Abomasite\n|move|p1a: Amoonguss|Rage Powder|p1a: Amoonguss\n|-singleturn|p1a: Amoonguss|move: Rage Powder\n|move|p2b: \u54c8\u5947\u5e93|Ice Shard|p1a: Amoonguss\n|-resisted|p1a: Amoonguss\n|-damage|p1a: Amoonguss|0 fnt\n|faint|p1a: Amoonguss\n|move|p2a: \u6bdb\u8338\u8338\u7684\u6b66\u7814|Freeze-Dry|p1b: Manaphy\n|-supereffective|p1b: Manaphy\n|-crit|p1b: Manaphy\n|-damage|p1b: Manaphy|37\/100\n|move|p1b: Manaphy|Baton Pass|p1b: Manaphy\n|\n|t:|1696332434\n|switch|p1b: Cramorant|Cramorant, M|100\/100|[from] Baton Pass\n|\n|-weather|Snow|[upkeep]\n|upkeep\n|\n|t:|1696332451\n|switch|p1a: Slowking|Slowking, M|100\/100\n|turn|4\n|\n|t:|1696332475\n|switch|p2b: \u575a\u5982\u78d0\u77f3|Grimmsnarl, M|100\/100\n|move|p1a: Slowking|Helping Hand|p1b: Cramorant\n|-singleturn|p1b: Cramorant|Helping Hand|[of] p1a: Slowking\n|move|p1b: Cramorant|Surf|p2a: \u6bdb\u8338\u8338\u7684\u6b66\u7814|[spread] p1a,p2a,p2b\n|-formechange|p1b: Cramorant|Cramorant-Gulping|\n|-resisted|p1a: Slowking\n|-damage|p1a: Slowking|40\/100\n|-damage|p2a: \u6bdb\u8338\u8338\u7684\u6b66\u7814|0 fnt\n|-damage|p2b: \u575a\u5982\u78d0\u77f3|20\/100\n|faint|p2a: \u6bdb\u8338\u8338\u7684\u6b66\u7814\n|\n|-weather|Snow|[upkeep]\n|upkeep\n|\n|t:|1696332500\n|switch|p2a: \ud83d\udc35\u747e\u7462|Glaceon, F|100\/100\n|turn|5\n|\n|t:|1696332519\n|move|p2b: \u575a\u5982\u78d0\u77f3|Fake Out|p1b: Cramorant\n|-crit|p1b: Cramorant\n|-damage|p1b: Cramorant|67\/100\n|-damage|p2b: \u575a\u5982\u78d0\u77f3|0 fnt|[from] ability: Gulp Missile|[of] p1b: Cramorant\n|-formechange|p1b: Cramorant|Cramorant|\n|faint|p2b: \u575a\u5982\u78d0\u77f3\n|cant|p1b: Cramorant|flinch\n|move|p2a: \ud83d\udc35\u747e\u7462|Freeze-Dry|p1b: Cramorant\n|-supereffective|p1b: Cramorant\n|-crit|p1b: Cramorant\n|-damage|p1b: Cramorant|0 fnt\n|faint|p1b: Cramorant\n|move|p1a: Slowking|Rain Dance|p1a: Slowking\n|-weather|RainDance\n|\n|-weather|RainDance|[upkeep]\n|-sideend|p2: liu641|move: Aurora Veil\n|upkeep\n|\n|t:|1696332537\n|switch|p1b: Swampert|Swampert, M|100\/100\n|switch|p2b: \u54c8\u5947\u5e93|Abomasnow-Mega, M|100\/100\n|-weather|Snow|[from] ability: Snow Warning|[of] p2b: \u54c8\u5947\u5e93\n|turn|6\n|\n|t:|1696332567\n|detailschange|p1b: Swampert|Swampert-Mega, M\n|-mega|p1b: Swampert|Swampert|Swampertite\n|move|p1a: Slowking|Helping Hand|p1b: Swampert\n|-singleturn|p1b: Swampert|Helping Hand|[of] p1a: Slowking\n|move|p1b: Swampert|Earthquake|p2b: \u54c8\u5947\u5e93|[spread] p1a,p2a,p2b\n|-resisted|p2b: \u54c8\u5947\u5e93\n|-damage|p1a: Slowking|0 fnt\n|-damage|p2a: \ud83d\udc35\u747e\u7462|56\/100\n|-damage|p2b: \u54c8\u5947\u5e93|80\/100\n|faint|p1a: Slowking\n|move|p2a: \ud83d\udc35\u747e\u7462|Freeze-Dry|p1b: Swampert\n|-supereffective|p1b: Swampert\n|-damage|p1b: Swampert|0 fnt\n|faint|p1b: Swampert\n|move|p2b: \u54c8\u5947\u5e93|Wood Hammer|p1: Slowking|[notarget]\n|-fail|p2b: \u54c8\u5947\u5e93\n|\n|-weather|Snow|[upkeep]\n|-heal|p2a: \ud83d\udc35\u747e\u7462|62\/100|[from] ability: Ice Body\n|upkeep\n|\n|t:|1696332576\n|switch|p1b: Wishiwashi|Wishiwashi, M|100\/100\n|switch|p1a: Manaphy|Manaphy|37\/100\n|-formechange|p1b: Wishiwashi|Wishiwashi-School||[from] ability: Schooling\n|turn|7\n|\n|t:|1696332607\n|move|p1a: Manaphy|Tail Glow|p1a: Manaphy\n|-boost|p1a: Manaphy|spa|3\n|move|p2a: \ud83d\udc35\u747e\u7462|Freeze-Dry|p1b: Wishiwashi\n|-supereffective|p1b: Wishiwashi\n|-damage|p1b: Wishiwashi|0 fnt\n|faint|p1b: Wishiwashi\n|move|p2b: \u54c8\u5947\u5e93|Wood Hammer|p1a: Manaphy\n|-supereffective|p1a: Manaphy\n|-damage|p1a: Manaphy|0 fnt\n|faint|p1a: Manaphy\n|-damage|p2b: \u54c8\u5947\u5e93|67\/100|[from] Recoil\n|\n|win|liu641\n|l|\u2606woshihaiwang55555\n|l|\u2606liu641\n|l| jiangchengzi\n|j|\u2606woshihaiwang55555\n|player|p1|woshihaiwang55555|veteranf\n","uploadtime":1696332622,"views":20,"p1id":"woshihaiwang55555","p2id":"liu641","formatid":"gen9nationaldexdoubles","rating":0,"private":0,"password":""}