{"id":"gen9nationaldexdoubles-1950821227","p1":"Cad48","p2":"Fnafnightmare","format":"[Gen 9] National Dex Doubles","log":"|j|\u2606Cad48\n|j|\u2606Fnafnightmare\n|t:|1695509221\n|gametype|doubles\n|player|p1|Cad48|thorton|\n|player|p2|Fnafnightmare|red|\n|teamsize|p1|6\n|teamsize|p2|6\n|gen|9\n|tier|[Gen 9] National Dex Doubles\n|rule|HP Percentage Mod: HP is shown in percentages\n|rule|Endless Battle Clause: Forcing endless battles is banned\n|rule|OHKO Clause: OHKO moves are banned\n|rule|Evasion Moves Clause: Evasion moves are banned\n|rule|Evasion Abilities Clause: Evasion abilities are banned\n|rule|Species Clause: Limit one of each Pok\u00e9mon\n|rule|Gravity Sleep Clause: The combination of sleep-inducing moves with imperfect accuracy and Gravity or Gigantamax Orbeetle are banned\n|clearpoke\n|poke|p1|Indeedee-F, F|\n|poke|p1|Bronzong|\n|poke|p1|Hatterene, F|\n|poke|p1|Armarouge, F|\n|poke|p1|Rabsca, M|\n|poke|p1|Oranguru, M|\n|poke|p2|Tinkaton, F|\n|poke|p2|Meowscarada, F|\n|poke|p2|Quaquaval, F|\n|poke|p2|Charizard, M|\n|poke|p2|Scizor, M|\n|poke|p2|Lucario, M|\n|teampreview\n|\n|t:|1695509230\n|start\n|switch|p1a: Indeedee|Indeedee-F, F|100\/100\n|switch|p1b: Bronzong|Bronzong|100\/100\n|switch|p2a: Meowscarada|Meowscarada, F, shiny|100\/100\n|switch|p2b: Lucario|Lucario, M|100\/100\n|-fieldstart|move: Psychic Terrain|[from] ability: Psychic Surge|[of] p1a: Indeedee\n|turn|1\n|\n|t:|1695509239\n|move|p1a: Indeedee|Follow Me|p1a: Indeedee\n|-singleturn|p1a: Indeedee|move: Follow Me\n|move|p2b: Lucario|Nasty Plot|p2b: Lucario\n|-boost|p2b: Lucario|spa|2\n|move|p2a: Meowscarada|Trick Room|p2a: Meowscarada\n|-start|p2a: Meowscarada|typechange|Psychic|[from] ability: Protean\n|-fieldstart|move: Trick Room|[of] p2a: Meowscarada\n|move|p1b: Bronzong|Trick Room|p1b: Bronzong\n|-fieldend|move: Trick Room\n|\n|upkeep\n|turn|2\n|\n|t:|1695509267\n|detailschange|p2b: Lucario|Lucario-Mega, M\n|-mega|p2b: Lucario|Lucario|Lucarionite\n|move|p2a: Meowscarada|Night Slash|p1b: Bronzong\n|-supereffective|p1b: Bronzong\n|-damage|p1b: Bronzong|58\/100\n|move|p2b: Lucario|Dark Pulse|p1b: Bronzong\n|-supereffective|p1b: Bronzong\n|-damage|p1b: Bronzong|0 fnt\n|faint|p1b: Bronzong\n|move|p1a: Indeedee|Expanding Force|p2b: Lucario|[spread] p2a,p2b\n|-resisted|p2a: Meowscarada\n|-damage|p2a: Meowscarada|72\/100\n|-damage|p2b: Lucario|32\/100\n|\n|upkeep\n|\n|t:|1695509283\n|switch|p1b: Hatterene|Hatterene, F|100\/100\n|turn|3\n|\n|t:|1695509294\n|move|p2a: Meowscarada|Night Slash|p1a: Indeedee\n|-supereffective|p1a: Indeedee\n|-damage|p1a: Indeedee|40\/100\n|move|p2b: Lucario|Dark Pulse|p1b: Hatterene\n|-damage|p1b: Hatterene|35\/100\n|move|p1a: Indeedee|Expanding Force|p2a: Meowscarada|[spread] p2a,p2b\n|-resisted|p2a: Meowscarada\n|-damage|p2a: Meowscarada|42\/100\n|-damage|p2b: Lucario|0 fnt\n|faint|p2b: Lucario\n|move|p1b: Hatterene|Trick Room|p1b: Hatterene\n|-fieldstart|move: Trick Room|[of] p1b: Hatterene\n|\n|upkeep\n|\n|t:|1695509306\n|switch|p2b: Tinkaton|Tinkaton, F|100\/100\n|-ability|p2b: Tinkaton|Mold Breaker\n|turn|4\n|\n|t:|1695509328\n|move|p1a: Indeedee|Helping Hand|p1b: Hatterene\n|-singleturn|p1b: Hatterene|Helping Hand|[of] p1a: Indeedee\n|move|p1b: Hatterene|Dazzling Gleam|p2b: Tinkaton|[spread] p2a,p2b\n|-resisted|p2b: Tinkaton\n|-damage|p2a: Meowscarada|0 fnt\n|-damage|p2b: Tinkaton|81\/100\n|faint|p2a: Meowscarada\n|move|p2b: Tinkaton|Gigaton Hammer|p1a: Indeedee\n|-damage|p1a: Indeedee|0 fnt\n|faint|p1a: Indeedee\n|\n|upkeep\n|\n|t:|1695509342\n|switch|p1a: Armarouge|Armarouge, F|100\/100\n|switch|p2a: Quaquaval|Quaquaval, F|100\/100\n|turn|5\n|\n|t:|1695509368\n|-terastallize|p2a: Quaquaval|Steel\n|move|p1b: Hatterene|Expanding Force|p2a: Quaquaval|[spread] p2a,p2b\n|-resisted|p2a: Quaquaval\n|-resisted|p2b: Tinkaton\n|-damage|p2a: Quaquaval|59\/100\n|-damage|p2b: Tinkaton|58\/100\n|move|p1a: Armarouge|Armor Cannon|p2b: Tinkaton\n|-supereffective|p2b: Tinkaton\n|-damage|p2b: Tinkaton|0 fnt\n|-unboost|p1a: Armarouge|def|1\n|-unboost|p1a: Armarouge|spd|1\n|faint|p2b: Tinkaton\n|-damage|p1a: Armarouge|91\/100|[from] item: Life Orb\n|move|p2a: Quaquaval|Aqua Step|p1a: Armarouge\n|-supereffective|p1a: Armarouge\n|-crit|p1a: Armarouge\n|-damage|p1a: Armarouge|0 fnt\n|-boost|p2a: Quaquaval|spe|1\n|faint|p1a: Armarouge\n|-ability|p2a: Quaquaval|Moxie|boost\n|-boost|p2a: Quaquaval|atk|1\n|\n|-heal|p2a: Quaquaval|65\/100|[from] item: Leftovers\n|upkeep\n|\n|t:|1695509394\n|switch|p1a: Oranguru|Oranguru, M|100\/100\n|switch|p2b: Scizor|Scizor, M|100\/100\n|turn|6\n|\n|t:|1695509406\n|move|p1b: Hatterene|Mystical Fire|p2a: Quaquaval\n|-supereffective|p2a: Quaquaval\n|-damage|p2a: Quaquaval|0 fnt\n|faint|p2a: Quaquaval\n|move|p1a: Oranguru|Instruct|p1b: Hatterene\n|-singleturn|p1b: Hatterene|move: Instruct|[of] p1a: Oranguru\n|move|p1b: Hatterene|Mystical Fire|p2b: Scizor\n|-supereffective|p2b: Scizor\n|-damage|p2b: Scizor|0 fnt\n|faint|p2b: Scizor\n|\n|upkeep\n|\n|t:|1695509411\n|switch|p2b: Charizard|Charizard, M, shiny|100\/100\n|turn|7\n|\n|t:|1695509423\n|move|p1b: Hatterene|Expanding Force|p2b: Charizard\n|-damage|p2b: Charizard|1\/100\n|move|p1a: Oranguru|Expanding Force|p2b: Charizard\n|-damage|p2b: Charizard|0 fnt\n|faint|p2b: Charizard\n|\n|win|Cad48\n|c|\u2606Fnafnightmare|Gg\n|c|\u2606Cad48|gg\n|l|\u2606Cad48\n","uploadtime":1695509451,"views":7,"p1id":"cad48","p2id":"fnafnightmare","formatid":"gen9nationaldexdoubles","rating":0,"private":0,"password":""}