{"id":"gen9nationaldexdoubles-1992480962","p1":"Drixzard","p2":"Mistery Gold","format":"[Gen 9] National Dex Doubles","log":"|j|\u2606Drixzard\n|j|\u2606Mistery Gold\n|t:|1700192906\n|gametype|doubles\n|player|p1|Drixzard|ingo|\n|player|p2|Mistery Gold|tate|\n|teamsize|p1|6\n|teamsize|p2|6\n|gen|9\n|tier|[Gen 9] National Dex Doubles\n|rule|HP Percentage Mod: HP is shown in percentages\n|rule|Endless Battle Clause: Forcing endless battles is banned\n|rule|OHKO Clause: OHKO moves are banned\n|rule|Evasion Moves Clause: Evasion moves are banned\n|rule|Evasion Abilities Clause: Evasion abilities are banned\n|rule|Species Clause: Limit one of each Pok\u00e9mon\n|rule|Gravity Sleep Clause: The combination of sleep-inducing moves with imperfect accuracy and Gravity or Gigantamax Orbeetle are banned\n|clearpoke\n|poke|p1|Iron Hands|\n|poke|p1|Iron Valiant|\n|poke|p1|Kommo-o, F|\n|poke|p1|Zapdos-Galar|\n|poke|p1|Great Tusk|\n|poke|p1|Flamigo, M|\n|poke|p2|Iron Valiant|\n|poke|p2|Iron Hands|\n|poke|p2|Flamigo, F|\n|poke|p2|Gallade, M|\n|poke|p2|Zapdos-Galar|\n|poke|p2|Zamazenta-*|\n|teampreview\n|\n|t:|1700192922\n|start\n|switch|p1a: Iron Hands|Iron Hands|100\/100\n|switch|p1b: Kommo-o|Kommo-o, F|100\/100\n|switch|p2a: Iron Valiant|Iron Valiant|100\/100\n|switch|p2b: Iron Hands|Iron Hands|100\/100\n|-enditem|p2a: Iron Valiant|Booster Energy\n|-activate|p2a: Iron Valiant|ability: Quark Drive|[fromitem]\n|-start|p2a: Iron Valiant|quarkdrivespe\n|-enditem|p1a: Iron Hands|Booster Energy\n|-activate|p1a: Iron Hands|ability: Quark Drive|[fromitem]\n|-start|p1a: Iron Hands|quarkdriveatk\n|turn|1\n|\n|t:|1700193039\n|switch|p1b: Great Tusk|Great Tusk|100\/100\n|-enditem|p1b: Great Tusk|Booster Energy\n|-activate|p1b: Great Tusk|ability: Protosynthesis|[fromitem]\n|-start|p1b: Great Tusk|protosynthesisspe\n|move|p1a: Iron Hands|Fake Out|p2a: Iron Valiant\n|-damage|p2a: Iron Valiant|75\/100\n|move|p2b: Iron Hands|Fake Out|p1a: Iron Hands\n|-damage|p1a: Iron Hands|92\/100\n|cant|p2a: Iron Valiant|flinch\n|\n|upkeep\n|turn|2\n|\n|t:|1700193069\n|move|p2a: Iron Valiant|Moonblast|p1b: Great Tusk\n|-supereffective|p1b: Great Tusk\n|-damage|p1b: Great Tusk|0 fnt\n|faint|p1b: Great Tusk\n|-end|p1b: Great Tusk|Protosynthesis|[silent]\n|move|p1a: Iron Hands|Play Rough|p2a: Iron Valiant\n|-supereffective|p2a: Iron Valiant\n|-damage|p2a: Iron Valiant|0 fnt\n|faint|p2a: Iron Valiant\n|-end|p2a: Iron Valiant|Quark Drive|[silent]\n|move|p2b: Iron Hands|Play Rough|p1a: Iron Hands\n|-supereffective|p1a: Iron Hands\n|-crit|p1a: Iron Hands\n|-damage|p1a: Iron Hands|29\/100\n|\n|upkeep\n|\n|t:|1700193087\n|switch|p2a: Zapdos|Zapdos-Galar|100\/100\n|switch|p1b: Kommo-o|Kommo-o, F|100\/100\n|turn|3\n|\n|t:|1700193105\n|move|p2a: Zapdos|Brave Bird|p1a: Iron Hands\n|-damage|p1a: Iron Hands|0 fnt\n|faint|p1a: Iron Hands\n|-end|p1a: Iron Hands|Quark Drive|[silent]\n|-damage|p2a: Zapdos|87\/100|[from] Recoil\n|-zpower|p1b: Kommo-o\n|move|p1b: Kommo-o|Clangorous Soulblaze|p2b: Iron Hands|[zeffect]|[spread] p2a,p2b\n|-damage|p2a: Zapdos|16\/100\n|-damage|p2b: Iron Hands|74\/100\n|-boost|p1b: Kommo-o|atk|1\n|-boost|p1b: Kommo-o|def|1\n|-boost|p1b: Kommo-o|spa|1\n|-boost|p1b: Kommo-o|spd|1\n|-boost|p1b: Kommo-o|spe|1\n|move|p2b: Iron Hands|Play Rough|p1b: Kommo-o\n|-supereffective|p1b: Kommo-o\n|-crit|p1b: Kommo-o\n|-damage|p1b: Kommo-o|0 fnt\n|faint|p1b: Kommo-o\n|\n|upkeep\n|\n|t:|1700193119\n|switch|p1b: Flamigo|Flamigo, M|100\/100\n|switch|p1a: Zapdos|Zapdos-Galar|100\/100\n|-copyboost|p1b: Flamigo|p1a: Zapdos|[from] ability: Costar\n|turn|4\n|\n|t:|1700193135\n|move|p2a: Zapdos|Brave Bird|p1a: Zapdos\n|-supereffective|p1a: Zapdos\n|-enditem|p1a: Zapdos|Focus Sash\n|-damage|p1a: Zapdos|1\/100\n|-damage|p2a: Zapdos|0 fnt|[from] Recoil\n|faint|p2a: Zapdos\n|move|p1a: Zapdos|Brave Bird|p2b: Iron Hands\n|-crit|p2b: Iron Hands\n|-damage|p2b: Iron Hands|19\/100\n|-damage|p1a: Zapdos|0 fnt|[from] Recoil\n|faint|p1a: Zapdos\n|move|p1b: Flamigo|Acrobatics|p2b: Iron Hands\n|-damage|p2b: Iron Hands|3\/100\n|move|p2b: Iron Hands|Thunder Punch|p1b: Flamigo\n|-supereffective|p1b: Flamigo\n|-enditem|p1b: Flamigo|Focus Sash\n|-damage|p1b: Flamigo|1\/100\n|-status|p1b: Flamigo|par\n|\n|upkeep\n|\n|t:|1700193143\n|switch|p1a: Iron Valiant|Iron Valiant|100\/100\n|switch|p2a: Zamazenta|Zamazenta|100\/100\n|-ability|p2a: Zamazenta|Dauntless Shield|boost\n|-boost|p2a: Zamazenta|def|1\n|-enditem|p1a: Iron Valiant|Booster Energy\n|-activate|p1a: Iron Valiant|ability: Quark Drive|[fromitem]\n|-start|p1a: Iron Valiant|quarkdrivespe\n|turn|5\n|\n|t:|1700193155\n|move|p2a: Zamazenta|Quick Attack|p1b: Flamigo\n|-damage|p1b: Flamigo|0 fnt\n|faint|p1b: Flamigo\n|move|p1a: Iron Valiant|Dazzling Gleam|p2b: Iron Hands|[spread] p2a,p2b\n|-supereffective|p2a: Zamazenta\n|-supereffective|p2b: Iron Hands\n|-crit|p2b: Iron Hands\n|-damage|p2a: Zamazenta|50\/100\n|-damage|p2b: Iron Hands|0 fnt\n|faint|p2b: Iron Hands\n|-end|p2b: Iron Hands|Quark Drive|[silent]\n|\n|upkeep\n|\n|t:|1700193163\n|switch|p2b: Flamigo|Flamigo, F|100\/100\n|-copyboost|p2b: Flamigo|p2a: Zamazenta|[from] ability: Costar\n|turn|6\n|\n|t:|1700193168\n|move|p1a: Iron Valiant|Dazzling Gleam|p2b: Flamigo|[spread] p2a,p2b\n|-supereffective|p2a: Zamazenta\n|-supereffective|p2b: Flamigo\n|-crit|p2b: Flamigo\n|-damage|p2a: Zamazenta|0 fnt\n|-enditem|p2b: Flamigo|Focus Sash\n|-damage|p2b: Flamigo|1\/100\n|faint|p2a: Zamazenta\n|move|p2b: Flamigo|Dual Wingbeat|p1a: Iron Valiant\n|-supereffective|p1a: Iron Valiant\n|-damage|p1a: Iron Valiant|51\/100\n|-supereffective|p1a: Iron Valiant\n|-crit|p1a: Iron Valiant\n|-damage|p1a: Iron Valiant|0 fnt\n|faint|p1a: Iron Valiant\n|-end|p1a: Iron Valiant|Quark Drive|[silent]\n|-hitcount|p1: Iron Valiant|2\n|\n|win|Mistery Gold\n","uploadtime":1700193185,"views":14,"p1id":"drixzard","p2id":"misterygold","formatid":"gen9nationaldexdoubles","rating":0,"private":0,"password":""}