{"id":"gen9nationaldexdoubles-1967733634","p1":"mmmirza","p2":"Asanaquarian","format":"[Gen 9] National Dex Doubles","log":"|j|\u2606mmmirza\n|j|\u2606Asanaquarian\n|t:|1697332325\n|gametype|doubles\n|player|p1|mmmirza|2|1392\n|player|p2|Asanaquarian|pokemonrangerf|1300\n|teamsize|p1|6\n|teamsize|p2|6\n|gen|9\n|tier|[Gen 9] National Dex Doubles\n|rated|\n|rule|HP Percentage Mod: HP is shown in percentages\n|rule|Endless Battle Clause: Forcing endless battles is banned\n|rule|OHKO Clause: OHKO moves are banned\n|rule|Evasion Moves Clause: Evasion moves are banned\n|rule|Evasion Abilities Clause: Evasion abilities are banned\n|rule|Species Clause: Limit one of each Pok\u00e9mon\n|rule|Gravity Sleep Clause: The combination of sleep-inducing moves with imperfect accuracy and Gravity or Gigantamax Orbeetle are banned\n|clearpoke\n|poke|p1|Ogerpon-Hearthflame, F|\n|poke|p1|Whimsicott, M|\n|poke|p1|Marshadow|\n|poke|p1|Chien-Pao|\n|poke|p1|Kingambit, F|\n|poke|p1|Charizard, F|\n|poke|p2|Serperior, M|\n|poke|p2|Reuniclus, M|\n|poke|p2|Goodra, F|\n|poke|p2|Klefki, M|\n|poke|p2|Appletun, F|\n|poke|p2|Dondozo, M|\n|teampreview\n|inactive|Battle timer is ON: inactive players will automatically lose when time's up. (requested by Asanaquarian)\n|inactive|mmmirza also wants the timer to be on.\n|inactive|mmmirza has 120 seconds left.\n|\n|t:|1697332366\n|start\n|switch|p1a: Ogerpon|Ogerpon-Hearthflame, F|100\/100\n|switch|p1b: Whimsicott|Whimsicott, M|100\/100\n|switch|p2a: Klefki|Klefki, M|100\/100\n|switch|p2b: Reuniclus|Reuniclus, M|100\/100\n|-ability|p1a: Ogerpon|Mold Breaker\n|turn|1\n|\n|t:|1697332384\n|-terastallize|p1a: Ogerpon|Fire\n|detailschange|p1a: Ogerpon|Ogerpon-Hearthflame-Tera, F, tera:Fire\n|-ability|p1a: Ogerpon|Embody Aspect (Hearthflame)|boost\n|-boost|p1a: Ogerpon|atk|1\n|move|p1b: Whimsicott|Taunt|p2a: Klefki\n|-start|p2a: Klefki|move: Taunt\n|cant|p2a: Klefki|move: Taunt|Reflect\n|move|p1a: Ogerpon|Ivy Cudgel|p2a: Klefki\n|-supereffective|p2a: Klefki\n|-damage|p2a: Klefki|0 fnt\n|faint|p2a: Klefki\n|move|p2b: Reuniclus|Psyshock|p1a: Ogerpon\n|-damage|p1a: Ogerpon|39\/100\n|\n|upkeep\n|inactive|Asanaquarian has 120 seconds left.\n|\n|t:|1697332429\n|switch|p2a: Serperior|Serperior, M|100\/100\n|turn|2\n|inactive|Asanaquarian has 120 seconds left.\n|\n|t:|1697332439\n|move|p1a: Ogerpon|Spiky Shield|p1a: Ogerpon\n|-singleturn|p1a: Ogerpon|move: Protect\n|move|p1b: Whimsicott|Tailwind|p1b: Whimsicott\n|-sidestart|p1: mmmirza|move: Tailwind\n|move|p2a: Serperior|Hidden Power|p1a: Ogerpon\n|-activate|p1a: Ogerpon|move: Protect\n|move|p2b: Reuniclus|Calm Mind|p2b: Reuniclus\n|-boost|p2b: Reuniclus|spa|1\n|-boost|p2b: Reuniclus|spd|1\n|\n|upkeep\n|turn|3\n|\n|t:|1697332453\n|move|p1b: Whimsicott|Encore|p2b: Reuniclus\n|-start|p2b: Reuniclus|Encore\n|move|p1a: Ogerpon|Ivy Cudgel|p2a: Serperior\n|-supereffective|p2a: Serperior\n|-damage|p2a: Serperior|0 fnt\n|faint|p2a: Serperior\n|move|p2b: Reuniclus|Calm Mind|p2b: Reuniclus\n|-boost|p2b: Reuniclus|spa|1\n|-boost|p2b: Reuniclus|spd|1\n|\n|upkeep\n|\n|t:|1697332462\n|switch|p2a: Dondozo|Dondozo, M|100\/100\n|turn|4\n|\n|t:|1697332471\n|switch|p2a: Goodra|Goodra, F|100\/100\n|move|p1b: Whimsicott|Taunt|p2b: Reuniclus\n|-start|p2b: Reuniclus|move: Taunt\n|move|p1a: Ogerpon|Horn Leech|p2a: Goodra\n|-resisted|p2a: Goodra\n|-damage|p2a: Goodra|64\/100\n|-heal|p1a: Ogerpon|62\/100|[from] drain|[of] p2a: Goodra\n|-ability|p2a: Goodra|Gooey\n|-unboost|p1a: Ogerpon|spe|1\n|cant|p2b: Reuniclus|move: Taunt|Calm Mind\n|\n|upkeep\n|turn|5\n|\n|t:|1697332490\n|move|p1b: Whimsicott|Dazzling Gleam|p2a: Goodra|[spread] p2a,p2b\n|-supereffective|p2a: Goodra\n|-damage|p2a: Goodra|50\/100\n|-damage|p2b: Reuniclus|90\/100\n|move|p1a: Ogerpon|Ivy Cudgel|p2a: Goodra\n|-resisted|p2a: Goodra\n|-damage|p2a: Goodra|0 fnt\n|faint|p2a: Goodra\n|-activate|p2b: Reuniclus|move: Struggle\n|move|p2b: Reuniclus|Struggle|p1b: Whimsicott\n|-damage|p1b: Whimsicott|89\/100\n|-damage|p2b: Reuniclus|65\/100|[from] recoil\n|\n|-end|p2b: Reuniclus|Encore\n|-sideend|p1: mmmirza|move: Tailwind\n|upkeep\n|c|\u2606Asanaquarian|oh dont piss me off\n|\n|t:|1697332508\n|switch|p2a: Appletun|Appletun, F|100\/100\n|turn|6\n|\n|t:|1697332523\n|move|p1b: Whimsicott|Encore||[still]\n|-fail|p1b: Whimsicott\n|move|p1a: Ogerpon|Ivy Cudgel|p2a: Appletun\n|-damage|p2a: Appletun|42\/100\n|move|p2b: Reuniclus|Psyshock|p1a: Ogerpon\n|-damage|p1a: Ogerpon|0 fnt\n|faint|p1a: Ogerpon\n|move|p2a: Appletun|Dragon Pulse|p1b: Whimsicott\n|-immune|p1b: Whimsicott\n|\n|-heal|p2a: Appletun|48\/100|[from] item: Leftovers\n|-end|p2b: Reuniclus|move: Taunt\n|upkeep\n|\n|t:|1697332535\n|switch|p1a: Marshadow|Marshadow|100\/100\n|turn|7\n|\n|t:|1697332544\n|-zpower|p1a: Marshadow\n|move|p1a: Marshadow|Soul-Stealing 7-Star Strike|p2b: Reuniclus|[zeffect]\n|-supereffective|p2b: Reuniclus\n|-damage|p2b: Reuniclus|0 fnt\n|faint|p2b: Reuniclus\n|move|p1b: Whimsicott|Dazzling Gleam|p2a: Appletun\n|-supereffective|p2a: Appletun\n|-damage|p2a: Appletun|7\/100\n|move|p2a: Appletun|Recover|p2a: Appletun\n|-heal|p2a: Appletun|57\/100\n|\n|-heal|p2a: Appletun|63\/100|[from] item: Leftovers\n|upkeep\n|\n|t:|1697332561\n|switch|p2b: Dondozo|Dondozo, M|100\/100\n|turn|8\n|\n|t:|1697332571\n|move|p1b: Whimsicott|Encore|p2a: Appletun\n|-start|p2a: Appletun|Encore\n|move|p1a: Marshadow|Spectral Thief|p2b: Dondozo\n|-damage|p2b: Dondozo|80\/100\n|move|p2a: Appletun|Recover|p2a: Appletun\n|-heal|p2a: Appletun|100\/100\n|move|p2b: Dondozo|Curse|p2b: Dondozo\n|-unboost|p2b: Dondozo|spe|1\n|-boost|p2b: Dondozo|atk|1\n|-boost|p2b: Dondozo|def|1\n|\n|upkeep\n|turn|9\n|\n|t:|1697332588\n|move|p1b: Whimsicott|Encore|p2b: Dondozo\n|-start|p2b: Dondozo|Encore\n|move|p1a: Marshadow|Spectral Thief||[still]\n|-clearpositiveboost|p2b: Dondozo|p1a: Marshadow|move: Spectral Thief\n|-boost|p1a: Marshadow|atk|1\n|-boost|p1a: Marshadow|def|1\n|-anim|p1a: Marshadow|Spectral Thief|p2b: Dondozo\n|-damage|p2b: Dondozo|61\/100\n|move|p2a: Appletun|Recover||[still]\n|-fail|p2a: Appletun|heal\n|move|p2b: Dondozo|Curse|p2b: Dondozo\n|-unboost|p2b: Dondozo|spe|1\n|-boost|p2b: Dondozo|atk|1\n|-boost|p2b: Dondozo|def|1\n|\n|upkeep\n|turn|10\n|\n|t:|1697332608\n|move|p1b: Whimsicott|Taunt|p2b: Dondozo\n|-start|p2b: Dondozo|move: Taunt\n|move|p1a: Marshadow|Spectral Thief||[still]\n|-clearpositiveboost|p2b: Dondozo|p1a: Marshadow|move: Spectral Thief\n|-boost|p1a: Marshadow|atk|1\n|-boost|p1a: Marshadow|def|1\n|-anim|p1a: Marshadow|Spectral Thief|p2b: Dondozo\n|-damage|p2b: Dondozo|38\/100\n|move|p2a: Appletun|Recover||[still]\n|-fail|p2a: Appletun|heal\n|cant|p2b: Dondozo|move: Taunt|Curse\n|\n|-end|p2a: Appletun|Encore\n|upkeep\n|turn|11\n|-message|Asanaquarian forfeited.\n|\n|win|mmmirza\n|raw|mmmirza's rating: 1392 &rarr; <strong>1407<\/strong><br \/>(+15 for winning)\n|raw|Asanaquarian's rating: 1300 &rarr; <strong>1281<\/strong><br \/>(-19 for losing)\n|l|\u2606Asanaquarian\n","uploadtime":1697332629,"views":10,"p1id":"mmmirza","p2id":"asanaquarian","formatid":"gen9nationaldexdoubles","rating":1281,"private":0,"password":""}