{"id":"gen9nationaldexdoubles-1984845408","p1":"nopeynope","p2":"Corbin1955","format":"[Gen 9] National Dex Doubles","log":"|j|\u2606nopeynope\n|j|\u2606Corbin1955\n|t:|1699303922\n|gametype|doubles\n|player|p1|nopeynope|palmer|1000\n|player|p2|Corbin1955|byron|1047\n|teamsize|p1|6\n|teamsize|p2|6\n|gen|9\n|tier|[Gen 9] National Dex Doubles\n|rated|\n|rule|HP Percentage Mod: HP is shown in percentages\n|rule|Endless Battle Clause: Forcing endless battles is banned\n|rule|OHKO Clause: OHKO moves are banned\n|rule|Evasion Moves Clause: Evasion moves are banned\n|rule|Evasion Abilities Clause: Evasion abilities are banned\n|rule|Species Clause: Limit one of each Pok\u00e9mon\n|rule|Gravity Sleep Clause: The combination of sleep-inducing moves with imperfect accuracy and Gravity or Gigantamax Orbeetle are banned\n|clearpoke\n|poke|p1|Vaporeon, F|\n|poke|p1|Charizard, M|\n|poke|p1|Donphan, M|\n|poke|p1|Torterra, M|\n|poke|p1|Aggron, M|\n|poke|p1|Toxtricity, M|\n|poke|p2|Lurantis, F|\n|poke|p2|Torkoal, M|\n|poke|p2|Ogerpon-Hearthflame, F|\n|poke|p2|Landorus-Therian, M|\n|poke|p2|Gliscor, F|\n|poke|p2|Goodra-Hisui, M|\n|teampreview\n|inactive|Battle timer is ON: inactive players will automatically lose when time's up. (requested by nopeynope)\n|c|\u2606nopeynope|glhf\n|\n|t:|1699303930\n|start\n|switch|p1a: Vaper|Vaporeon, F|100\/100\n|switch|p1b: Chari|Charizard, M|100\/100\n|switch|p2a: Ogerpon|Ogerpon-Hearthflame, F|100\/100\n|switch|p2b: Torkoal|Torkoal, M|100\/100\n|-ability|p2a: Ogerpon|Mold Breaker\n|-weather|SunnyDay|[from] ability: Drought|[of] p2b: Torkoal\n|turn|1\n|\n|t:|1699303955\n|detailschange|p1b: Chari|Charizard-Mega-X, M\n|-mega|p1b: Chari|Charizard|Charizardite X\n|move|p1b: Chari|Dragon Claw|p2a: Ogerpon\n|-damage|p2a: Ogerpon|50\/100\n|move|p2a: Ogerpon|Throat Chop|p1a: Vaper\n|-crit|p1a: Vaper\n|-damage|p1a: Vaper|53\/100\n|-start|p1a: Vaper|Throat Chop|[silent]\n|move|p1a: Vaper|Muddy Water|p2b: Torkoal|[spread] p2a,p2b\n|-supereffective|p2b: Torkoal\n|-damage|p2a: Ogerpon|35\/100\n|-damage|p2b: Torkoal|59\/100\n|move|p2b: Torkoal|Rapid Spin|p1b: Chari\n|-damage|p1b: Chari|91\/100\n|-boost|p2b: Torkoal|spe|1\n|\n|-weather|SunnyDay|[upkeep]\n|upkeep\n|turn|2\n|\n|t:|1699303976\n|move|p1b: Chari|Dragon Claw|p2a: Ogerpon\n|-damage|p2a: Ogerpon|0 fnt\n|faint|p2a: Ogerpon\n|move|p1a: Vaper|Muddy Water|p2b: Torkoal\n|-supereffective|p2b: Torkoal\n|-damage|p2b: Torkoal|0 fnt\n|faint|p2b: Torkoal\n|\n|-weather|SunnyDay|[upkeep]\n|-end|p1a: Vaper|Throat Chop|[silent]\n|upkeep\n|\n|t:|1699303991\n|switch|p2a: Goodra|Goodra-Hisui, M|100\/100\n|switch|p2b: Landorus|Landorus-Therian, M|100\/100\n|-ability|p2b: Landorus|Intimidate|boost\n|-unboost|p1a: Vaper|atk|1\n|-unboost|p1b: Chari|atk|1\n|turn|3\n|\n|t:|1699304005\n|move|p1b: Chari|Blaze Kick|p2a: Goodra\n|-damage|p2a: Goodra|55\/100\n|-ability|p2a: Goodra|Gooey\n|-unboost|p1b: Chari|spe|1\n|move|p2b: Landorus|Rock Slide|p1a: Vaper|[spread] p1a,p1b\n|-supereffective|p1b: Chari\n|-damage|p1a: Vaper|25\/100\n|-damage|p1b: Chari|39\/100\n|-damage|p2b: Landorus|91\/100|[from] item: Life Orb\n|move|p1a: Vaper|Ice Beam|p2b: Landorus\n|-supereffective|p2b: Landorus\n|-damage|p2b: Landorus|0 fnt\n|faint|p2b: Landorus\n|move|p2a: Goodra|Dragon Tail|p1b: Chari\n|-supereffective|p1b: Chari\n|-damage|p1b: Chari|0 fnt\n|faint|p1b: Chari\n|-damage|p2a: Goodra|46\/100|[from] item: Life Orb\n|\n|-weather|SunnyDay|[upkeep]\n|upkeep\n|\n|t:|1699304027\n|switch|p1b: Rolly|Donphan, M|100\/100\n|switch|p2b: Gliscor|Gliscor, F|100\/100\n|turn|4\n|\n|t:|1699304044\n|move|p2b: Gliscor|Crabhammer|p1b: Rolly\n|-supereffective|p1b: Rolly\n|-damage|p1b: Rolly|85\/100\n|move|p1a: Vaper|Muddy Water|p2b: Gliscor|[spread] p2a,p2b\n|-resisted|p2a: Goodra\n|-supereffective|p2b: Gliscor\n|-damage|p2a: Goodra|40\/100\n|-damage|p2b: Gliscor|49\/100\n|move|p1b: Rolly|Gunk Shot|p2b: Gliscor|[miss]\n|-miss|p1b: Rolly|p2b: Gliscor\n|move|p2a: Goodra|Dragon Tail|p1a: Vaper\n|-damage|p1a: Vaper|0 fnt\n|faint|p1a: Vaper\n|-damage|p2a: Goodra|30\/100|[from] item: Life Orb\n|\n|-weather|SunnyDay|[upkeep]\n|-status|p2b: Gliscor|tox|[from] item: Toxic Orb\n|upkeep\n|\n|t:|1699304060\n|switch|p1a: Terry|Torterra, M|100\/100\n|turn|5\n|\n|t:|1699304073\n|move|p2b: Gliscor|Swords Dance|p2b: Gliscor\n|-boost|p2b: Gliscor|atk|2\n|move|p2a: Goodra|Blizzard|p1a: Terry|[spread] p1a\n|-miss|p2a: Goodra|p1b: Rolly\n|-supereffective|p1a: Terry\n|-damage|p1a: Terry|0 fnt\n|faint|p1a: Terry\n|-damage|p2a: Goodra|20\/100|[from] item: Life Orb\n|move|p1b: Rolly|Gunk Shot|p2b: Gliscor\n|-resisted|p2b: Gliscor\n|-damage|p2b: Gliscor|33\/100 tox\n|\n|-weather|none\n|-heal|p2b: Gliscor|46\/100 tox|[from] ability: Poison Heal\n|upkeep\n|\n|t:|1699304077\n|switch|p1a: Aggy|Aggron, M|100\/100\n|turn|6\n|inactive|Corbin1955 has 120 seconds left.\n|\n|t:|1699304110\n|move|p2b: Gliscor|Protect|p2b: Gliscor\n|-singleturn|p2b: Gliscor|Protect\n|move|p2a: Goodra|Chilling Water|p1b: Rolly\n|-supereffective|p1b: Rolly\n|-damage|p1b: Rolly|43\/100\n|-unboost|p1b: Rolly|atk|1\n|-damage|p2a: Goodra|10\/100|[from] item: Life Orb\n|move|p1a: Aggy|Head Smash|p2b: Gliscor\n|-activate|p2b: Gliscor|move: Protect\n|move|p1b: Rolly|Rapid Spin|p2a: Goodra\n|-resisted|p2a: Goodra\n|-damage|p2a: Goodra|5\/100\n|-boost|p1b: Rolly|spe|1\n|-ability|p2a: Goodra|Gooey\n|-unboost|p1b: Rolly|spe|1\n|\n|-heal|p2b: Gliscor|58\/100 tox|[from] ability: Poison Heal\n|upkeep\n|turn|7\n|inactive|Corbin1955 has 120 seconds left.\n|\n|t:|1699304153\n|move|p2b: Gliscor|Baton Pass|p2b: Gliscor\n|\n|t:|1699304155\n|switch|p2b: Lurantis|Lurantis, F|100\/100|[from] Baton Pass\n|-item|p2b: Lurantis|Air Balloon\n|move|p2a: Goodra|Chilling Water|p1b: Rolly\n|-supereffective|p1b: Rolly\n|-damage|p1b: Rolly|3\/100\n|-unboost|p1b: Rolly|atk|1\n|-damage|p2a: Goodra|0 fnt|[from] item: Life Orb\n|faint|p2a: Goodra\n|move|p1a: Aggy|Head Smash|p2b: Lurantis\n|-damage|p2b: Lurantis|14\/100\n|-enditem|p2b: Lurantis|Air Balloon\n|move|p1b: Rolly|Rapid Spin|p2b: Lurantis\n|-damage|p2b: Lurantis|5\/100\n|-boost|p1b: Rolly|spe|1\n|\n|upkeep\n|\n|t:|1699304173\n|switch|p2a: Gliscor|Gliscor, F|58\/100 tox\n|turn|8\n|inactive|Corbin1955 has 120 seconds left.\n|\n|t:|1699304191\n|-terastallize|p2b: Lurantis|Poison\n|move|p2a: Gliscor|Crabhammer|p1b: Rolly\n|-supereffective|p1b: Rolly\n|-damage|p1b: Rolly|0 fnt\n|faint|p1b: Rolly\n|move|p1a: Aggy|Head Smash|p2a: Gliscor\n|-damage|p2a: Gliscor|0 fnt\n|faint|p2a: Gliscor\n|move|p2b: Lurantis|Superpower|p1a: Aggy\n|-supereffective|p1a: Aggy\n|-damage|p1a: Aggy|0 fnt\n|-boost|p2b: Lurantis|atk|1\n|-boost|p2b: Lurantis|def|1\n|faint|p1a: Aggy\n|\n|upkeep\n|\n|t:|1699304200\n|switch|p1a: Toxy|Toxtricity, M|100\/100\n|turn|9\n|c|\u2606nopeynope|gg\n|c|\u2606nopeynope|uum\n|\n|t:|1699304215\n|-terastallize|p1a: Toxy|Normal\n|move|p1a: Toxy|Boomburst|p2b: Lurantis\n|-damage|p2b: Lurantis|0 fnt\n|faint|p2b: Lurantis\n|-enditem|p1a: Toxy|Throat Spray\n|\n|win|nopeynope\n|raw|nopeynope's rating: 1000 &rarr; <strong>1045<\/strong><br \/>(+45 for winning)\n|raw|Corbin1955's rating: 1047 &rarr; <strong>1028<\/strong><br \/>(-19 for losing)\n|c|\u2606nopeynope|gg\n|c|\u2606nopeynope|:O\n|c|\u2606Corbin1955|Gg\n|c|\u2606nopeynope|gg\n","uploadtime":1699304239,"views":5,"p1id":"nopeynope","p2id":"corbin1955","formatid":"gen9nationaldexdoubles","rating":1028,"private":0,"password":""}