{"id":"gen9nationaldexdoubles-1990836043","p1":"Kricketune is Best","p2":"Hiub oh fkggj","format":"[Gen 9] National Dex Doubles","log":"|j|\u2606Kricketune is Best\n|j|\u2606Hiub oh fkggj\n|t:|1700005862\n|gametype|doubles\n|player|p1|Kricketune is Best|benga|1055\n|player|p2|Hiub oh fkggj|lucas|1043\n|teamsize|p1|6\n|teamsize|p2|6\n|gen|9\n|tier|[Gen 9] National Dex Doubles\n|rated|\n|rule|HP Percentage Mod: HP is shown in percentages\n|rule|Endless Battle Clause: Forcing endless battles is banned\n|rule|OHKO Clause: OHKO moves are banned\n|rule|Evasion Moves Clause: Evasion moves are banned\n|rule|Evasion Abilities Clause: Evasion abilities are banned\n|rule|Species Clause: Limit one of each Pok\u00e9mon\n|rule|Gravity Sleep Clause: The combination of sleep-inducing moves with imperfect accuracy and Gravity or Gigantamax Orbeetle are banned\n|clearpoke\n|poke|p1|Bibarel, F|\n|poke|p1|Zamazenta-*|\n|poke|p1|Clefairy, F|\n|poke|p1|Ogerpon-Wellspring, F|\n|poke|p1|Orthworm, M|\n|poke|p1|Mudsdale, M|\n|poke|p2|Indeedee, M|\n|poke|p2|Deoxys-Attack|\n|poke|p2|Typhlosion, M|\n|poke|p2|Kartana|\n|poke|p2|Murkrow, M|\n|poke|p2|Shuckle, M|\n|teampreview\n|\n|t:|1700005877\n|start\n|switch|p1a: Bibarel|Bibarel, F|100\/100\n|switch|p1b: Zamazenta|Zamazenta|100\/100\n|switch|p2a: Murkrow|Murkrow, M|100\/100\n|switch|p2b: Shuckle|Shuckle, M|100\/100\n|-ability|p1b: Zamazenta|Dauntless Shield|boost\n|-boost|p1b: Zamazenta|def|1\n|turn|1\n|inactive|Battle timer is ON: inactive players will automatically lose when time's up. (requested by Hiub oh fkggj)\n|\n|t:|1700005904\n|move|p2a: Murkrow|Perish Song|p2a: Murkrow\n|-start|p1a: Bibarel|perish3|[silent]\n|-start|p1b: Zamazenta|perish3|[silent]\n|-start|p2a: Murkrow|perish3|[silent]\n|-start|p2b: Shuckle|perish3|[silent]\n|-fieldactivate|move: Perish Song\n|move|p1b: Zamazenta|Coaching|p1a: Bibarel\n|-boost|p1a: Bibarel|atk|2\n|-boost|p1a: Bibarel|def|2\n|move|p1a: Bibarel|Waterfall|p2a: Murkrow\n|-damage|p2a: Murkrow|14\/100\n|move|p2b: Shuckle|Stealth Rock|p1a: Bibarel\n|-sidestart|p1: Kricketune is Best|move: Stealth Rock\n|\n|-start|p1b: Zamazenta|perish3\n|-start|p2a: Murkrow|perish3\n|-start|p1a: Bibarel|perish3\n|-start|p2b: Shuckle|perish3\n|upkeep\n|turn|2\n|inactive|Kricketune is Best has 120 seconds left.\n|\n|t:|1700005935\n|switch|p1b: Clefairy|Clefairy, F|100\/100\n|-damage|p1b: Clefairy|88\/100|[from] Stealth Rock\n|move|p2a: Murkrow|Haze|p2a: Murkrow\n|-clearallboost\n|move|p1a: Bibarel|Aqua Jet|p2a: Murkrow\n|-damage|p2a: Murkrow|0 fnt\n|faint|p2a: Murkrow\n|move|p2b: Shuckle|Power Split|p1a: Bibarel\n|-activate|p2b: Shuckle|move: Power Split|[of] p1a: Bibarel\n|\n|-start|p1a: Bibarel|perish2\n|-start|p2b: Shuckle|perish2\n|upkeep\n|inactive|Hiub oh fkggj has 120 seconds left.\n|\n|t:|1700005956\n|switch|p2a: Kartana|Kartana|100\/100\n|turn|3\n|\n|t:|1700005986\n|switch|p1a: Zamazenta|Zamazenta|100\/100\n|-damage|p1a: Zamazenta|94\/100|[from] Stealth Rock\n|switch|p1b: Mudsdale|Mudsdale, M|100\/100\n|-damage|p1b: Mudsdale|94\/100|[from] Stealth Rock\n|move|p2a: Kartana|Sacred Sword|p1a: Zamazenta\n|-damage|p1a: Zamazenta|57\/100\n|move|p2b: Shuckle|Toxic|p1b: Mudsdale\n|-status|p1b: Mudsdale|tox\n|\n|-heal|p1a: Zamazenta|64\/100|[from] item: Leftovers\n|-damage|p1b: Mudsdale|88\/100 tox|[from] psn\n|-start|p2b: Shuckle|perish1\n|upkeep\n|turn|4\n|inactive|Kricketune is Best has 120 seconds left.\n|inactive|Hiub oh fkggj has 120 seconds left.\n|\n|t:|1700006029\n|move|p2a: Kartana|Sacred Sword|p1b: Mudsdale\n|-damage|p1b: Mudsdale|50\/100 tox\n|-ability|p1b: Mudsdale|Stamina|boost\n|-boost|p1b: Mudsdale|def|1\n|move|p1a: Zamazenta|Coaching|p1b: Mudsdale\n|-boost|p1b: Mudsdale|atk|1\n|-boost|p1b: Mudsdale|def|1\n|move|p1b: Mudsdale|Body Press|p2a: Kartana\n|-supereffective|p2a: Kartana\n|-damage|p2a: Kartana|10\/100\n|move|p2b: Shuckle|Toxic|p1a: Zamazenta\n|-status|p1a: Zamazenta|tox\n|\n|-heal|p1a: Zamazenta|70\/100 tox|[from] item: Leftovers\n|-damage|p1a: Zamazenta|64\/100 tox|[from] psn\n|-damage|p1b: Mudsdale|38\/100 tox|[from] psn\n|-start|p2b: Shuckle|perish0\n|upkeep\n|faint|p2b: Shuckle\n|\n|t:|1700006049\n|switch|p2b: Indeedee|Indeedee, M|100\/100\n|-fieldstart|move: Psychic Terrain|[from] ability: Psychic Surge|[of] p2b: Indeedee\n|turn|5\n|\n|t:|1700006060\n|switch|p1a: Orthworm|Orthworm, M|100\/100\n|-damage|p1a: Orthworm|94\/100|[from] Stealth Rock\n|-terastallize|p2b: Indeedee|Psychic\n|move|p2a: Kartana|Sacred Sword|p1b: Mudsdale\n|-damage|p1b: Mudsdale|1\/100 tox\n|-ability|p1b: Mudsdale|Stamina|boost\n|-boost|p1b: Mudsdale|def|1\n|move|p2b: Indeedee|Expanding Force|p1a: Orthworm|[spread] p1a,p1b\n|-resisted|p1a: Orthworm\n|-damage|p1a: Orthworm|41\/100\n|-damage|p1b: Mudsdale|0 fnt\n|faint|p1b: Mudsdale\n|\n|upkeep\n|inactive|Kricketune is Best has 120 seconds left.\n|\n|t:|1700006080\n|switch|p1b: Ogerpon|Ogerpon-Wellspring, F|100\/100\n|-damage|p1b: Ogerpon|88\/100|[from] Stealth Rock\n|turn|6\n|\n|t:|1700006097\n|move|p2a: Kartana|Sacred Sword|p1b: Ogerpon\n|-damage|p1b: Ogerpon|40\/100\n|move|p2b: Indeedee|Expanding Force|p1b: Ogerpon|[spread] p1a,p1b\n|-resisted|p1a: Orthworm\n|-damage|p1a: Orthworm|0 fnt\n|-damage|p1b: Ogerpon|0 fnt\n|faint|p1a: Orthworm\n|faint|p1b: Ogerpon\n|\n|upkeep\n|inactive|Kricketune is Best has 120 seconds left.\n|\n|t:|1700006112\n|switch|p1b: Bibarel|Bibarel, F|100\/100\n|switch|p1a: Clefairy|Clefairy, F|88\/100\n|-damage|p1b: Bibarel|88\/100|[from] Stealth Rock\n|-damage|p1a: Clefairy|76\/100|[from] Stealth Rock\n|turn|7\n|inactive|Kricketune is Best has 120 seconds left.\n|\n|t:|1700006134\n|move|p1b: Bibarel|Protect|p1b: Bibarel\n|-singleturn|p1b: Bibarel|Protect\n|move|p2a: Kartana|Sacred Sword|p1b: Bibarel\n|-activate|p1b: Bibarel|move: Protect\n|move|p2b: Indeedee|Expanding Force|p1b: Bibarel|[spread] p1a\n|-activate|p1b: Bibarel|move: Protect\n|-damage|p1a: Clefairy|0 fnt\n|faint|p1a: Clefairy\n|\n|upkeep\n|inactive|Kricketune is Best has 120 seconds left.\n|\n|t:|1700006144\n|switch|p1a: Zamazenta|Zamazenta|64\/100 tox\n|-damage|p1a: Zamazenta|57\/100 tox|[from] Stealth Rock\n|turn|8\n|inactive|Kricketune is Best has 120 seconds left.\n|\n|t:|1700006176\n|move|p1b: Bibarel|Aqua Jet|p2a: Kartana\n|-activate|p2a: Kartana|move: Psychic Terrain\n|move|p2a: Kartana|Sacred Sword|p1b: Bibarel\n|-supereffective|p1b: Bibarel\n|-damage|p1b: Bibarel|0 fnt\n|faint|p1b: Bibarel\n|-ability|p2a: Kartana|Beast Boost|boost\n|-boost|p2a: Kartana|atk|1\n|move|p2b: Indeedee|Expanding Force|p1a: Zamazenta\n|-supereffective|p1a: Zamazenta\n|-damage|p1a: Zamazenta|0 fnt\n|faint|p1a: Zamazenta\n|\n|win|Hiub oh fkggj\n|raw|Kricketune is Best's rating: 1055 &rarr; <strong>1036<\/strong><br \/>(-19 for losing)\n|raw|Hiub oh fkggj's rating: 1043 &rarr; <strong>1078<\/strong><br \/>(+35 for winning)\n","uploadtime":1700006190,"views":5,"p1id":"kricketuneisbest","p2id":"hiubohfkggj","formatid":"gen9nationaldexdoubles","rating":1036,"private":0,"password":""}