{"id":"gen9nationaldexdoubles-1968478820","p1":"Sakura the blossom","p2":"Empress_Anna","format":"[Gen 9] National Dex Doubles","log":"|j|\u2606Sakura the blossom\n|j|\u2606Empress_Anna\n|t:|1697422964\n|gametype|doubles\n|player|p1|Sakura the blossom|caitlin|\n|player|p2|Empress_Anna|cheryl|\n|teamsize|p1|6\n|teamsize|p2|6\n|gen|9\n|tier|[Gen 9] National Dex Doubles\n|rule|HP Percentage Mod: HP is shown in percentages\n|rule|Endless Battle Clause: Forcing endless battles is banned\n|rule|OHKO Clause: OHKO moves are banned\n|rule|Evasion Moves Clause: Evasion moves are banned\n|rule|Evasion Abilities Clause: Evasion abilities are banned\n|rule|Species Clause: Limit one of each Pok\u00e9mon\n|rule|Gravity Sleep Clause: The combination of sleep-inducing moves with imperfect accuracy and Gravity or Gigantamax Orbeetle are banned\n|clearpoke\n|poke|p1|Oricorio-Sensu, F|\n|poke|p1|Volcarona, M|\n|poke|p1|Indeedee-F, F|\n|poke|p1|Alakazam, M|\n|poke|p1|Gallade, M|\n|poke|p1|Metagross|\n|poke|p2|Cherrim, M|\n|poke|p2|Ursaluna, M|\n|poke|p2|Barraskewda, M|\n|poke|p2|Pincurchin, M|\n|poke|p2|Manectric, F|\n|poke|p2|Raichu-Alola, F|\n|teampreview\n|inactive|Battle timer is ON: inactive players will automatically lose when time's up. (requested by Sakura the blossom)\n|c|\u2606Sakura the blossom|Gl hf\n|c|\u2606Empress_Anna|u tu\n|inactive|Empress_Anna has 270 seconds left.\n|\n|t:|1697422997\n|start\n|switch|p1a: Oricorio|Oricorio-Sensu, F, shiny|100\/100\n|switch|p1b: Volcarona|Volcarona, M|100\/100\n|switch|p2a: Cherrim|Cherrim, M|100\/100\n|switch|p2b: Ursaluna|Ursaluna, M|100\/100\n|turn|1\n|\n|t:|1697423021\n|move|p2b: Ursaluna|Protect|p2b: Ursaluna\n|-singleturn|p2b: Ursaluna|Protect\n|move|p1b: Volcarona|Quiver Dance|p1b: Volcarona\n|-boost|p1b: Volcarona|spa|1\n|-boost|p1b: Volcarona|spd|1\n|-boost|p1b: Volcarona|spe|1\n|-activate|p1a: Oricorio|ability: Dancer\n|move|p1a: Oricorio|Quiver Dance|p1a: Oricorio|[from]ability: Dancer\n|-boost|p1a: Oricorio|spa|1\n|-boost|p1a: Oricorio|spd|1\n|-boost|p1a: Oricorio|spe|1\n|move|p1a: Oricorio|Air Slash|p2a: Cherrim\n|-supereffective|p2a: Cherrim\n|-damage|p2a: Cherrim|0 fnt\n|faint|p2a: Cherrim\n|\n|-status|p2b: Ursaluna|brn|[from] item: Flame Orb\n|upkeep\n|c|\u2606Empress_Anna|ow\n|inactive|Empress_Anna has 270 seconds left.\n|c|\u2606Sakura the blossom|Speed\n|\n|t:|1697423039\n|switch|p2a: Barraskewda|Barraskewda, M, shiny|100\/100\n|turn|2\n|inactive|Empress_Anna has 270 seconds left.\n|inactive|Sakura the blossom has 270 seconds left.\n|\n|t:|1697423077\n|move|p1b: Volcarona|Giga Drain|p2a: Barraskewda\n|-supereffective|p2a: Barraskewda\n|-damage|p2a: Barraskewda|0 fnt\n|faint|p2a: Barraskewda\n|move|p1a: Oricorio|Air Slash|p2b: Ursaluna\n|-damage|p2b: Ursaluna|61\/100 brn\n|cant|p2b: Ursaluna|flinch\n|\n|-damage|p2b: Ursaluna|55\/100 brn|[from] brn\n|upkeep\n|c|\u2606Empress_Anna|FLINCH\n|\n|t:|1697423095\n|switch|p2a: Manectric|Manectric, F, shiny|100\/100\n|turn|3\n|inactive|Empress_Anna has 270 seconds left.\n|c|\u2606Sakura the blossom|30% chance noics\n|\n|t:|1697423113\n|detailschange|p2a: Manectric|Manectric-Mega, F, shiny\n|-mega|p2a: Manectric|Manectric|Manectite\n|-ability|p2a: Manectric|Intimidate|boost\n|-unboost|p1a: Oricorio|atk|1\n|-unboost|p1b: Volcarona|atk|1\n|move|p1a: Oricorio|Protect|p1a: Oricorio\n|-singleturn|p1a: Oricorio|Protect\n|move|p1b: Volcarona|Fiery Dance|p2a: Manectric\n|-damage|p2a: Manectric|1\/100\n|-activate|p1a: Oricorio|ability: Dancer\n|move|p1a: Oricorio|Fiery Dance|p2a: Manectric|[from]ability: Dancer\n|-damage|p2a: Manectric|0 fnt\n|-boost|p1a: Oricorio|spa|1\n|faint|p2a: Manectric\n|move|p2b: Ursaluna|Facade|p1b: Volcarona\n|-enditem|p1b: Volcarona|Focus Sash\n|-damage|p1b: Volcarona|1\/100\n|\n|-damage|p2b: Ursaluna|49\/100 brn|[from] brn\n|upkeep\n|c|\u2606Empress_Anna|saaaaaash\n|c|\u2606Empress_Anna|biiiiitch\n|c|\u2606Sakura the blossom|Yeahhhh\n|\n|t:|1697423140\n|switch|p2a: Pincurchin|Pincurchin, M|100\/100\n|-fieldstart|move: Electric Terrain|[from] ability: Electric Surge|[of] p2a: Pincurchin\n|turn|4\n|\n|t:|1697423156\n|move|p1b: Volcarona|Fiery Dance|p2a: Pincurchin\n|-damage|p2a: Pincurchin|28\/100\n|-activate|p1a: Oricorio|ability: Dancer\n|move|p1a: Oricorio|Fiery Dance|p2a: Pincurchin|[from]ability: Dancer\n|-damage|p2a: Pincurchin|0 fnt\n|-boost|p1a: Oricorio|spa|1\n|faint|p2a: Pincurchin\n|move|p1a: Oricorio|Air Slash|p2b: Ursaluna\n|-damage|p2b: Ursaluna|0 fnt\n|faint|p2b: Ursaluna\n|\n|upkeep\n|\n|t:|1697423171\n|switch|p2b: Raichu|Raichu-Alola, F|100\/100\n|turn|5\n|inactive|Empress_Anna has 270 seconds left.\n|\n|t:|1697423179\n|move|p2b: Raichu|Fake Out|p1b: Volcarona\n|-damage|p1b: Volcarona|0 fnt\n|faint|p1b: Volcarona\n|-damage|p2b: Raichu|91\/100|[from] item: Life Orb\n|move|p1a: Oricorio|Revelation Dance|p2b: Raichu\n|-supereffective|p2b: Raichu\n|-damage|p2b: Raichu|0 fnt\n|faint|p2b: Raichu\n|\n|win|Sakura the blossom\n|c|\u2606Empress_Anna|bleh\n|c|\u2606Empress_Anna|ggs\n|c|\u2606Sakura the blossom|Ggs\n","uploadtime":1697423197,"views":6,"p1id":"sakuratheblossom","p2id":"empressanna","formatid":"gen9nationaldexdoubles","rating":0,"private":0,"password":""}