{"id":"gen9nationaldexdoubles-2000330997","p1":"rax lemon","p2":"AdvancedDigit","format":"[Gen 9] National Dex Doubles","log":"|j|\u2606rax lemon\n|j|\u2606AdvancedDigit\n|t:|1701185618\n|gametype|doubles\n|player|p1|rax lemon|juan|1132\n|player|p2|AdvancedDigit|102|1089\n|teamsize|p1|6\n|teamsize|p2|6\n|gen|9\n|tier|[Gen 9] National Dex Doubles\n|rated|\n|rule|HP Percentage Mod: HP is shown in percentages\n|rule|Endless Battle Clause: Forcing endless battles is banned\n|rule|OHKO Clause: OHKO moves are banned\n|rule|Evasion Moves Clause: Evasion moves are banned\n|rule|Evasion Abilities Clause: Evasion abilities are banned\n|rule|Species Clause: Limit one of each Pok\u00e9mon\n|rule|Gravity Sleep Clause: The combination of sleep-inducing moves with imperfect accuracy and Gravity or Gigantamax Orbeetle are banned\n|clearpoke\n|poke|p1|Audino, F|\n|poke|p1|Espeon, M|\n|poke|p1|Weezing-Galar, M|\n|poke|p1|Comfey, F|\n|poke|p1|Swoobat, F|\n|poke|p1|Indeedee, M|\n|poke|p2|Cinccino, M|\n|poke|p2|Togekiss, F|\n|poke|p2|Amoonguss, M|\n|poke|p2|Chien-Pao|\n|poke|p2|Indeedee-F, F|\n|poke|p2|Arcanine, F|\n|teampreview\n|inactive|Battle timer is ON: inactive players will automatically lose when time's up. (requested by rax lemon)\n|\n|t:|1701185627\n|start\n|switch|p1a: Audino|Audino, F, shiny|100\/100\n|switch|p1b: Swoobat|Swoobat, F, shiny|100\/100\n|switch|p2a: Cinccino|Cinccino, M|100\/100\n|switch|p2b: Togekiss|Togekiss, F|100\/100\n|turn|1\n|\n|t:|1701185643\n|detailschange|p1a: Audino|Audino-Mega, F, shiny\n|-mega|p1a: Audino|Audino|Audinite\n|-terastallize|p2a: Cinccino|Normal\n|move|p1b: Swoobat|Simple Beam|p1a: Audino\n|-endability|p1a: Audino|Healer|[from] move: Simple Beam\n|-ability|p1a: Audino|Simple|[from] move: Simple Beam\n|move|p2a: Cinccino|Tail Slap|p1b: Swoobat\n|-damage|p1b: Swoobat|55\/100\n|-damage|p1b: Swoobat|10\/100\n|-damage|p1b: Swoobat|0 fnt\n|faint|p1b: Swoobat\n|-hitcount|p1: Swoobat|3\n|move|p2b: Togekiss|Tailwind|p2b: Togekiss\n|-sidestart|p2: AdvancedDigit|move: Tailwind\n|move|p1a: Audino|Calm Mind|p1a: Audino\n|-boost|p1a: Audino|spa|2\n|-boost|p1a: Audino|spd|2\n|\n|upkeep\n|j| KuroOtonashi\n|inactive|rax lemon has 120 seconds left.\n|\n|t:|1701185665\n|switch|p1b: Comfey|Comfey, F|100\/100\n|turn|2\n|\n|t:|1701185674\n|move|p2b: Togekiss|Follow Me|p2b: Togekiss\n|-singleturn|p2b: Togekiss|move: Follow Me\n|move|p2a: Cinccino|Tail Slap|p1a: Audino\n|-damage|p1a: Audino|87\/100\n|-damage|p1a: Audino|73\/100\n|-damage|p1a: Audino|60\/100\n|-damage|p1a: Audino|45\/100\n|-damage|p1a: Audino|32\/100\n|-hitcount|p1a: Audino|5\n|move|p1b: Comfey|Encore|p2b: Togekiss\n|-start|p2b: Togekiss|Encore\n|move|p1a: Audino|Draining Kiss|p2b: Togekiss\n|-damage|p2b: Togekiss|79\/100\n|-heal|p1a: Audino|47\/100|[from] drain|[of] p2b: Togekiss\n|\n|-heal|p2b: Togekiss|85\/100|[from] item: Leftovers\n|upkeep\n|turn|3\n|\n|t:|1701185694\n|move|p1b: Comfey|Floral Healing|p1a: Audino\n|-heal|p1a: Audino|97\/100\n|move|p2b: Togekiss|Follow Me|p2b: Togekiss\n|-singleturn|p2b: Togekiss|move: Follow Me\n|move|p2a: Cinccino|Tail Slap|p1a: Audino\n|-damage|p1a: Audino|83\/100\n|-damage|p1a: Audino|70\/100\n|-damage|p1a: Audino|56\/100\n|-damage|p1a: Audino|43\/100\n|-damage|p1a: Audino|29\/100\n|-hitcount|p1a: Audino|5\n|move|p1a: Audino|Draining Kiss|p2b: Togekiss\n|-damage|p2b: Togekiss|64\/100\n|-heal|p1a: Audino|42\/100|[from] drain|[of] p2b: Togekiss\n|\n|-heal|p2b: Togekiss|71\/100|[from] item: Leftovers\n|upkeep\n|turn|4\n|\n|t:|1701185714\n|move|p1b: Comfey|Floral Healing|p1a: Audino\n|-heal|p1a: Audino|92\/100\n|move|p2b: Togekiss|Follow Me|p2b: Togekiss\n|-singleturn|p2b: Togekiss|move: Follow Me\n|move|p2a: Cinccino|Tail Slap|p1b: Comfey\n|-damage|p1b: Comfey|74\/100\n|-damage|p1b: Comfey|46\/100\n|-damage|p1b: Comfey|21\/100\n|-crit|p1b: Comfey\n|-damage|p1b: Comfey|0 fnt\n|faint|p1b: Comfey\n|-hitcount|p1: Comfey|4\n|move|p1a: Audino|Calm Mind|p1a: Audino\n|-boost|p1a: Audino|spa|2\n|-boost|p1a: Audino|spd|2\n|\n|-heal|p2b: Togekiss|77\/100|[from] item: Leftovers\n|-sideend|p2: AdvancedDigit|move: Tailwind\n|upkeep\n|\n|t:|1701185732\n|switch|p1b: Espeon|Espeon, M|100\/100\n|turn|5\n|\n|t:|1701185738\n|move|p2b: Togekiss|Follow Me|p2b: Togekiss\n|-singleturn|p2b: Togekiss|move: Follow Me\n|move|p1b: Espeon|Reflect|p1b: Espeon\n|-sidestart|p1: rax lemon|Reflect\n|move|p2a: Cinccino|Tail Slap|p1a: Audino\n|-damage|p1a: Audino|83\/100\n|-crit|p1a: Audino\n|-damage|p1a: Audino|63\/100\n|-crit|p1a: Audino\n|-damage|p1a: Audino|44\/100\n|-damage|p1a: Audino|35\/100\n|-hitcount|p1a: Audino|4\n|move|p1a: Audino|Draining Kiss|p2b: Togekiss\n|-damage|p2b: Togekiss|44\/100\n|-heal|p1a: Audino|58\/100|[from] drain|[of] p2b: Togekiss\n|\n|-heal|p2b: Togekiss|50\/100|[from] item: Leftovers\n|-end|p2b: Togekiss|Encore\n|upkeep\n|turn|6\n|\n|t:|1701185767\n|move|p2b: Togekiss|Helping Hand|p2a: Cinccino\n|-singleturn|p2a: Cinccino|Helping Hand|[of] p2b: Togekiss\n|move|p1b: Espeon|Thunder Wave|p2a: Cinccino|[miss]\n|-miss|p1b: Espeon|p2a: Cinccino\n|move|p2a: Cinccino|Tail Slap|p1a: Audino\n|-damage|p1a: Audino|43\/100\n|-damage|p1a: Audino|28\/100\n|-damage|p1a: Audino|13\/100\n|-damage|p1a: Audino|0 fnt\n|faint|p1a: Audino\n|-hitcount|p1: Audino|4\n|\n|-heal|p2b: Togekiss|56\/100|[from] item: Leftovers\n|upkeep\n|-message|rax lemon forfeited.\n|\n|win|AdvancedDigit\n|raw|rax lemon's rating: 1132 &rarr; <strong>1104<\/strong><br \/>(-28 for losing)\n|raw|AdvancedDigit's rating: 1089 &rarr; <strong>1119<\/strong><br \/>(+30 for winning)\n|l|\u2606rax lemon\n","uploadtime":1701185783,"views":0,"p1id":"raxlemon","p2id":"advanceddigit","formatid":"gen9nationaldexdoubles","rating":1104,"private":0,"password":""}