{"id":"gen9nationaldexdoubles-1987346569","p1":"Theadonia","p2":"Lil barnacle Boi","format":"[Gen 9] National Dex Doubles","log":"|j|\u2606Theadonia\n|j|\u2606Lil barnacle Boi\n|t:|1699580122\n|gametype|doubles\n|player|p1|Theadonia|roxie|1118\n|player|p2|Lil barnacle Boi|li|1187\n|teamsize|p1|6\n|teamsize|p2|6\n|gen|9\n|tier|[Gen 9] National Dex Doubles\n|rated|\n|rule|HP Percentage Mod: HP is shown in percentages\n|rule|Endless Battle Clause: Forcing endless battles is banned\n|rule|OHKO Clause: OHKO moves are banned\n|rule|Evasion Moves Clause: Evasion moves are banned\n|rule|Evasion Abilities Clause: Evasion abilities are banned\n|rule|Species Clause: Limit one of each Pok\u00e9mon\n|rule|Gravity Sleep Clause: The combination of sleep-inducing moves with imperfect accuracy and Gravity or Gigantamax Orbeetle are banned\n|clearpoke\n|poke|p1|Murkrow, F|\n|poke|p1|Sableye, F|\n|poke|p1|Shuckle, M|\n|poke|p1|Flutter Mane|\n|poke|p1|Chansey, F|\n|poke|p1|Gardevoir, F|\n|poke|p2|Salamence, M|\n|poke|p2|Zamazenta-*|\n|poke|p2|Regieleki|\n|poke|p2|Iron Bundle|\n|poke|p2|Cresselia, F|\n|poke|p2|Incineroar, M|\n|teampreview\n|\n|t:|1699580145\n|start\n|switch|p1a: Shuckle|Shuckle, M|100\/100\n|switch|p1b: Sableye|Sableye, F|100\/100\n|switch|p2a: Regieleki|Regieleki, shiny|100\/100\n|switch|p2b: Zamazenta|Zamazenta, shiny|100\/100\n|-item|p2a: Regieleki|Air Balloon\n|-ability|p2b: Zamazenta|Dauntless Shield|boost\n|-boost|p2b: Zamazenta|def|1\n|turn|1\n|inactive|Battle timer is ON: inactive players will automatically lose when time's up. (requested by Lil barnacle Boi)\n|inactive|Theadonia has 120 seconds left.\n|\n|t:|1699580179\n|-terastallize|p1a: Shuckle|Poison\n|move|p1b: Sableye|Trick|p2a: Regieleki\n|-activate|p1b: Sableye|move: Trick|[of] p2a: Regieleki\n|-item|p2a: Regieleki|Eject Button|[from] move: Trick\n|-item|p1b: Sableye|Air Balloon\n|-item|p1b: Sableye|Air Balloon|[from] move: Trick\n|move|p2a: Regieleki|Volt Switch|p1b: Sableye\n|-damage|p1b: Sableye|32\/100\n|-enditem|p1b: Sableye|Air Balloon\n|\n|t:|1699580189\n|switch|p2a: Salamence|Salamence, M, shiny|100\/100|[from] Volt Switch\n|-ability|p2a: Salamence|Intimidate|boost\n|-boost|p1a: Shuckle|atk|1\n|-unboost|p1b: Sableye|atk|1\n|move|p2b: Zamazenta|Coaching|p2a: Salamence\n|-boost|p2a: Salamence|atk|1\n|-boost|p2a: Salamence|def|1\n|move|p1a: Shuckle|Shell Smash|p1a: Shuckle\n|-boost|p1a: Shuckle|def|1\n|-boost|p1a: Shuckle|spd|1\n|-unboost|p1a: Shuckle|atk|2\n|-unboost|p1a: Shuckle|spa|2\n|-unboost|p1a: Shuckle|spe|2\n|\n|upkeep\n|turn|2\n|\n|t:|1699580209\n|move|p1b: Sableye|Trick||[still]\n|-fail|p1b: Sableye\n|move|p2b: Zamazenta|Coaching|p2a: Salamence\n|-boost|p2a: Salamence|atk|1\n|-boost|p2a: Salamence|def|1\n|move|p2a: Salamence|Dragon Dance|p2a: Salamence\n|-boost|p2a: Salamence|atk|1\n|-boost|p2a: Salamence|spe|1\n|move|p1a: Shuckle|Toxic|p2a: Salamence\n|-status|p2a: Salamence|tox\n|\n|-damage|p2a: Salamence|94\/100 tox|[from] psn\n|upkeep\n|turn|3\n|\n|t:|1699580234\n|detailschange|p2a: Salamence|Salamence-Mega, M, shiny\n|-mega|p2a: Salamence|Salamence|Salamencite\n|move|p1b: Sableye|Psych Up|p2a: Salamence\n|-copyboost|p1b: Sableye|p2a: Salamence|[from] move: Psych Up\n|move|p2a: Salamence|Return|p1a: Shuckle\n|-damage|p1a: Shuckle|17\/100\n|move|p2b: Zamazenta|Coaching|p2a: Salamence\n|-boost|p2a: Salamence|atk|1\n|-boost|p2a: Salamence|def|1\n|move|p1a: Shuckle|Toxic|p2b: Zamazenta\n|-status|p2b: Zamazenta|tox\n|\n|-heal|p1a: Shuckle|23\/100|[from] item: Black Sludge\n|-damage|p2a: Salamence|82\/100 tox|[from] psn\n|-damage|p2b: Zamazenta|94\/100 tox|[from] psn\n|upkeep\n|turn|4\n|\n|t:|1699580252\n|move|p2a: Salamence|Protect|p2a: Salamence\n|-singleturn|p2a: Salamence|Protect\n|move|p2b: Zamazenta|Coaching|p2a: Salamence\n|-boost|p2a: Salamence|atk|1\n|-boost|p2a: Salamence|def|1\n|move|p1b: Sableye|Knock Off|p2a: Salamence\n|-activate|p2a: Salamence|move: Protect\n|move|p1a: Shuckle|Rest|p1a: Shuckle\n|-status|p1a: Shuckle|slp|[from] move: Rest\n|-heal|p1a: Shuckle|100\/100 slp|[silent]\n|\n|-heal|p2b: Zamazenta|100\/100 tox|[from] item: Leftovers\n|-damage|p2a: Salamence|64\/100 tox|[from] psn\n|-damage|p2b: Zamazenta|88\/100 tox|[from] psn\n|upkeep\n|turn|5\n|\n|t:|1699580268\n|switch|p2b: Cresselia|Cresselia, F, shiny|100\/100\n|move|p1b: Sableye|Recover|p1b: Sableye\n|-heal|p1b: Sableye|82\/100\n|move|p2a: Salamence|Dragon Dance|p2a: Salamence\n|-boost|p2a: Salamence|atk|1\n|-boost|p2a: Salamence|spe|1\n|cant|p1a: Shuckle|slp\n|\n|-damage|p2b: Cresselia|88\/100|[from] item: Black Sludge\n|-damage|p2a: Salamence|40\/100 tox|[from] psn\n|upkeep\n|turn|6\n|\n|t:|1699580279\n|-terastallize|p2b: Cresselia|Poison\n|move|p2a: Salamence|Return|p1a: Shuckle\n|-damage|p1a: Shuckle|0 fnt\n|faint|p1a: Shuckle\n|move|p2b: Cresselia|Psych Up|p2a: Salamence\n|-copyboost|p2b: Cresselia|p2a: Salamence|[from] move: Psych Up\n|move|p1b: Sableye|Knock Off|p2b: Cresselia\n|-crit|p2b: Cresselia\n|-damage|p2b: Cresselia|0 fnt\n|-enditem|p2b: Cresselia|Black Sludge|[from] move: Knock Off|[of] p1b: Sableye\n|faint|p2b: Cresselia\n|\n|-damage|p2a: Salamence|10\/100 tox|[from] psn\n|upkeep\n|c|\u2606Lil barnacle Boi|fuckin ofc\n|\n|t:|1699580305\n|switch|p2b: Regieleki|Regieleki, shiny|100\/100\n|switch|p1a: Murkrow|Murkrow, F|100\/100\n|turn|7\n|\n|t:|1699580315\n|move|p1a: Murkrow|Psych Up|p2a: Salamence\n|-copyboost|p1a: Murkrow|p2a: Salamence|[from] move: Psych Up\n|move|p1b: Sableye|Psych Up|p2a: Salamence\n|-copyboost|p1b: Sableye|p2a: Salamence|[from] move: Psych Up\n|move|p2a: Salamence|Return|p1b: Sableye\n|-damage|p1b: Sableye|0 fnt\n|faint|p1b: Sableye\n|move|p2b: Regieleki|Electroweb|p1a: Murkrow\n|-supereffective|p1a: Murkrow\n|-damage|p1a: Murkrow|44\/100\n|-unboost|p1a: Murkrow|spe|1\n|\n|-damage|p2a: Salamence|0 fnt|[from] psn\n|faint|p2a: Salamence\n|upkeep\n|\n|t:|1699580332\n|switch|p2a: Incineroar|Incineroar, M, shiny|100\/100\n|switch|p1b: Chansey|Chansey, F|100\/100\n|-ability|p2a: Incineroar|Intimidate|boost\n|-unboost|p1a: Murkrow|atk|1\n|-unboost|p1b: Chansey|atk|1\n|turn|8\n|\n|t:|1699580347\n|move|p2a: Incineroar|Fake Out|p1a: Murkrow\n|-damage|p1a: Murkrow|39\/100\n|cant|p1a: Murkrow|flinch\n|move|p2b: Regieleki|Volt Switch|p1a: Murkrow\n|-supereffective|p1a: Murkrow\n|-damage|p1a: Murkrow|0 fnt\n|faint|p1a: Murkrow\n|\n|t:|1699580355\n|switch|p2b: Zamazenta|Zamazenta, shiny|88\/100 tox|[from] Volt Switch\n|move|p1b: Chansey|Heal Pulse|p1: Murkrow|[notarget]\n|-fail|p1b: Chansey\n|\n|-heal|p2b: Zamazenta|94\/100 tox|[from] item: Leftovers\n|-damage|p2b: Zamazenta|88\/100 tox|[from] psn\n|upkeep\n|\n|t:|1699580364\n|switch|p1a: Gardevoir|Gardevoir, F|100\/100\n|-ability|p1a: Gardevoir|Intimidate|boost\n|-unboost|p2a: Incineroar|atk|1\n|-unboost|p2b: Zamazenta|atk|1\n|-ability|p1a: Gardevoir|Intimidate|[from] ability: Trace|[of] p2a: Incineroar\n|turn|9\n|\n|t:|1699580393\n|detailschange|p1a: Gardevoir|Gardevoir-Mega, F\n|-mega|p1a: Gardevoir|Gardevoir|Gardevoirite\n|move|p2b: Zamazenta|Protect|p2b: Zamazenta\n|-singleturn|p2b: Zamazenta|Protect\n|move|p1a: Gardevoir|Dazzling Gleam|p2b: Zamazenta|[spread] p2a\n|-activate|p2b: Zamazenta|move: Protect\n|-damage|p2a: Incineroar|74\/100\n|move|p2a: Incineroar|Close Combat|p1b: Chansey\n|-supereffective|p1b: Chansey\n|-damage|p1b: Chansey|75\/100\n|-unboost|p2a: Incineroar|def|1\n|-unboost|p2a: Incineroar|spd|1\n|move|p1b: Chansey|Seismic Toss|p2a: Incineroar\n|-damage|p2a: Incineroar|49\/100\n|\n|-heal|p2b: Zamazenta|94\/100 tox|[from] item: Leftovers\n|-damage|p2b: Zamazenta|82\/100 tox|[from] psn\n|upkeep\n|turn|10\n|inactive|Lil barnacle Boi has 120 seconds left.\n|\n|t:|1699580435\n|switch|p2a: Iron Bundle|Iron Bundle, shiny|100\/100\n|-enditem|p2a: Iron Bundle|Booster Energy\n|-activate|p2a: Iron Bundle|ability: Quark Drive|[fromitem]\n|-start|p2a: Iron Bundle|quarkdrivespe\n|move|p2b: Zamazenta|Coaching|p2a: Iron Bundle\n|-boost|p2a: Iron Bundle|atk|1\n|-boost|p2a: Iron Bundle|def|1\n|move|p1a: Gardevoir|Dazzling Gleam|p2b: Zamazenta|[spread] p2a,p2b\n|-supereffective|p2b: Zamazenta\n|-damage|p2a: Iron Bundle|43\/100\n|-damage|p2b: Zamazenta|24\/100 tox\n|move|p1b: Chansey|Seismic Toss|p2a: Iron Bundle\n|-damage|p2a: Iron Bundle|12\/100\n|\n|-heal|p2b: Zamazenta|30\/100 tox|[from] item: Leftovers\n|-damage|p2b: Zamazenta|12\/100 tox|[from] psn\n|upkeep\n|turn|11\n|\n|t:|1699580450\n|move|p2a: Iron Bundle|Flip Turn|p1b: Chansey\n|-damage|p1b: Chansey|60\/100\n|\n|t:|1699580456\n|-end|p2a: Iron Bundle|Quark Drive|[silent]\n|switch|p2a: Regieleki|Regieleki, shiny|100\/100|[from] Flip Turn\n|move|p2b: Zamazenta|Trailblaze|p1b: Chansey\n|-damage|p1b: Chansey|54\/100\n|-boost|p2b: Zamazenta|spe|1\n|move|p1a: Gardevoir|Dazzling Gleam|p2b: Zamazenta|[spread] p2a,p2b\n|-supereffective|p2b: Zamazenta\n|-damage|p2a: Regieleki|22\/100\n|-damage|p2b: Zamazenta|0 fnt\n|faint|p2b: Zamazenta\n|-enditem|p2a: Regieleki|Eject Button\n|\n|t:|1699580459\n|switch|p2a: Incineroar|Incineroar, M, shiny|49\/100\n|-ability|p2a: Incineroar|Intimidate|boost\n|-unboost|p1a: Gardevoir|atk|1\n|-unboost|p1b: Chansey|atk|1\n|move|p1b: Chansey|Soft-Boiled|p1b: Chansey\n|-heal|p1b: Chansey|100\/100\n|\n|upkeep\n|\n|t:|1699580462\n|switch|p2b: Regieleki|Regieleki, shiny|22\/100\n|turn|12\n|\n|t:|1699580475\n|move|p2a: Incineroar|Fake Out|p1a: Gardevoir\n|-damage|p1a: Gardevoir|83\/100\n|move|p2b: Regieleki|Explosion|p1a: Gardevoir|[spread] p2a,p1a,p1b\n|-damage|p2a: Incineroar|6\/100\n|-damage|p1a: Gardevoir|12\/100\n|-damage|p1b: Chansey|70\/100\n|faint|p2b: Regieleki\n|cant|p1a: Gardevoir|flinch\n|move|p1b: Chansey|Seismic Toss|p2a: Incineroar\n|-damage|p2a: Incineroar|0 fnt\n|faint|p2a: Incineroar\n|\n|upkeep\n|\n|t:|1699580485\n|switch|p2a: Iron Bundle|Iron Bundle, shiny|12\/100\n|turn|13\n|-message|Lil barnacle Boi forfeited.\n|\n|win|Theadonia\n|raw|Theadonia's rating: 1118 &rarr; <strong>1148<\/strong><br \/>(+30 for winning)\n|raw|Lil barnacle Boi's rating: 1187 &rarr; <strong>1157<\/strong><br \/>(-30 for losing)\n|l|\u2606Lil barnacle Boi\n","uploadtime":1699580498,"views":5,"p1id":"theadonia","p2id":"lilbarnacleboi","formatid":"gen9nationaldexdoubles","rating":1148,"private":0,"password":""}