{"id":"gen9nationaldexdoubles-1947694749","p1":"Irisillia","p2":"billyisgod","format":"[Gen 9] National Dex Doubles","log":"|j|\u2606Irisillia\n|j|\u2606billyisgod\n|t:|1695188271\n|gametype|doubles\n|player|p1|Irisillia|emmet|\n|player|p2|billyisgod|bugcatcher-gen4dp|\n|teamsize|p1|4\n|teamsize|p2|4\n|gen|9\n|tier|[Gen 9] National Dex Doubles\n|rule|HP Percentage Mod: HP is shown in percentages\n|rule|Endless Battle Clause: Forcing endless battles is banned\n|rule|OHKO Clause: OHKO moves are banned\n|rule|Evasion Moves Clause: Evasion moves are banned\n|rule|Evasion Abilities Clause: Evasion abilities are banned\n|rule|Species Clause: Limit one of each Pok\u00e9mon\n|rule|Gravity Sleep Clause: The combination of sleep-inducing moves with imperfect accuracy and Gravity or Gigantamax Orbeetle are banned\n|clearpoke\n|poke|p1|Dragapult, M|\n|poke|p1|Weezing-Galar, F|\n|poke|p1|Gholdengo|\n|poke|p1|Pawmot, F|\n|poke|p2|Eevee, M|\n|poke|p2|Skarmory, M|\n|poke|p2|Tapu Bulu|\n|poke|p2|Porygon-Z|\n|teampreview\n|\n|t:|1695188288\n|start\n|switch|p1a: Dragapult|Dragapult, M|100\/100\n|switch|p1b: Gholdengo|Gholdengo|100\/100\n|switch|p2a: Large Excrement|Skarmory, M, shiny|100\/100\n|switch|p2b: Interesting Condom|Porygon-Z, shiny|100\/100\n|turn|1\n|\n|t:|1695188307\n|move|p1a: Dragapult|Dragon Dance|p1a: Dragapult\n|-boost|p1a: Dragapult|atk|1\n|-boost|p1a: Dragapult|spe|1\n|move|p1b: Gholdengo|Psyshock|p2a: Large Excrement\n|-resisted|p2a: Large Excrement\n|-damage|p2a: Large Excrement|89\/100\n|move|p2b: Interesting Condom|Ice Beam|p1a: Dragapult\n|-supereffective|p1a: Dragapult\n|-damage|p1a: Dragapult|10\/100\n|-status|p1a: Dragapult|frz\n|move|p2a: Large Excrement|Spikes|p1b: Gholdengo\n|-sidestart|p1: Irisillia|Spikes\n|\n|upkeep\n|turn|2\n|\n|t:|1695188337\n|cant|p1a: Dragapult|frz\n|move|p1b: Gholdengo|Make It Rain|p2a: Large Excrement|[spread] p2a,p2b\n|-resisted|p2a: Large Excrement\n|-crit|p2a: Large Excrement\n|-damage|p2a: Large Excrement|37\/100\n|-damage|p2b: Interesting Condom|60\/100\n|-unboost|p1b: Gholdengo|spa|1\n|move|p2b: Interesting Condom|Ice Beam|p1a: Dragapult\n|-supereffective|p1a: Dragapult\n|-damage|p1a: Dragapult|0 fnt\n|faint|p1a: Dragapult\n|move|p2a: Large Excrement|Stealth Rock|p1b: Gholdengo\n|-sidestart|p1: Irisillia|move: Stealth Rock\n|\n|upkeep\n|\n|t:|1695188351\n|switch|p1a: Weezing|Weezing-Galar, F|100\/100\n|-damage|p1a: Weezing|88\/100|[from] Stealth Rock\n|turn|3\n|\n|t:|1695188359\n|move|p1b: Gholdengo|Protect|p1b: Gholdengo\n|-singleturn|p1b: Gholdengo|Protect\n|move|p2b: Interesting Condom|Discharge|p1b: Gholdengo|[spread] p2a,p1a\n|-activate|p1b: Gholdengo|move: Protect\n|-supereffective|p2a: Large Excrement\n|-damage|p2a: Large Excrement|0 fnt\n|-damage|p1a: Weezing|57\/100\n|faint|p2a: Large Excrement\n|move|p1a: Weezing|Explosion|p2b: Interesting Condom|[spread] p2b\n|-activate|p1b: Gholdengo|move: Protect\n|-damage|p2b: Interesting Condom|8\/100\n|faint|p1a: Weezing\n|\n|upkeep\n|\n|t:|1695188394\n|switch|p2a: Kindergarten Bully|Tapu Bulu, shiny|100\/100\n|switch|p1a: Pawmot|Pawmot, F|100\/100\n|-damage|p1a: Pawmot|88\/100|[from] Spikes\n|-damage|p1a: Pawmot|82\/100|[from] Stealth Rock\n|-fieldstart|move: Grassy Terrain|[from] ability: Grassy Surge|[of] p2a: Kindergarten Bully\n|-enditem|p2a: Kindergarten Bully|Grassy Seed\n|-boost|p2a: Kindergarten Bully|def|1|[from] item: Grassy Seed\n|turn|4\n|\n|t:|1695188657\n|move|p1a: Pawmot|Revival Blessing|p1a: Pawmot\n|\n|t:|1695188664\n|-heal|p1: Weezing|50\/100|[from] move: Revival Blessing\n|move|p1b: Gholdengo|Make It Rain|p2b: Interesting Condom|[spread] p2a,p2b\n|-supereffective|p2a: Kindergarten Bully\n|-damage|p2a: Kindergarten Bully|39\/100\n|-damage|p2b: Interesting Condom|0 fnt\n|-unboost|p1b: Gholdengo|spa|1\n|faint|p2b: Interesting Condom\n|move|p2a: Kindergarten Bully|Horn Leech|p1a: Pawmot\n|-damage|p1a: Pawmot|4\/100\n|-heal|p2a: Kindergarten Bully|78\/100|[from] drain|[of] p1a: Pawmot\n|\n|-heal|p1a: Pawmot|10\/100|[from] Grassy Terrain\n|-heal|p2a: Kindergarten Bully|84\/100|[from] Grassy Terrain\n|upkeep\n|\n|t:|1695188693\n|switch|p2b: Genocidal Maniac|Eevee, M, shiny|100\/100\n|-ability|p2b: Genocidal Maniac|Anticipation\n|turn|5\n|\n|t:|1695188712\n|move|p1a: Pawmot|Brick Break|p2b: Genocidal Maniac\n|-supereffective|p2b: Genocidal Maniac\n|-damage|p2b: Genocidal Maniac|10\/100\n|move|p1b: Gholdengo|Psyshock|p2a: Kindergarten Bully\n|-damage|p2a: Kindergarten Bully|76\/100\n|move|p2b: Genocidal Maniac|Wish|p2b: Genocidal Maniac\n|move|p2a: Kindergarten Bully|Horn Leech|p1a: Pawmot\n|-damage|p1a: Pawmot|0 fnt\n|-heal|p2a: Kindergarten Bully|81\/100|[from] drain|[of] p1a: Pawmot\n|faint|p1a: Pawmot\n|\n|-heal|p2b: Genocidal Maniac|16\/100|[from] Grassy Terrain\n|-heal|p2a: Kindergarten Bully|87\/100|[from] Grassy Terrain\n|upkeep\n|\n|t:|1695188725\n|switch|p1a: Weezing|Weezing-Galar, F|50\/100\n|-damage|p1a: Weezing|38\/100|[from] Stealth Rock\n|turn|6\n|\n|t:|1695188747\n|move|p1b: Gholdengo|Make It Rain|p2a: Kindergarten Bully|[spread] p2a,p2b\n|-supereffective|p2a: Kindergarten Bully\n|-damage|p2a: Kindergarten Bully|38\/100\n|-damage|p2b: Genocidal Maniac|0 fnt\n|-unboost|p1b: Gholdengo|spa|1\n|faint|p2b: Genocidal Maniac\n|move|p2a: Kindergarten Bully|Horn Leech|p1a: Weezing\n|-resisted|p1a: Weezing\n|-damage|p1a: Weezing|20\/100\n|-heal|p2a: Kindergarten Bully|47\/100|[from] drain|[of] p1a: Weezing\n|move|p1a: Weezing|Explosion|p2a: Kindergarten Bully|[spread] p2a\n|-immune|p1b: Gholdengo\n|-damage|p2a: Kindergarten Bully|23\/100\n|faint|p1a: Weezing\n|\n|-heal|p2a: Kindergarten Bully|29\/100|[from] Grassy Terrain\n|upkeep\n|turn|7\n|\n|t:|1695188772\n|move|p1b: Gholdengo|Make It Rain|p2a: Kindergarten Bully\n|-supereffective|p2a: Kindergarten Bully\n|-damage|p2a: Kindergarten Bully|0 fnt\n|-unboost|p1b: Gholdengo|spa|1\n|faint|p2a: Kindergarten Bully\n|\n|win|Irisillia\n","uploadtime":1695188788,"views":5,"p1id":"irisillia","p2id":"billyisgod","formatid":"gen9nationaldexdoubles","rating":0,"private":0,"password":""}