{"id":"gen9nationaldexdoubles-1957797255","p1":"AutumnCookie","p2":"cassinidivision","format":"[Gen 9] National Dex Doubles","log":"|j|\u2606AutumnCookie\n|j|\u2606cassinidivision\n|t:|1696261745\n|gametype|doubles\n|player|p1|AutumnCookie|blue|\n|player|p2|cassinidivision|furisodegirl-pink|\n|teamsize|p1|6\n|teamsize|p2|6\n|gen|9\n|tier|[Gen 9] National Dex Doubles\n|rule|HP Percentage Mod: HP is shown in percentages\n|rule|Endless Battle Clause: Forcing endless battles is banned\n|rule|OHKO Clause: OHKO moves are banned\n|rule|Evasion Moves Clause: Evasion moves are banned\n|rule|Evasion Abilities Clause: Evasion abilities are banned\n|rule|Species Clause: Limit one of each Pok\u00e9mon\n|rule|Gravity Sleep Clause: The combination of sleep-inducing moves with imperfect accuracy and Gravity or Gigantamax Orbeetle are banned\n|clearpoke\n|poke|p1|Lycanroc-Midnight, M|\n|poke|p1|Incineroar, M|\n|poke|p1|Golisopod, F|\n|poke|p1|Mimikyu, F|\n|poke|p1|Scrafty, M|\n|poke|p1|Electivire, M|\n|poke|p2|Polteageist-Antique|\n|poke|p2|Sinistcha-Masterpiece|\n|poke|p2|Aegislash, F|\n|poke|p2|Dusknoir, M|\n|poke|p2|Dragapult, F|\n|poke|p2|Cursola, F|\n|teampreview\n|c|\u2606cassinidivision|teehee\n|\n|t:|1696261770\n|start\n|switch|p1a: Golisopod|Golisopod, F|100\/100\n|switch|p1b: Scrafty|Scrafty, M|100\/100\n|switch|p2a: Polteageist|Polteageist-Antique|100\/100\n|switch|p2b: Dragapult|Dragapult, F|100\/100\n|turn|1\n|c|\u2606AutumnCookie|Oh I mentioned Incineroar and Mimikyu I totally forgot about fuckin Scrafty too.\n|c|\u2606cassinidivision|yeah good point\n|\n|t:|1696261805\n|move|p1a: Golisopod|First Impression|p2b: Dragapult\n|-resisted|p2b: Dragapult\n|-damage|p2b: Dragapult|57\/100\n|move|p2b: Dragapult|U-turn|p1b: Scrafty\n|-damage|p1b: Scrafty|86\/100\n|c|\u2606cassinidivision|im expecting to lose\n|\n|t:|1696261824\n|switch|p2b: Dusknoir|Dusknoir, M|100\/100|[from] U-turn\n|-ability|p2b: Dusknoir|Pressure\n|move|p2a: Polteageist|Shell Smash|p2a: Polteageist\n|-unboost|p2a: Polteageist|def|1\n|-unboost|p2a: Polteageist|spd|1\n|-boost|p2a: Polteageist|atk|2\n|-boost|p2a: Polteageist|spa|2\n|-boost|p2a: Polteageist|spe|2\n|move|p1b: Scrafty|Bulk Up|p1b: Scrafty\n|-boost|p1b: Scrafty|atk|1\n|-boost|p1b: Scrafty|def|1\n|\n|-heal|p1b: Scrafty|92\/100|[from] item: Leftovers\n|upkeep\n|turn|2\n|c|\u2606AutumnCookie|Good news is since this is a ghost team the Scrafty at least doesn't get drain punch recovery\n|c|\u2606cassinidivision|TRUE\n|\n|t:|1696261872\n|move|p2a: Polteageist|Shadow Ball|p1a: Golisopod\n|-damage|p1a: Golisopod|0 fnt\n|faint|p1a: Golisopod\n|move|p1b: Scrafty|Knock Off|p2a: Polteageist\n|-supereffective|p2a: Polteageist\n|-enditem|p2a: Polteageist|Focus Sash\n|-damage|p2a: Polteageist|1\/100\n|-start|p1b: Scrafty|Disable|Knock Off|[from] ability: Cursed Body|[of] p2a: Polteageist\n|move|p2b: Dusknoir|Curse|p1b: Scrafty\n|-start|p1b: Scrafty|Curse|[of] p2b: Dusknoir\n|-damage|p2b: Dusknoir|50\/100\n|\n|-heal|p1b: Scrafty|98\/100|[from] item: Leftovers\n|-damage|p1b: Scrafty|73\/100|[from] Curse\n|upkeep\n|c|\u2606AutumnCookie|SEE NOW SCRAFTY HAS TO SWITCH CAUSE. KNOCK OFF IS THE ONLY FIGHTING MOVE. I FORGOT ABOUT CURSE BODY\n|c|\u2606AutumnCookie|Non fighting move\n|c|\u2606AutumnCookie|I meant\n|\n|t:|1696261915\n|switch|p1a: Incineroar|Incineroar, M|100\/100\n|-ability|p1a: Incineroar|Intimidate|boost\n|-unboost|p2a: Polteageist|atk|1\n|-unboost|p2b: Dusknoir|atk|1\n|turn|3\n|c|\u2606cassinidivision|my curse.... sadge\n|\n|t:|1696261950\n|switch|p1b: Electivire|Electivire, M|100\/100\n|move|p2a: Polteageist|Shadow Ball|p1b: Electivire\n|-enditem|p1b: Electivire|Focus Sash\n|-damage|p1b: Electivire|1\/100\n|move|p1a: Incineroar|Knock Off|p2b: Dusknoir\n|-supereffective|p2b: Dusknoir\n|-damage|p2b: Dusknoir|0 fnt\n|-damage|p1a: Incineroar|84\/100|[from] item: Rocky Helmet|[of] p2b: Dusknoir\n|-enditem|p2b: Dusknoir|Rocky Helmet|[from] move: Knock Off|[of] p1a: Incineroar\n|faint|p2b: Dusknoir\n|\n|upkeep\n|\n|t:|1696261966\n|switch|p2b: Cursola|Cursola, F|100\/100\n|turn|4\n|l|\u2606AutumnCookie\n|player|p1|\n|j|\u2606AutumnCookie\n|player|p1|AutumnCookie|blue\n|c|\u2606cassinidivision|become hilda\n|l|\u2606AutumnCookie\n|player|p1|\n|j|\u2606AutumnCookie\n|player|p1|AutumnCookie|blue\n|\n|t:|1696262047\n|move|p2a: Polteageist|Dark Pulse|p1b: Electivire\n|-damage|p1b: Electivire|0 fnt\n|faint|p1b: Electivire\n|move|p1a: Incineroar|Knock Off|p2a: Polteageist\n|-supereffective|p2a: Polteageist\n|-damage|p2a: Polteageist|0 fnt\n|-start|p1a: Incineroar|Disable|Knock Off|[from] ability: Cursed Body|[of] p2a: Polteageist\n|faint|p2a: Polteageist\n|move|p2b: Cursola|Surf|p1a: Incineroar\n|-supereffective|p1a: Incineroar\n|-damage|p1a: Incineroar|0 fnt\n|faint|p1a: Incineroar\n|\n|upkeep\n|c|\u2606cassinidivision|become hilbert\n|\n|t:|1696262074\n|switch|p1b: Scrafty|Scrafty, M|73\/100\n|switch|p1a: Mimikyu|Mimikyu, F|100\/100\n|switch|p2a: Dragapult|Dragapult, F|57\/100\n|turn|5\n|c|\u2606AutumnCookie|Maybe you do have a chance actually I'm playing kinda badly here\n|l|\u2606AutumnCookie\n|player|p1|\n|j|\u2606AutumnCookie\n|player|p1|AutumnCookie|blue\n|c|\u2606cassinidivision|reasonably kohaku might underestimate a ghost trainer\n|c|\u2606cassinidivision|esp bc lottie baby ygm\n|\n|t:|1696262122\n|move|p2a: Dragapult|U-turn|p1b: Scrafty\n|-damage|p1b: Scrafty|58\/100\n|\n|t:|1696262130\n|switch|p2a: Aegislash|Aegislash, F|100\/100|[from] U-turn\n|move|p1a: Mimikyu|Swords Dance|p1a: Mimikyu\n|-boost|p1a: Mimikyu|atk|2\n|move|p1b: Scrafty|Knock Off|p2b: Cursola\n|-supereffective|p2b: Cursola\n|-damage|p2b: Cursola|0 fnt\n|-ability|p2b: Cursola|Perish Body\n|-enditem|p2b: Cursola|Wise Glasses|[from] move: Knock Off|[of] p1b: Scrafty\n|faint|p2b: Cursola\n|-ability|p1b: Scrafty|Moxie|boost\n|-boost|p1b: Scrafty|atk|1\n|\n|-heal|p1b: Scrafty|64\/100|[from] item: Leftovers\n|-start|p1b: Scrafty|perish3\n|upkeep\n|\n|t:|1696262133\n|switch|p2b: Sinistcha|Sinistcha-Masterpiece|100\/100\n|turn|6\n|c|\u2606AutumnCookie|YEAH AND AFTER BEATING DIVO THEY'VE DEFINITELY GOTTEN A BIT COCKY\n|l|\u2606AutumnCookie\n|player|p1|\n|j|\u2606AutumnCookie\n|player|p1|AutumnCookie|blue\n|c|\u2606cassinidivision|become dawn\n|\n|t:|1696262211\n|move|p1a: Mimikyu|Phantom Force||[still]\n|-prepare|p1a: Mimikyu|Phantom Force\n|move|p2b: Sinistcha|Stun Spore|p1b: Scrafty|[miss]\n|-miss|p2b: Sinistcha|p1b: Scrafty\n|-formechange|p2a: Aegislash|Aegislash-Blade||[from] ability: Stance Change\n|move|p2a: Aegislash|Shadow Ball|p1a: Mimikyu|[miss]\n|-miss|p2a: Aegislash|p1a: Mimikyu\n|move|p1b: Scrafty|Knock Off|p2b: Sinistcha\n|-supereffective|p2b: Sinistcha\n|-damage|p2b: Sinistcha|39\/100\n|-enditem|p2b: Sinistcha|Shell Bell|[from] move: Knock Off|[of] p1b: Scrafty\n|\n|-heal|p1b: Scrafty|70\/100|[from] item: Leftovers\n|-start|p1b: Scrafty|perish2\n|upkeep\n|turn|7\n|l|\u2606AutumnCookie\n|player|p1|\n|j|\u2606AutumnCookie\n|player|p1|AutumnCookie|blue\n|c|\u2606AutumnCookie|See now Aegislash can just. King's Shield and fuck up Mimikyu. Didn't think that through.\n|\n|t:|1696262279\n|-formechange|p2a: Aegislash|Aegislash||[from] ability: Stance Change\n|move|p2a: Aegislash|King's Shield|p2a: Aegislash\n|-singleturn|p2a: Aegislash|Protect\n|move|p1a: Mimikyu|Phantom Force|p2a: Aegislash|[from]lockedmove\n|-activate|p2a: Aegislash|move: Phantom Force|[broken]\n|-supereffective|p2a: Aegislash\n|-damage|p2a: Aegislash|0 fnt\n|faint|p2a: Aegislash\n|-damage|p1a: Mimikyu|91\/100|[from] item: Life Orb\n|move|p2b: Sinistcha|Matcha Gotcha|p1a: Mimikyu|[spread] p1a,p1b\n|-activate|p1a: Mimikyu|ability: Disguise\n|-damage|p1a: Mimikyu|91\/100\n|-damage|p1b: Scrafty|53\/100\n|-heal|p2b: Sinistcha|48\/100|[from] drain|[of] p1b: Scrafty\n|detailschange|p1a: Mimikyu|Mimikyu-Busted, F\n|-damage|p1a: Mimikyu|78\/100|[from] pokemon: Mimikyu-Busted\n|move|p1b: Scrafty|Knock Off|p2b: Sinistcha\n|-supereffective|p2b: Sinistcha\n|-damage|p2b: Sinistcha|4\/100\n|\n|-heal|p1b: Scrafty|59\/100|[from] item: Leftovers\n|-start|p1b: Scrafty|perish1\n|upkeep\n|c|\u2606cassinidivision|LMAO YEAH\n|c|\u2606cassinidivision|oh\n|c|\u2606cassinidivision|?\n|\n|t:|1696262298\n|switch|p2a: Dragapult|Dragapult, F|57\/100\n|turn|8\n|c|\u2606AutumnCookie|OH WAIT FORGOT PHANTOM FORCE IGNORES PROTECTION MOVES\n|c|\u2606AutumnCookie|LOL\n|c|\u2606cassinidivision|IT DOES?\n|c|\u2606AutumnCookie|IT DOES!\n|c|\u2606cassinidivision|lottie needs a tera orb\n|\n|t:|1696262337\n|move|p2a: Dragapult|Shadow Ball|p1a: Mimikyu\n|-supereffective|p1a: Mimikyu\n|-damage|p1a: Mimikyu|0 fnt\n|faint|p1a: Mimikyu\n|move|p2b: Sinistcha|Matcha Gotcha|p1b: Scrafty\n|-damage|p1b: Scrafty|37\/100\n|-heal|p2b: Sinistcha|15\/100|[from] drain|[of] p1b: Scrafty\n|-status|p1b: Scrafty|brn\n|move|p1b: Scrafty|Knock Off|p2b: Sinistcha\n|-supereffective|p2b: Sinistcha\n|-damage|p2b: Sinistcha|0 fnt\n|faint|p2b: Sinistcha\n|-ability|p1b: Scrafty|Moxie|boost\n|-boost|p1b: Scrafty|atk|1\n|\n|-heal|p1b: Scrafty|43\/100 brn|[from] item: Leftovers\n|-damage|p1b: Scrafty|37\/100 brn|[from] brn\n|-start|p1b: Scrafty|perish0\n|upkeep\n|faint|p1b: Scrafty\n|c|\u2606AutumnCookie|Should've Terastalized Mimikyu there.\n|c|\u2606cassinidivision|dragapult sweep <-- delulu\n|\n|t:|1696262363\n|switch|p1a: Lycanroc|Lycanroc-Midnight, M|100\/100\n|turn|9\n|c|\u2606AutumnCookie|You might just ohko him and be fine cause you absolutely put speed\n|\n|t:|1696262405\n|move|p2a: Dragapult|Shadow Ball|p1a: Lycanroc\n|-damage|p1a: Lycanroc|51\/100\n|move|p1a: Lycanroc|Stone Edge|p2a: Dragapult\n|-damage|p2a: Dragapult|0 fnt\n|-start|p1a: Lycanroc|Disable|Stone Edge|[from] ability: Cursed Body|[of] p2a: Dragapult\n|faint|p2a: Dragapult\n|-damage|p1a: Lycanroc|41\/100|[from] item: Life Orb\n|\n|win|AutumnCookie\n|c|\u2606cassinidivision|i dont think i will\n|c|\u2606cassinidivision|yeah\n|c|\u2606cassinidivision|damn\n|c|\u2606AutumnCookie|OH COOL\n|c|\u2606cassinidivision|closer than i expected\n|c|\u2606AutumnCookie|CLOSE THOUGH YEAH\n","uploadtime":1696262432,"views":11,"p1id":"autumncookie","p2id":"cassinidivision","formatid":"gen9nationaldexdoubles","rating":0,"private":0,"password":""}