{"id":"gen9nationaldexdoubles-1970081707","p1":"xuxuxux999","p2":"winlike","format":"[Gen 9] National Dex Doubles","log":"|j|\u2606xuxuxux999\n|j|\u2606winlike\n|t:|1697592263\n|gametype|doubles\n|player|p1|xuxuxux999|101|1328\n|player|p2|winlike|red-masters|1553\n|teamsize|p1|6\n|teamsize|p2|6\n|gen|9\n|tier|[Gen 9] National Dex Doubles\n|rated|\n|rule|HP Percentage Mod: HP is shown in percentages\n|rule|Endless Battle Clause: Forcing endless battles is banned\n|rule|OHKO Clause: OHKO moves are banned\n|rule|Evasion Moves Clause: Evasion moves are banned\n|rule|Evasion Abilities Clause: Evasion abilities are banned\n|rule|Species Clause: Limit one of each Pok\u00e9mon\n|rule|Gravity Sleep Clause: The combination of sleep-inducing moves with imperfect accuracy and Gravity or Gigantamax Orbeetle are banned\n|clearpoke\n|poke|p1|Oranguru, M|\n|poke|p1|Indeedee, M|\n|poke|p1|Chi-Yu|\n|poke|p1|Lucario, F|\n|poke|p1|Flutter Mane|\n|poke|p1|Iron Bundle|\n|poke|p2|Heatran, M|\n|poke|p2|Chien-Pao|\n|poke|p2|Dragonite, M|\n|poke|p2|Amoonguss, F|\n|poke|p2|Landorus-Therian, M|\n|poke|p2|Charizard, F|\n|teampreview\n|\n|t:|1697592305\n|start\n|switch|p1a: Iron Bundle|Iron Bundle|100\/100\n|switch|p1b: Oranguru|Oranguru, M|100\/100\n|switch|p2a: Heatran|Heatran, M|100\/100\n|switch|p2b: Amoonguss|Amoonguss, F, shiny|100\/100\n|turn|1\n|\n|t:|1697592348\n|-terastallize|p1a: Iron Bundle|Ice\n|move|p1a: Iron Bundle|Blizzard|p2b: Amoonguss|[spread] p2a,p2b\n|-resisted|p2a: Heatran\n|-supereffective|p2b: Amoonguss\n|-damage|p2a: Heatran|89\/100\n|-damage|p2b: Amoonguss|0 fnt\n|faint|p2b: Amoonguss\n|move|p1b: Oranguru|Instruct|p1a: Iron Bundle\n|-singleturn|p1a: Iron Bundle|move: Instruct|[of] p1b: Oranguru\n|move|p1a: Iron Bundle|Blizzard|p2a: Heatran\n|-resisted|p2a: Heatran\n|-damage|p2a: Heatran|72\/100\n|move|p2a: Heatran|Flash Cannon|p1a: Iron Bundle\n|-supereffective|p1a: Iron Bundle\n|-damage|p1a: Iron Bundle|0 fnt\n|faint|p1a: Iron Bundle\n|-end|p1a: Iron Bundle|Quark Drive|[silent]\n|\n|upkeep\n|\n|t:|1697592370\n|switch|p1a: Lucario|Lucario, F|100\/100\n|switch|p2b: Landorus|Landorus-Therian, M|100\/100\n|-ability|p2b: Landorus|Intimidate|boost\n|-fail|p1a: Lucario|unboost|Attack|[from] ability: Inner Focus|[of] p1a: Lucario\n|-unboost|p1b: Oranguru|atk|1\n|turn|2\n|\n|t:|1697592387\n|switch|p2a: Charizard|Charizard, F, shiny|100\/100\n|detailschange|p1a: Lucario|Lucario-Mega, F\n|-mega|p1a: Lucario|Lucario|Lucarionite\n|move|p2b: Landorus|Earthquake|p1b: Oranguru|[spread] p1a,p1b\n|-immune|p2a: Charizard\n|-supereffective|p1a: Lucario\n|-damage|p1a: Lucario|0 fnt\n|-damage|p1b: Oranguru|41\/100\n|faint|p1a: Lucario\n|move|p1b: Oranguru|Instruct|p1: Lucario|[notarget]\n|-fail|p1b: Oranguru\n|\n|upkeep\n|\n|t:|1697592401\n|switch|p1a: Flutter Mane|Flutter Mane|100\/100\n|turn|3\n|\n|t:|1697592408\n|move|p2a: Charizard|Protect|p2a: Charizard\n|-singleturn|p2a: Charizard|Protect\n|move|p2b: Landorus|Earthquake|p1b: Oranguru|[spread] p1a,p1b\n|-activate|p2a: Charizard|move: Protect\n|-damage|p1a: Flutter Mane|5\/100\n|-damage|p1b: Oranguru|0 fnt\n|faint|p1b: Oranguru\n|move|p1a: Flutter Mane|Dazzling Gleam|p2b: Landorus|[spread] p2b\n|-activate|p2a: Charizard|move: Protect\n|-damage|p2b: Landorus|30\/100\n|\n|upkeep\n|\n|t:|1697592421\n|switch|p1b: Indeedee|Indeedee, M|100\/100\n|-fieldstart|move: Psychic Terrain|[from] ability: Psychic Surge|[of] p1b: Indeedee\n|turn|4\n|\n|t:|1697592437\n|move|p1b: Indeedee|Expanding Force|p2a: Charizard|[spread] p2a,p2b\n|-damage|p2a: Charizard|23\/100\n|-damage|p2b: Landorus|0 fnt\n|faint|p2b: Landorus\n|move|p1a: Flutter Mane|Dazzling Gleam|p2a: Charizard\n|-resisted|p2a: Charizard\n|-damage|p2a: Charizard|0 fnt\n|faint|p2a: Charizard\n|\n|upkeep\n|\n|t:|1697592454\n|switch|p2a: Heatran|Heatran, M|72\/100\n|switch|p2b: Dragonite|Dragonite, M|100\/100\n|turn|5\n|\n|t:|1697592468\n|-terastallize|p2b: Dragonite|Normal\n|move|p1b: Indeedee|Expanding Force|p2a: Heatran|[spread] p2a,p2b\n|-resisted|p2a: Heatran\n|-damage|p2a: Heatran|55\/100\n|-damage|p2b: Dragonite|73\/100\n|move|p1a: Flutter Mane|Dazzling Gleam|p2a: Heatran|[spread] p2a,p2b\n|-resisted|p2a: Heatran\n|-crit|p2a: Heatran\n|-crit|p2b: Dragonite\n|-damage|p2a: Heatran|43\/100\n|-damage|p2b: Dragonite|0 fnt\n|faint|p2b: Dragonite\n|move|p2a: Heatran|Heat Wave|p1a: Flutter Mane|[spread] p1a,p1b\n|-damage|p1a: Flutter Mane|0 fnt\n|-damage|p1b: Indeedee|50\/100\n|faint|p1a: Flutter Mane\n|-end|p1a: Flutter Mane|Protosynthesis|[silent]\n|\n|upkeep\n|j| njbbc\n|l| njbbc\n|\n|t:|1697592483\n|switch|p1a: Chi-Yu|Chi-Yu|100\/100\n|switch|p2b: Chien-Pao|Chien-Pao|100\/100\n|-ability|p1a: Chi-Yu|Beads of Ruin\n|-ability|p2b: Chien-Pao|Sword of Ruin\n|turn|6\n|\n|t:|1697592502\n|move|p2b: Chien-Pao|Protect|p2b: Chien-Pao\n|-singleturn|p2b: Chien-Pao|Protect\n|move|p1a: Chi-Yu|Dark Pulse|p2a: Heatran\n|-damage|p2a: Heatran|8\/100\n|move|p1b: Indeedee|Expanding Force|p2b: Chien-Pao|[spread] p2a\n|-activate|p2b: Chien-Pao|move: Protect\n|-resisted|p2a: Heatran\n|-damage|p2a: Heatran|0 fnt\n|faint|p2a: Heatran\n|\n|upkeep\n|turn|7\n|\n|t:|1697592521\n|move|p1a: Chi-Yu|Dark Pulse|p2b: Chien-Pao\n|-resisted|p2b: Chien-Pao\n|-damage|p2b: Chien-Pao|52\/100\n|move|p1b: Indeedee|Expanding Force|p2b: Chien-Pao\n|-immune|p2b: Chien-Pao\n|move|p2b: Chien-Pao|Ice Spinner|p1a: Chi-Yu\n|-resisted|p1a: Chi-Yu\n|-damage|p1a: Chi-Yu|57\/100\n|-fieldend|move: Psychic Terrain\n|\n|upkeep\n|turn|8\n|\n|t:|1697592533\n|move|p2b: Chien-Pao|Sucker Punch|p1a: Chi-Yu\n|-resisted|p1a: Chi-Yu\n|-damage|p1a: Chi-Yu|16\/100\n|move|p1a: Chi-Yu|Dark Pulse|p2b: Chien-Pao\n|-resisted|p2b: Chien-Pao\n|-damage|p2b: Chien-Pao|3\/100\n|move|p1b: Indeedee|Expanding Force|p2b: Chien-Pao\n|-immune|p2b: Chien-Pao\n|\n|upkeep\n|turn|9\n|\n|t:|1697592563\n|move|p2b: Chien-Pao|Sucker Punch|p1a: Chi-Yu\n|-resisted|p1a: Chi-Yu\n|-damage|p1a: Chi-Yu|0 fnt\n|faint|p1a: Chi-Yu\n|move|p1b: Indeedee|Expanding Force|p2b: Chien-Pao\n|-immune|p2b: Chien-Pao\n|\n|upkeep\n|turn|10\n|-message|xuxuxux999 forfeited.\n|\n|win|winlike\n|raw|xuxuxux999's rating: 1328 &rarr; <strong>1319<\/strong><br \/>(-9 for losing)\n|raw|winlike's rating: 1553 &rarr; <strong>1562<\/strong><br \/>(+9 for winning)\n|l|\u2606xuxuxux999\n","uploadtime":1697592603,"views":7,"p1id":"xuxuxux999","p2id":"winlike","formatid":"gen9nationaldexdoubles","rating":1319,"private":0,"password":""}