{"id":"gen9nationaldexdoubles-1975655029","p1":"Jackyboyad","p2":"MageDream\/UHE","format":"[Gen 9] National Dex Doubles","log":"|j|\u203dJackyboyad\n|j|\u2606MageDream\/UHE\n|t:|1698220123\n|gametype|doubles\n|player|p1|Jackyboyad|psychic-gen4|1000\n|player|p2|MageDream\/UHE|chuck|1154\n|teamsize|p1|6\n|teamsize|p2|6\n|gen|9\n|tier|[Gen 9] National Dex Doubles\n|rated|\n|rule|HP Percentage Mod: HP is shown in percentages\n|rule|Endless Battle Clause: Forcing endless battles is banned\n|rule|OHKO Clause: OHKO moves are banned\n|rule|Evasion Moves Clause: Evasion moves are banned\n|rule|Evasion Abilities Clause: Evasion abilities are banned\n|rule|Species Clause: Limit one of each Pok\u00e9mon\n|rule|Gravity Sleep Clause: The combination of sleep-inducing moves with imperfect accuracy and Gravity or Gigantamax Orbeetle are banned\n|clearpoke\n|poke|p1|Arcanine, M|\n|poke|p1|Inteleon, M|\n|poke|p1|Decidueye, M|\n|poke|p1|Gardevoir, F|\n|poke|p1|Lucario, M|\n|poke|p1|Weavile, M|\n|poke|p2|Ribombee, M|\n|poke|p2|Marowak-Alola, M|\n|poke|p2|Medicham, F|\n|poke|p2|Hydreigon, F|\n|poke|p2|Venomoth, M|\n|poke|p2|Tornadus, M|\n|teampreview\n|inactive|Battle timer is ON: inactive players will automatically lose when time's up. (requested by Jackyboyad)\n|\n|t:|1698220139\n|start\n|switch|p1a: Gardevoir|Gardevoir, F, shiny|100\/100\n|switch|p1b: Lucario|Lucario, M|100\/100\n|switch|p2a: Hydreigon|Hydreigon, F|100\/100\n|switch|p2b: Tornadus|Tornadus, M|100\/100\n|-ability|p1a: Gardevoir|Prankster|[from] ability: Trace|[of] p2b: Tornadus\n|turn|1\n|inactive|MageDream\/UHE has 120 seconds left.\n|inactive|MageDream\/UHE has 90 seconds left.\n|\n|t:|1698220204\n|detailschange|p1a: Gardevoir|Gardevoir-Mega, F, shiny\n|-mega|p1a: Gardevoir|Gardevoir|Gardevoirite\n|-terastallize|p2a: Hydreigon|Electric\n|move|p2b: Tornadus|Tailwind|p2b: Tornadus\n|-sidestart|p2: MageDream\/UHE|move: Tailwind\n|move|p2a: Hydreigon|Flash Cannon|p1a: Gardevoir\n|-supereffective|p1a: Gardevoir\n|-damage|p1a: Gardevoir|13\/100\n|move|p1a: Gardevoir|Hyper Voice|p2b: Tornadus|[spread] p2a,p2b\n|-damage|p2a: Hydreigon|46\/100\n|-damage|p2b: Tornadus|45\/100\n|move|p1b: Lucario|Flash Cannon|p2b: Tornadus\n|-damage|p2b: Tornadus|0 fnt\n|faint|p2b: Tornadus\n|\n|upkeep\n|\n|t:|1698220226\n|switch|p2b: Medicham|Medicham, F|100\/100\n|turn|2\n|inactive|MageDream\/UHE has 90 seconds left.\n|\n|t:|1698220245\n|switch|p2b: Venomoth|Venomoth, M|100\/100\n|move|p2a: Hydreigon|Flash Cannon|p1a: Gardevoir\n|-supereffective|p1a: Gardevoir\n|-damage|p1a: Gardevoir|0 fnt\n|faint|p1a: Gardevoir\n|move|p1b: Lucario|Aura Sphere|p2a: Hydreigon\n|-damage|p2a: Hydreigon|2\/100\n|\n|upkeep\n|\n|t:|1698220255\n|switch|p1a: Weavile|Weavile, M|100\/100\n|-ability|p1a: Weavile|Pressure\n|turn|3\n|inactive|MageDream\/UHE has 90 seconds left.\n|\n|t:|1698220283\n|switch|p2a: Ribombee|Ribombee, M|100\/100\n|move|p1a: Weavile|Ice Shard|p2a: Ribombee\n|-damage|p2a: Ribombee|69\/100\n|move|p2b: Venomoth|Quiver Dance|p2b: Venomoth\n|-boost|p2b: Venomoth|spa|1\n|-boost|p2b: Venomoth|spd|1\n|-boost|p2b: Venomoth|spe|1\n|move|p1b: Lucario|Flash Cannon|p2b: Venomoth\n|-damage|p2b: Venomoth|60\/100\n|\n|upkeep\n|turn|4\n|\n|t:|1698220297\n|-terastallize|p1a: Weavile|Ice\n|move|p1a: Weavile|Ice Shard|p2b: Venomoth\n|-damage|p2b: Venomoth|26\/100\n|move|p2b: Venomoth|Bug Buzz|p1a: Weavile\n|-damage|p1a: Weavile|31\/100\n|move|p2a: Ribombee|Dazzling Gleam|p1a: Weavile|[spread] p1a,p1b\n|-damage|p1a: Weavile|0 fnt\n|-damage|p1b: Lucario|60\/100\n|faint|p1a: Weavile\n|move|p1b: Lucario|Flash Cannon|p2a: Ribombee\n|-supereffective|p2a: Ribombee\n|-damage|p2a: Ribombee|0 fnt\n|faint|p2a: Ribombee\n|\n|-sideend|p2: MageDream\/UHE|move: Tailwind\n|upkeep\n|inactive|MageDream\/UHE has 120 seconds left.\n|\n|t:|1698220314\n|switch|p1a: Decidueye|Decidueye, M|100\/100\n|switch|p2a: Medicham|Medicham, F|100\/100\n|turn|5\n|inactive|MageDream\/UHE has 120 seconds left.\n|\n|t:|1698220339\n|move|p1a: Decidueye|Sucker Punch|p2b: Venomoth\n|-damage|p2b: Venomoth|0 fnt\n|faint|p2b: Venomoth\n|move|p1b: Lucario|Flash Cannon|p2a: Medicham\n|-damage|p2a: Medicham|47\/100\n|move|p2a: Medicham|Aura Sphere|p1b: Lucario\n|-supereffective|p1b: Lucario\n|-damage|p1b: Lucario|0 fnt\n|faint|p1b: Lucario\n|\n|upkeep\n|\n|t:|1698220350\n|switch|p1b: Inteleon|Inteleon, M|100\/100\n|switch|p2b: Marowak|Marowak-Alola, M|100\/100\n|turn|6\n|\n|t:|1698220377\n|move|p1b: Inteleon|Snipe Shot|p2a: Medicham\n|-damage|p2a: Medicham|0 fnt\n|faint|p2a: Medicham\n|-zpower|p1a: Decidueye\n|move|p1a: Decidueye|Sinister Arrow Raid|p2b: Marowak|[zeffect]\n|-supereffective|p2b: Marowak\n|-damage|p2b: Marowak|0 fnt\n|faint|p2b: Marowak\n|\n|upkeep\n|-message|MageDream\/UHE forfeited.\n|\n|win|Jackyboyad\n|raw|Jackyboyad's rating: 1000 &rarr; <strong>1057<\/strong><br \/>(+57 for winning)\n|raw|MageDream&#x2f;UHE's rating: 1154 &rarr; <strong>1119<\/strong><br \/>(-35 for losing)\n|l|\u2606MageDream\/UHE\n","uploadtime":1698220393,"views":9,"p1id":"jackyboyad","p2id":"magedreamuhe","formatid":"gen9nationaldexdoubles","rating":1057,"private":0,"password":""}