{"id":"gen9nationaldexdoubles-1986419036","p1":"Sakura the blossom","p2":"TigerSpace02","format":"[Gen 9] National Dex Doubles","log":"|j|\u2606Sakura the blossom\n|j|\u2606TigerSpace02\n|t:|1699477443\n|gametype|doubles\n|player|p1|Sakura the blossom|caitlin|\n|player|p2|TigerSpace02|blackbelt-gen4dp|\n|teamsize|p1|6\n|teamsize|p2|6\n|gen|9\n|tier|[Gen 9] National Dex Doubles\n|rule|HP Percentage Mod: HP is shown in percentages\n|rule|Endless Battle Clause: Forcing endless battles is banned\n|rule|OHKO Clause: OHKO moves are banned\n|rule|Evasion Moves Clause: Evasion moves are banned\n|rule|Evasion Abilities Clause: Evasion abilities are banned\n|rule|Species Clause: Limit one of each Pok\u00e9mon\n|rule|Gravity Sleep Clause: The combination of sleep-inducing moves with imperfect accuracy and Gravity or Gigantamax Orbeetle are banned\n|clearpoke\n|poke|p1|Armarouge, F|\n|poke|p1|Indeedee-F, F|\n|poke|p1|Claydol|\n|poke|p1|Farigiraf, M|\n|poke|p1|Kommo-o, M|\n|poke|p1|Swampert, M|\n|poke|p2|Maushold|\n|poke|p2|Dragonite, M|\n|poke|p2|Eiscue, F|\n|poke|p2|Ninetales-Alola, F|\n|poke|p2|Rillaboom, M|\n|poke|p2|Greninja-*, F|\n|teampreview\n|inactive|Battle timer is ON: inactive players will automatically lose when time's up. (requested by Sakura the blossom)\n|c|\u2606TigerSpace02|glhf\n|inactive|TigerSpace02 has 270 seconds left.\n|c|\u2606Sakura the blossom|Gl hf\n|\n|t:|1699477476\n|start\n|switch|p1a: Claydol|Claydol|100\/100\n|switch|p1b: Kommo-o|Kommo-o, M|100\/100\n|switch|p2a: Rillaboom|Rillaboom, M|100\/100\n|switch|p2b: Ninetales|Ninetales-Alola, F|100\/100\n|-weather|Snow|[from] ability: Snow Warning|[of] p2b: Ninetales\n|-fieldstart|move: Grassy Terrain|[from] ability: Grassy Surge|[of] p2a: Rillaboom\n|turn|1\n|\n|t:|1699477496\n|move|p2a: Rillaboom|Fake Out|p1a: Claydol\n|-damage|p1a: Claydol|90\/100\n|move|p2b: Ninetales|Aurora Veil|p2b: Ninetales\n|-sidestart|p2: TigerSpace02|move: Aurora Veil\n|move|p1b: Kommo-o|Clangorous Soul|p1b: Kommo-o\n|-boost|p1b: Kommo-o|atk|1\n|-boost|p1b: Kommo-o|def|1\n|-boost|p1b: Kommo-o|spa|1\n|-boost|p1b: Kommo-o|spd|1\n|-boost|p1b: Kommo-o|spe|1\n|-damage|p1b: Kommo-o|68\/100\n|cant|p1a: Claydol|flinch\n|\n|-weather|Snow|[upkeep]\n|-heal|p1b: Kommo-o|74\/100|[from] Grassy Terrain\n|-heal|p1a: Claydol|96\/100|[from] item: Leftovers\n|upkeep\n|turn|2\n|\n|t:|1699477517\n|move|p2a: Rillaboom|Grassy Glide|p1a: Claydol\n|-supereffective|p1a: Claydol\n|-damage|p1a: Claydol|38\/100\n|move|p1b: Kommo-o|Iron Head|p2b: Ninetales\n|-supereffective|p2b: Ninetales\n|-damage|p2b: Ninetales|0 fnt\n|faint|p2b: Ninetales\n|move|p1a: Claydol|Stealth Rock|p2a: Rillaboom\n|-sidestart|p2: TigerSpace02|move: Stealth Rock\n|\n|-weather|Snow|[upkeep]\n|-heal|p1b: Kommo-o|80\/100|[from] Grassy Terrain\n|-heal|p1a: Claydol|45\/100|[from] item: Leftovers\n|upkeep\n|\n|t:|1699477533\n|switch|p2b: Greninja|Greninja, F|100\/100\n|-damage|p2b: Greninja|88\/100|[from] Stealth Rock\n|turn|3\n|\n|t:|1699477545\n|switch|p1a: Farigiraf|Farigiraf, M|100\/100\n|move|p2a: Rillaboom|Grassy Glide||[still]\n|cant|p1a: Farigiraf|ability: Armor Tail|Grassy Glide|[of] p2a: Rillaboom\n|move|p1b: Kommo-o|Drain Punch|p2b: Greninja\n|-supereffective|p2b: Greninja\n|-damage|p2b: Greninja|0 fnt\n|-heal|p1b: Kommo-o|100\/100|[from] drain|[of] p2b: Greninja\n|faint|p2b: Greninja\n|\n|-weather|Snow|[upkeep]\n|upkeep\n|\n|t:|1699477556\n|switch|p2b: Maushold|Maushold|100\/100\n|-damage|p2b: Maushold|88\/100|[from] Stealth Rock\n|turn|4\n|c|\u2606Sakura the blossom|Bonk\n|\n|t:|1699477576\n|move|p2b: Maushold|Follow Me|p2b: Maushold\n|-singleturn|p2b: Maushold|move: Follow Me\n|move|p1b: Kommo-o|Drain Punch|p2b: Maushold\n|-supereffective|p2b: Maushold\n|-crit|p2b: Maushold\n|-damage|p2b: Maushold|0 fnt\n|faint|p2b: Maushold\n|move|p2a: Rillaboom|Knock Off|p1a: Farigiraf\n|-supereffective|p1a: Farigiraf\n|-crit|p1a: Farigiraf\n|-damage|p1a: Farigiraf|0 fnt\n|-enditem|p1a: Farigiraf|Sitrus Berry|[from] move: Knock Off|[of] p2a: Rillaboom\n|faint|p1a: Farigiraf\n|\n|-weather|Snow|[upkeep]\n|upkeep\n|\n|t:|1699477600\n|switch|p2b: Eiscue|Eiscue, F|100\/100\n|switch|p1a: Claydol|Claydol|45\/100\n|-damage|p2b: Eiscue|76\/100|[from] Stealth Rock\n|turn|5\n|\n|t:|1699477614\n|move|p1a: Claydol|Protect|p1a: Claydol\n|-singleturn|p1a: Claydol|Protect\n|move|p2a: Rillaboom|Grassy Glide|p1a: Claydol\n|-activate|p1a: Claydol|move: Protect\n|move|p1b: Kommo-o|Iron Head|p2b: Eiscue\n|-activate|p2b: Eiscue|ability: Ice Face\n|-damage|p2b: Eiscue|76\/100\n|detailschange|p2b: Eiscue|Eiscue-Noice, F\n|move|p2b: Eiscue|Belly Drum|p2b: Eiscue\n|-damage|p2b: Eiscue|26\/100\n|-setboost|p2b: Eiscue|atk|6|[from] move: Belly Drum\n|-enditem|p2b: Eiscue|Sitrus Berry|[eat]\n|-heal|p2b: Eiscue|50\/100|[from] item: Sitrus Berry\n|\n|-weather|none\n|-heal|p2b: Eiscue|57\/100|[from] Grassy Terrain\n|-heal|p1a: Claydol|51\/100|[from] item: Leftovers\n|-fieldend|move: Grassy Terrain\n|upkeep\n|turn|6\n|inactive|TigerSpace02 has 270 seconds left.\n|\n|t:|1699477649\n|switch|p2a: Dragonite|Dragonite, M|100\/100\n|-damage|p2a: Dragonite|76\/100|[from] Stealth Rock\n|switch|p1a: Armarouge|Armarouge, F|100\/100\n|move|p1b: Kommo-o|Drain Punch|p2b: Eiscue\n|-supereffective|p2b: Eiscue\n|-damage|p2b: Eiscue|0 fnt\n|faint|p2b: Eiscue\n|\n|upkeep\n|\n|t:|1699477653\n|switch|p2b: Rillaboom|Rillaboom, M|100\/100\n|-damage|p2b: Rillaboom|88\/100|[from] Stealth Rock\n|-fieldstart|move: Grassy Terrain|[from] ability: Grassy Surge|[of] p2b: Rillaboom\n|turn|7\n|c|\u2606TigerSpace02|ggs\n|-message|TigerSpace02 forfeited.\n|\n|win|Sakura the blossom\n|l|\u2606TigerSpace02\n|c|\u2606Sakura the blossom|Breh qwq\n|c|\u2606Sakura the blossom|Gg\n","uploadtime":1699477683,"views":10,"p1id":"sakuratheblossom","p2id":"tigerspace02","formatid":"gen9nationaldexdoubles","rating":0,"private":0,"password":""}