{"id":"gen9nationaldexdoubles-1949747586","p1":"lameabuelas","p2":"ICAC10","format":"[Gen 9] National Dex Doubles","log":"|j|\u2606lameabuelas\n|j|\u2606ICAC10\n|t:|1695396169\n|gametype|doubles\n|player|p1|lameabuelas|170|1040\n|player|p2|ICAC10|ingo|1152\n|teamsize|p1|6\n|teamsize|p2|6\n|gen|9\n|tier|[Gen 9] National Dex Doubles\n|rated|\n|rule|HP Percentage Mod: HP is shown in percentages\n|rule|Endless Battle Clause: Forcing endless battles is banned\n|rule|OHKO Clause: OHKO moves are banned\n|rule|Evasion Moves Clause: Evasion moves are banned\n|rule|Evasion Abilities Clause: Evasion abilities are banned\n|rule|Species Clause: Limit one of each Pok\u00e9mon\n|rule|Gravity Sleep Clause: The combination of sleep-inducing moves with imperfect accuracy and Gravity or Gigantamax Orbeetle are banned\n|clearpoke\n|poke|p1|Hippowdon, M|\n|poke|p1|Dracozolt|\n|poke|p1|Sinistcha-Masterpiece|\n|poke|p1|Maushold-Four|\n|poke|p1|Kleavor, M|\n|poke|p1|Absol, M|\n|poke|p2|Regigigas|\n|poke|p2|Hawlucha, M|\n|poke|p2|Amoonguss, F|\n|poke|p2|Comfey, F|\n|poke|p2|Volcarona, F|\n|poke|p2|Chien-Pao|\n|teampreview\n|\n|t:|1695396178\n|start\n|switch|p1a: Kleavor|Kleavor, M|100\/100\n|switch|p1b: Absol|Absol, M|100\/100\n|switch|p2a: regigagaga|Regigigas, shiny|100\/100\n|switch|p2b: bird??|Hawlucha, M, shiny|100\/100\n|-start|p2a: regigagaga|ability: Slow Start\n|turn|1\n|\n|t:|1695396199\n|detailschange|p1b: Absol|Absol-Mega, M\n|-mega|p1b: Absol|Absol|Absolite\n|move|p2b: bird??|Entrainment|p2a: regigagaga\n|-end|p2a: regigagaga|Slow Start|[silent]\n|-endability|p2a: regigagaga|Slow Start|[from] move: Entrainment\n|-ability|p2a: regigagaga|Unburden|[from] move: Entrainment\n|move|p1b: Absol|Swords Dance|p1b: Absol\n|-boost|p1b: Absol|atk|2\n|move|p2a: regigagaga|Body Slam|p1b: Absol\n|-enditem|p2a: regigagaga|Normal Gem|[from] gem\n|-damage|p1b: Absol|0 fnt\n|faint|p1b: Absol\n|move|p1a: Kleavor|Stone Axe|p2b: bird??\n|-damage|p2b: bird??|27\/100\n|-sidestart|p2: ICAC10|move: Stealth Rock\n|\n|upkeep\n|\n|t:|1695396221\n|switch|p1b: Maushold|Maushold-Four|100\/100\n|turn|2\n|\n|t:|1695396240\n|move|p2a: regigagaga|Drain Punch|p1b: Maushold\n|-supereffective|p1b: Maushold\n|-damage|p1b: Maushold|10\/100\n|move|p2b: bird??|Coaching|p2a: regigagaga\n|-boost|p2a: regigagaga|atk|1\n|-boost|p2a: regigagaga|def|1\n|move|p1b: Maushold|Population Bomb|p2a: regigagaga\n|-damage|p2a: regigagaga|94\/100\n|-damage|p2a: regigagaga|88\/100\n|-damage|p2a: regigagaga|81\/100\n|-damage|p2a: regigagaga|75\/100\n|-damage|p2a: regigagaga|69\/100\n|-damage|p2a: regigagaga|62\/100\n|-damage|p2a: regigagaga|55\/100\n|-damage|p2a: regigagaga|49\/100\n|-hitcount|p2a: regigagaga|8\n|move|p1a: Kleavor|Stone Axe|p2b: bird??\n|-damage|p2b: bird??|0 fnt\n|faint|p2b: bird??\n|\n|upkeep\n|\n|t:|1695396253\n|switch|p2b: h e a l .|Comfey, F, shiny|100\/100\n|-damage|p2b: h e a l .|88\/100|[from] Stealth Rock\n|turn|3\n|\n|t:|1695396280\n|move|p2b: h e a l .|Floral Healing|p2a: regigagaga\n|-heal|p2a: regigagaga|99\/100\n|move|p2a: regigagaga|Drain Punch|p1b: Maushold\n|-supereffective|p1b: Maushold\n|-damage|p1b: Maushold|0 fnt\n|-heal|p2a: regigagaga|100\/100|[from] drain|[of] p1b: Maushold\n|faint|p1b: Maushold\n|move|p1a: Kleavor|Dual Wingbeat|p2b: h e a l .\n|-damage|p2b: h e a l .|71\/100\n|-damage|p2b: h e a l .|53\/100\n|-hitcount|p2b: h e a l .|2\n|\n|-heal|p2b: h e a l .|59\/100|[from] item: Leftovers\n|upkeep\n|\n|t:|1695396297\n|switch|p1b: Sinistcha|Sinistcha-Masterpiece|100\/100\n|turn|4\n|\n|t:|1695396324\n|move|p2b: h e a l .|Protect|p2b: h e a l .\n|-singleturn|p2b: h e a l .|Protect\n|move|p2a: regigagaga|High Horsepower|p1a: Kleavor\n|-damage|p1a: Kleavor|24\/100\n|move|p1a: Kleavor|Stone Axe|p2b: h e a l .\n|-activate|p2b: h e a l .|move: Protect\n|move|p1b: Sinistcha|Grassy Terrain|p1b: Sinistcha\n|-fieldstart|move: Grassy Terrain\n|-enditem|p1b: Sinistcha|Grassy Seed\n|-boost|p1b: Sinistcha|def|1|[from] item: Grassy Seed\n|\n|-heal|p2b: h e a l .|66\/100|[from] Grassy Terrain\n|-heal|p2b: h e a l .|72\/100|[from] item: Leftovers\n|-heal|p1a: Kleavor|30\/100|[from] Grassy Terrain\n|upkeep\n|turn|5\n|\n|t:|1695396348\n|move|p2b: h e a l .|Draining Kiss|p1b: Sinistcha\n|-damage|p1b: Sinistcha|78\/100\n|-heal|p2b: h e a l .|87\/100|[from] drain|[of] p1b: Sinistcha\n|move|p2a: regigagaga|Drain Punch|p1a: Kleavor\n|-damage|p1a: Kleavor|0 fnt\n|faint|p1a: Kleavor\n|move|p1b: Sinistcha|Matcha Gotcha|p2a: regigagaga|[spread] p2a,p2b\n|-damage|p2a: regigagaga|68\/100\n|-heal|p1b: Sinistcha|99\/100|[from] drain|[of] p2a: regigagaga\n|-damage|p2b: h e a l .|44\/100\n|-heal|p1b: Sinistcha|100\/100|[from] drain|[of] p2b: h e a l .\n|\n|-heal|p2a: regigagaga|74\/100|[from] Grassy Terrain\n|-heal|p2b: h e a l .|50\/100|[from] Grassy Terrain\n|-heal|p2b: h e a l .|57\/100|[from] item: Leftovers\n|upkeep\n|\n|t:|1695396369\n|switch|p1a: Hippowdon|Hippowdon, M|100\/100\n|-weather|Sandstorm|[from] ability: Sand Stream|[of] p1a: Hippowdon\n|turn|6\n|\n|t:|1695396383\n|-terastallize|p2b: h e a l .|Steel\n|move|p2b: h e a l .|Protect|p2b: h e a l .\n|-singleturn|p2b: h e a l .|Protect\n|move|p2a: regigagaga|Drain Punch|p1a: Hippowdon\n|-damage|p1a: Hippowdon|69\/100\n|-heal|p2a: regigagaga|89\/100|[from] drain|[of] p1a: Hippowdon\n|move|p1b: Sinistcha|Matcha Gotcha|p2b: h e a l .|[spread] p2a\n|-activate|p2b: h e a l .|move: Protect\n|-damage|p2a: regigagaga|56\/100\n|move|p1a: Hippowdon|Earthquake|p2a: regigagaga|[spread] p1b,p2a\n|-activate|p2b: h e a l .|move: Protect\n|-resisted|p1b: Sinistcha\n|-damage|p1b: Sinistcha|96\/100\n|-damage|p2a: regigagaga|48\/100\n|\n|-weather|Sandstorm|[upkeep]\n|-damage|p2a: regigagaga|42\/100|[from] Sandstorm\n|-damage|p1b: Sinistcha|90\/100|[from] Sandstorm\n|-heal|p2a: regigagaga|48\/100|[from] Grassy Terrain\n|-heal|p2b: h e a l .|63\/100|[from] Grassy Terrain\n|-heal|p2b: h e a l .|69\/100|[from] item: Leftovers\n|-heal|p1b: Sinistcha|96\/100|[from] Grassy Terrain\n|-heal|p1a: Hippowdon|76\/100|[from] Grassy Terrain\n|upkeep\n|turn|7\n|\n|t:|1695396413\n|move|p2b: h e a l .|Floral Healing|p2a: regigagaga\n|-heal|p2a: regigagaga|100\/100\n|move|p2a: regigagaga|Drain Punch|p1a: Hippowdon\n|-damage|p1a: Hippowdon|43\/100\n|move|p1b: Sinistcha|Matcha Gotcha|p2b: h e a l .|[spread] p2a,p2b\n|-resisted|p2b: h e a l .\n|-damage|p2a: regigagaga|68\/100\n|-heal|p1b: Sinistcha|100\/100|[from] drain|[of] p2a: regigagaga\n|-damage|p2b: h e a l .|48\/100\n|-status|p2a: regigagaga|brn\n|move|p1a: Hippowdon|Earthquake|p2a: regigagaga|[spread] p1b,p2a,p2b\n|-resisted|p1b: Sinistcha\n|-supereffective|p2b: h e a l .\n|-damage|p1b: Sinistcha|95\/100\n|-damage|p2a: regigagaga|59\/100 brn\n|-damage|p2b: h e a l .|15\/100\n|\n|-weather|Sandstorm|[upkeep]\n|-damage|p2a: regigagaga|53\/100 brn|[from] Sandstorm\n|-damage|p1b: Sinistcha|89\/100|[from] Sandstorm\n|-heal|p2a: regigagaga|59\/100 brn|[from] Grassy Terrain\n|-heal|p2b: h e a l .|21\/100|[from] Grassy Terrain\n|-heal|p2b: h e a l .|27\/100|[from] item: Leftovers\n|-heal|p1b: Sinistcha|95\/100|[from] Grassy Terrain\n|-heal|p1a: Hippowdon|49\/100|[from] Grassy Terrain\n|-damage|p2a: regigagaga|53\/100 brn|[from] brn\n|upkeep\n|turn|8\n|inactive|Battle timer is ON: inactive players will automatically lose when time's up. (requested by ICAC10)\n|inactive|lameabuelas has 120 seconds left.\n|\n|t:|1695396446\n|switch|p1b: Dracozolt|Dracozolt|100\/100\n|move|p2a: regigagaga|Drain Punch|p1a: Hippowdon\n|-damage|p1a: Hippowdon|34\/100\n|-heal|p2a: regigagaga|61\/100 brn|[from] drain|[of] p1a: Hippowdon\n|move|p2b: h e a l .|Heal Bell|p2b: h e a l .\n|-activate|p2b: h e a l .|move: Heal Bell\n|-curestatus|p2a: regigagaga|brn|[msg]\n|move|p1a: Hippowdon|Body Press|p2b: h e a l .\n|-supereffective|p2b: h e a l .\n|-damage|p2b: h e a l .|0 fnt\n|faint|p2b: h e a l .\n|\n|-weather|Sandstorm|[upkeep]\n|-damage|p2a: regigagaga|55\/100|[from] Sandstorm\n|-heal|p2a: regigagaga|61\/100|[from] Grassy Terrain\n|-heal|p1a: Hippowdon|41\/100|[from] Grassy Terrain\n|-fieldend|move: Grassy Terrain\n|upkeep\n|\n|t:|1695396466\n|switch|p2b: Blue sus|Amoonguss, F, shiny|100\/100\n|-damage|p2b: Blue sus|88\/100|[from] Stealth Rock\n|turn|9\n|\n|t:|1695396488\n|-terastallize|p1b: Dracozolt|Electric\n|move|p2b: Blue sus|Rage Powder|p2b: Blue sus\n|-singleturn|p2b: Blue sus|move: Rage Powder\n|move|p2a: regigagaga|High Horsepower|p1b: Dracozolt\n|-supereffective|p1b: Dracozolt\n|-damage|p1b: Dracozolt|0 fnt\n|faint|p1b: Dracozolt\n|move|p1a: Hippowdon|Heavy Slam|p2b: Blue sus\n|-damage|p2b: Blue sus|56\/100\n|\n|-weather|Sandstorm|[upkeep]\n|-damage|p2a: regigagaga|55\/100|[from] Sandstorm\n|-damage|p2b: Blue sus|49\/100|[from] Sandstorm\n|-heal|p2b: Blue sus|56\/100|[from] item: Leftovers\n|upkeep\n|\n|t:|1695396501\n|switch|p1b: Sinistcha|Sinistcha-Masterpiece|95\/100\n|-heal|p1a: Hippowdon|65\/100|[from] ability: Hospitality|[of] p1b: Sinistcha\n|turn|10\n|inactive|ICAC10 has 120 seconds left.\n|\n|t:|1695396536\n|move|p2a: regigagaga|Drain Punch|p1a: Hippowdon\n|-damage|p1a: Hippowdon|34\/100\n|-heal|p2a: regigagaga|70\/100|[from] drain|[of] p1a: Hippowdon\n|move|p1b: Sinistcha|Matcha Gotcha|p2a: regigagaga|[spread] p2a,p2b\n|-resisted|p2b: Blue sus\n|-damage|p2a: regigagaga|46\/100\n|-heal|p1b: Sinistcha|100\/100|[from] drain|[of] p2a: regigagaga\n|-damage|p2b: Blue sus|51\/100\n|move|p1a: Hippowdon|Earthquake|p2b: Blue sus|[spread] p1b,p2a,p2b\n|-resisted|p1b: Sinistcha\n|-damage|p1b: Sinistcha|84\/100\n|-damage|p2a: regigagaga|30\/100\n|-damage|p2b: Blue sus|21\/100\n|move|p2b: Blue sus|Spore|p1a: Hippowdon\n|-status|p1a: Hippowdon|slp|[from] move: Spore\n|\n|-weather|Sandstorm|[upkeep]\n|-damage|p2a: regigagaga|23\/100|[from] Sandstorm\n|-damage|p1b: Sinistcha|78\/100|[from] Sandstorm\n|-damage|p2b: Blue sus|15\/100|[from] Sandstorm\n|-heal|p2b: Blue sus|21\/100|[from] item: Leftovers\n|upkeep\n|turn|11\n|\n|t:|1695396566\n|move|p2a: regigagaga|Drain Punch|p1a: Hippowdon\n|-damage|p1a: Hippowdon|5\/100 slp\n|-heal|p2a: regigagaga|38\/100|[from] drain|[of] p1a: Hippowdon\n|move|p1b: Sinistcha|Matcha Gotcha|p2b: Blue sus|[spread] p2a,p2b\n|-resisted|p2b: Blue sus\n|-damage|p2a: regigagaga|12\/100\n|-heal|p1b: Sinistcha|94\/100|[from] drain|[of] p2a: regigagaga\n|-damage|p2b: Blue sus|16\/100\n|-heal|p1b: Sinistcha|98\/100|[from] drain|[of] p2b: Blue sus\n|cant|p1a: Hippowdon|slp\n|move|p2b: Blue sus|Pollen Puff|p2a: regigagaga\n|-heal|p2a: regigagaga|62\/100\n|\n|-weather|Sandstorm|[upkeep]\n|-damage|p2a: regigagaga|56\/100|[from] Sandstorm\n|-damage|p1b: Sinistcha|92\/100|[from] Sandstorm\n|-damage|p2b: Blue sus|10\/100|[from] Sandstorm\n|-heal|p2b: Blue sus|16\/100|[from] item: Leftovers\n|upkeep\n|turn|12\n|\n|t:|1695396596\n|move|p2a: regigagaga|Drain Punch|p1a: Hippowdon\n|-damage|p1a: Hippowdon|0 fnt\n|-heal|p2a: regigagaga|58\/100|[from] drain|[of] p1a: Hippowdon\n|faint|p1a: Hippowdon\n|move|p1b: Sinistcha|Matcha Gotcha|p2b: Blue sus|[spread] p2a,p2b\n|-resisted|p2b: Blue sus\n|-damage|p2a: regigagaga|32\/100\n|-heal|p1b: Sinistcha|100\/100|[from] drain|[of] p2a: regigagaga\n|-damage|p2b: Blue sus|11\/100\n|-status|p2b: Blue sus|brn\n|move|p2b: Blue sus|Pollen Puff|p2a: regigagaga\n|-heal|p2a: regigagaga|82\/100\n|\n|-weather|Sandstorm|[upkeep]\n|-damage|p2a: regigagaga|76\/100|[from] Sandstorm\n|-damage|p1b: Sinistcha|95\/100|[from] Sandstorm\n|-damage|p2b: Blue sus|5\/100 brn|[from] Sandstorm\n|-heal|p2b: Blue sus|11\/100 brn|[from] item: Leftovers\n|-damage|p2b: Blue sus|5\/100 brn|[from] brn\n|upkeep\n|turn|13\n|inactive|ICAC10 has 120 seconds left.\n|\n|t:|1695396639\n|switch|p2b: M\u00f6th|Volcarona, F, shiny|100\/100\n|-damage|p2b: M\u00f6th|51\/100|[from] Stealth Rock\n|move|p2a: regigagaga|High Horsepower|p1b: Sinistcha\n|-resisted|p1b: Sinistcha\n|-damage|p1b: Sinistcha|64\/100\n|move|p1b: Sinistcha|Matcha Gotcha|p2b: M\u00f6th|[spread] p2a,p2b\n|-resisted|p2b: M\u00f6th\n|-damage|p2a: regigagaga|49\/100\n|-heal|p1b: Sinistcha|82\/100|[from] drain|[of] p2a: regigagaga\n|-damage|p2b: M\u00f6th|43\/100\n|-heal|p1b: Sinistcha|86\/100|[from] drain|[of] p2b: M\u00f6th\n|\n|-weather|none\n|upkeep\n|turn|14\n|inactive|ICAC10 has 120 seconds left.\n|\n|t:|1695396659\n|move|p2a: regigagaga|High Horsepower|p1b: Sinistcha\n|-resisted|p1b: Sinistcha\n|-damage|p1b: Sinistcha|51\/100\n|move|p2b: M\u00f6th|Heat Wave|p1b: Sinistcha\n|-supereffective|p1b: Sinistcha\n|-damage|p1b: Sinistcha|0 fnt\n|faint|p1b: Sinistcha\n|\n|win|ICAC10\n|raw|lameabuelas's rating: 1040 &rarr; <strong>1029<\/strong><br \/>(-11 for losing)\n|raw|ICAC10's rating: 1152 &rarr; <strong>1169<\/strong><br \/>(+17 for winning)\n|l|\u2606lameabuelas\n","uploadtime":1695396723,"views":9,"p1id":"lameabuelas","p2id":"icac10","formatid":"gen9nationaldexdoubles","rating":1029,"private":0,"password":""}