{"id":"gen9nationaldexdoubles-1996926505","p1":"bloody moth","p2":"Ralsei Hatty","format":"[Gen 9] National Dex Doubles","log":"|j|\u2606bloody moth\n|j|\u2606Ralsei Hatty\n|t:|1700745753\n|gametype|doubles\n|player|p1|bloody moth|dawn|1525\n|player|p2|Ralsei Hatty|kieran|1392\n|teamsize|p1|6\n|teamsize|p2|6\n|gen|9\n|tier|[Gen 9] National Dex Doubles\n|rated|\n|rule|HP Percentage Mod: HP is shown in percentages\n|rule|Endless Battle Clause: Forcing endless battles is banned\n|rule|OHKO Clause: OHKO moves are banned\n|rule|Evasion Moves Clause: Evasion moves are banned\n|rule|Evasion Abilities Clause: Evasion abilities are banned\n|rule|Species Clause: Limit one of each Pok\u00e9mon\n|rule|Gravity Sleep Clause: The combination of sleep-inducing moves with imperfect accuracy and Gravity or Gigantamax Orbeetle are banned\n|clearpoke\n|poke|p1|Regieleki|\n|poke|p1|Darmanitan-Galar, F|\n|poke|p1|Tyranitar, F|\n|poke|p1|Excadrill, M|\n|poke|p1|Tornadus, M|\n|poke|p1|Gholdengo|\n|poke|p2|Banette, F|\n|poke|p2|Chien-Pao|\n|poke|p2|Urshifu-*, M|\n|poke|p2|Flutter Mane|\n|poke|p2|Tornadus, M|\n|poke|p2|Regieleki|\n|teampreview\n|\n|t:|1700745770\n|start\n|switch|p1a: Tornadus|Tornadus, M|100\/100\n|switch|p1b: Hyper Muteki|Gholdengo|100\/100\n|switch|p2a: Shifu|Urshifu-Rapid-Strike, M|100\/100\n|switch|p2b: VWOOSH|Tornadus, M|100\/100\n|-item|p1b: Hyper Muteki|Air Balloon\n|turn|1\n|\n|t:|1700745781\n|move|p2a: Shifu|Protect|p2a: Shifu\n|-singleturn|p2a: Shifu|Protect\n|move|p1a: Tornadus|Taunt|p2b: VWOOSH\n|-start|p2b: VWOOSH|move: Taunt\n|-enditem|p2b: VWOOSH|Mental Herb\n|-end|p2b: VWOOSH|move: Taunt\n|move|p2b: VWOOSH|Tailwind|p2b: VWOOSH\n|-sidestart|p2: Ralsei Hatty|move: Tailwind\n|move|p1b: Hyper Muteki|Psychic|p2a: Shifu\n|-activate|p2a: Shifu|move: Protect\n|\n|upkeep\n|turn|2\n|\n|t:|1700745798\n|move|p2b: VWOOSH|Rain Dance|p2b: VWOOSH\n|-weather|RainDance\n|move|p1a: Tornadus|Tailwind|p1a: Tornadus\n|-sidestart|p1: bloody moth|move: Tailwind\n|move|p2a: Shifu|Surging Strikes|p1b: Hyper Muteki\n|-crit|p1b: Hyper Muteki\n|-damage|p1b: Hyper Muteki|65\/100\n|-enditem|p1b: Hyper Muteki|Air Balloon\n|-crit|p1b: Hyper Muteki\n|-damage|p1b: Hyper Muteki|26\/100\n|-crit|p1b: Hyper Muteki\n|-damage|p1b: Hyper Muteki|0 fnt\n|faint|p1b: Hyper Muteki\n|-hitcount|p1: Hyper Muteki|3\n|\n|-weather|RainDance|[upkeep]\n|upkeep\n|\n|t:|1700745805\n|switch|p1b: Regieleki|Regieleki|100\/100\n|turn|3\n|\n|t:|1700745823\n|move|p2a: Shifu|Protect|p2a: Shifu\n|-singleturn|p2a: Shifu|Protect\n|move|p1b: Regieleki|Volt Switch|p2b: VWOOSH\n|-supereffective|p2b: VWOOSH\n|-damage|p2b: VWOOSH|2\/100\n|-damage|p1b: Regieleki|91\/100|[from] item: Life Orb\n|\n|t:|1700745836\n|switch|p1b: Tyranitar|Tyranitar, F|100\/100|[from] Volt Switch\n|-weather|Sandstorm|[from] ability: Sand Stream|[of] p1b: Tyranitar\n|move|p1a: Tornadus|Bleakwind Storm|p2b: VWOOSH|[spread] p2b\n|-activate|p2a: Shifu|move: Protect\n|-damage|p2b: VWOOSH|0 fnt\n|faint|p2b: VWOOSH\n|\n|-weather|Sandstorm|[upkeep]\n|-damage|p1a: Tornadus|94\/100|[from] Sandstorm\n|-damage|p2a: Shifu|94\/100|[from] Sandstorm\n|upkeep\n|\n|t:|1700745848\n|switch|p2b: FluMane|Flutter Mane|100\/100\n|turn|4\n|inactive|Battle timer is ON: inactive players will automatically lose when time's up. (requested by bloody moth)\n|\n|t:|1700745857\n|detailschange|p1b: Tyranitar|Tyranitar-Mega, F\n|-mega|p1b: Tyranitar|Tyranitar|Tyranitarite\n|move|p2b: FluMane|Dazzling Gleam|p1a: Tornadus|[spread] p1a,p1b\n|-supereffective|p1b: Tyranitar\n|-damage|p1a: Tornadus|39\/100\n|-damage|p1b: Tyranitar|63\/100\n|move|p1a: Tornadus|Bleakwind Storm|p2b: FluMane|[spread] p2a,p2b\n|-supereffective|p2a: Shifu\n|-damage|p2a: Shifu|4\/100\n|-damage|p2b: FluMane|68\/100\n|move|p2a: Shifu|Surging Strikes|p1b: Tyranitar\n|-supereffective|p1b: Tyranitar\n|-crit|p1b: Tyranitar\n|-damage|p1b: Tyranitar|35\/100\n|-supereffective|p1b: Tyranitar\n|-crit|p1b: Tyranitar\n|-damage|p1b: Tyranitar|6\/100\n|-supereffective|p1b: Tyranitar\n|-crit|p1b: Tyranitar\n|-damage|p1b: Tyranitar|0 fnt\n|faint|p1b: Tyranitar\n|-hitcount|p1: Tyranitar|3\n|\n|-weather|Sandstorm|[upkeep]\n|-damage|p2b: FluMane|62\/100|[from] Sandstorm\n|-damage|p1a: Tornadus|33\/100|[from] Sandstorm\n|-damage|p2a: Shifu|0 fnt|[from] Sandstorm\n|faint|p2a: Shifu\n|-sideend|p2: Ralsei Hatty|move: Tailwind\n|upkeep\n|\n|t:|1700745880\n|switch|p2a: Kusigaki Nobara|Banette, F, shiny|100\/100\n|switch|p1b: Darmanitan|Darmanitan-Galar, F|100\/100\n|turn|5\n|\n|t:|1700745895\n|detailschange|p2a: Kusigaki Nobara|Banette-Mega, F, shiny\n|-mega|p2a: Kusigaki Nobara|Banette|Banettite\n|-terastallize|p1b: Darmanitan|Rock\n|move|p2b: FluMane|Protect|p2b: FluMane\n|-singleturn|p2b: FluMane|Protect\n|move|p1a: Tornadus|Taunt|p2a: Kusigaki Nobara\n|-start|p2a: Kusigaki Nobara|move: Taunt\n|move|p2a: Kusigaki Nobara|Shadow Sneak|p1a: Tornadus\n|-damage|p1a: Tornadus|2\/100\n|move|p1b: Darmanitan|Rock Slide|p2b: FluMane|[spread] p2a\n|-activate|p2b: FluMane|move: Protect\n|-damage|p2a: Kusigaki Nobara|11\/100\n|\n|-weather|Sandstorm|[upkeep]\n|-damage|p1a: Tornadus|0 fnt|[from] Sandstorm\n|-damage|p2b: FluMane|56\/100|[from] Sandstorm\n|-damage|p2a: Kusigaki Nobara|5\/100|[from] Sandstorm\n|faint|p1a: Tornadus\n|-sideend|p1: bloody moth|move: Tailwind\n|upkeep\n|\n|t:|1700745903\n|switch|p1a: Excadrill|Excadrill, M|100\/100\n|turn|6\n|\n|t:|1700745933\n|move|p2a: Kusigaki Nobara|Shadow Sneak|p1b: Darmanitan\n|-damage|p1b: Darmanitan|54\/100\n|move|p1a: Excadrill|Iron Head|p2b: FluMane\n|-supereffective|p2b: FluMane\n|-damage|p2b: FluMane|0 fnt\n|faint|p2b: FluMane\n|-end|p2b: FluMane|Protosynthesis|[silent]\n|move|p1b: Darmanitan|Rock Slide|p2a: Kusigaki Nobara\n|-damage|p2a: Kusigaki Nobara|0 fnt\n|faint|p2a: Kusigaki Nobara\n|\n|-weather|Sandstorm|[upkeep]\n|upkeep\n|inactive|Ralsei Hatty has 120 seconds left.\n|\n|t:|1700745948\n|switch|p2b: Chien Bread|Chien-Pao|100\/100\n|switch|p2a: Happy Jumpin|Regieleki|100\/100\n|-ability|p2b: Chien Bread|Sword of Ruin\n|turn|7\n|\n|t:|1700745963\n|move|p2a: Happy Jumpin|Thunder|p1b: Darmanitan\n|-damage|p1b: Darmanitan|0 fnt\n|faint|p1b: Darmanitan\n|move|p1a: Excadrill|Iron Head|p2b: Chien Bread\n|-supereffective|p2b: Chien Bread\n|-enditem|p2b: Chien Bread|Focus Sash\n|-damage|p2b: Chien Bread|1\/100\n|move|p2b: Chien Bread|Sacred Sword|p1a: Excadrill\n|-supereffective|p1a: Excadrill\n|-damage|p1a: Excadrill|0 fnt\n|faint|p1a: Excadrill\n|\n|-weather|none\n|upkeep\n|\n|t:|1700745971\n|switch|p1b: Regieleki|Regieleki|91\/100\n|turn|8\n|\n|t:|1700745996\n|move|p2b: Chien Bread|Sucker Punch|p1b: Regieleki\n|-damage|p1b: Regieleki|0 fnt\n|faint|p1b: Regieleki\n|\n|win|Ralsei Hatty\n|raw|bloody moth's rating: 1525 &rarr; <strong>1498<\/strong><br \/>(-27 for losing)\n|raw|Ralsei Hatty's rating: 1392 &rarr; <strong>1419<\/strong><br \/>(+27 for winning)\n|l|\u2606Ralsei Hatty\n|j|\u2606Ralsei Hatty\n|player|p2|Ralsei Hatty|kieran\n|l|\u2606bloody moth\n","uploadtime":1700746308,"views":0,"p1id":"bloodymoth","p2id":"ralseihatty","formatid":"gen9nationaldexdoubles","rating":1419,"private":0,"password":""}