{"id":"gen9nationaldexdoubles-1962802754","p1":"fifier","p2":"XMarcosPr710","format":"[Gen 9] National Dex Doubles","log":"|j|\u2606fifier\n|j|\u2606XMarcosPr710\n|t:|1696793637\n|gametype|doubles\n|player|p1|fifier|169|\n|player|p2|XMarcosPr710|benga|\n|teamsize|p1|6\n|teamsize|p2|6\n|gen|9\n|tier|[Gen 9] National Dex Doubles\n|rule|HP Percentage Mod: HP is shown in percentages\n|rule|Endless Battle Clause: Forcing endless battles is banned\n|rule|OHKO Clause: OHKO moves are banned\n|rule|Evasion Moves Clause: Evasion moves are banned\n|rule|Evasion Abilities Clause: Evasion abilities are banned\n|rule|Species Clause: Limit one of each Pok\u00e9mon\n|rule|Gravity Sleep Clause: The combination of sleep-inducing moves with imperfect accuracy and Gravity or Gigantamax Orbeetle are banned\n|clearpoke\n|poke|p1|Chien-Pao|\n|poke|p1|Iron Bundle|\n|poke|p1|Ninetales-Alola, M|\n|poke|p1|Baxcalibur, M|\n|poke|p1|Mamoswine, M|\n|poke|p1|Abomasnow, M|\n|poke|p2|Iron Hands|\n|poke|p2|Rotom-Wash|\n|poke|p2|Zapdos|\n|poke|p2|Manectric, M|\n|poke|p2|Thundurus, M|\n|poke|p2|Tapu Koko|\n|teampreview\n|c|\u2606XMarcosPr710|volvi\n|\n|t:|1696793676\n|start\n|switch|p1a: Abomasnow|Abomasnow, M|100\/100\n|switch|p1b: Mamoswine|Mamoswine, M|100\/100\n|switch|p2a: Rotom|Rotom-Wash, shiny|100\/100\n|switch|p2b: Iron Hands|Iron Hands|100\/100\n|-weather|Snow|[from] ability: Snow Warning|[of] p1a: Abomasnow\n|turn|1\n|\n|t:|1696793693\n|move|p1b: Mamoswine|Protect|p1b: Mamoswine\n|-singleturn|p1b: Mamoswine|Protect\n|move|p1a: Abomasnow|Protect|p1a: Abomasnow\n|-singleturn|p1a: Abomasnow|Protect\n|move|p2a: Rotom|Will-O-Wisp|p1b: Mamoswine\n|-activate|p1b: Mamoswine|move: Protect\n|move|p2b: Iron Hands|Drain Punch|p1a: Abomasnow\n|-activate|p1a: Abomasnow|move: Protect\n|\n|-weather|Snow|[upkeep]\n|upkeep\n|turn|2\n|\n|t:|1696793730\n|detailschange|p1a: Abomasnow|Abomasnow-Mega, M\n|-mega|p1a: Abomasnow|Abomasnow|Abomasite\n|move|p2a: Rotom|Helping Hand|p2b: Iron Hands\n|-singleturn|p2b: Iron Hands|Helping Hand|[of] p2a: Rotom\n|move|p1b: Mamoswine|High Horsepower|p2b: Iron Hands\n|-supereffective|p2b: Iron Hands\n|-damage|p2b: Iron Hands|32\/100\n|move|p2b: Iron Hands|Drain Punch|p1b: Mamoswine\n|-supereffective|p1b: Mamoswine\n|-damage|p1b: Mamoswine|5\/100\n|-heal|p2b: Iron Hands|68\/100|[from] drain|[of] p1b: Mamoswine\n|-enditem|p1b: Mamoswine|Figy Berry|[eat]\n|-heal|p1b: Mamoswine|39\/100|[from] item: Figy Berry\n|move|p1a: Abomasnow|Aurora Veil|p1a: Abomasnow\n|-sidestart|p1: fifier|move: Aurora Veil\n|\n|-weather|Snow|[upkeep]\n|upkeep\n|turn|3\n|c|\u2606fifier|q graned\n|\n|t:|1696793754\n|move|p1b: Mamoswine|High Horsepower|p2b: Iron Hands\n|-supereffective|p2b: Iron Hands\n|-damage|p2b: Iron Hands|4\/100\n|move|p2a: Rotom|Will-O-Wisp|p1b: Mamoswine\n|-status|p1b: Mamoswine|brn\n|move|p2b: Iron Hands|Drain Punch|p1a: Abomasnow\n|-supereffective|p1a: Abomasnow\n|-damage|p1a: Abomasnow|73\/100\n|-heal|p2b: Iron Hands|15\/100|[from] drain|[of] p1a: Abomasnow\n|move|p1a: Abomasnow|Icy Wind|p2a: Rotom|[spread] p2a,p2b\n|-resisted|p2a: Rotom\n|-damage|p2a: Rotom|90\/100\n|-damage|p2b: Iron Hands|4\/100\n|-unboost|p2a: Rotom|spe|1\n|-unboost|p2b: Iron Hands|spe|1\n|\n|-weather|Snow|[upkeep]\n|-damage|p1b: Mamoswine|33\/100 brn|[from] brn\n|upkeep\n|turn|4\n|c|\u2606XMarcosPr710|Epico como le pusiste jolly al mamos B)\n|c|\u2606XMarcosPr710|a\n|c|\u2606XMarcosPr710|Que no se ha puesto\n|c|\u2606XMarcosPr710|Puta mierda de showdown\n|c|\u2606fifier|es adamant\n|c|\u2606fifier|XDDDD\n|c|\u2606XMarcosPr710|osea\n|c|\u2606XMarcosPr710|Tengo el ev spread para ser mas rapido y no se pone\n|c|\u2606fifier|XDDDD\n|\n|t:|1696793796\n|switch|p1b: Iron Bundle|Iron Bundle|100\/100\n|-enditem|p1b: Iron Bundle|Booster Energy\n|-activate|p1b: Iron Bundle|ability: Quark Drive|[fromitem]\n|-start|p1b: Iron Bundle|quarkdrivespe\n|move|p2a: Rotom|Protect|p2a: Rotom\n|-singleturn|p2a: Rotom|Protect\n|move|p1a: Abomasnow|Icy Wind|p2a: Rotom|[spread] p2b\n|-activate|p2a: Rotom|move: Protect\n|-damage|p2b: Iron Hands|0 fnt\n|faint|p2b: Iron Hands\n|-end|p2b: Iron Hands|Quark Drive|[silent]\n|\n|-weather|Snow|[upkeep]\n|upkeep\n|c|\u2606fifier|el mamos es adamant\n|c|\u2606fifier|no se q dices\n|\n|t:|1696793816\n|switch|p2b: Tapu Koko|Tapu Koko, shiny|100\/100\n|-fieldstart|move: Electric Terrain|[from] ability: Electric Surge|[of] p2b: Tapu Koko\n|turn|5\n|c|\u2606XMarcosPr710|Y tampoco se puso el tera del koko\n|c|\u2606XMarcosPr710|JAJAJ\n|c|\u2606fifier|XDDDD\n|\n|t:|1696793841\n|move|p1b: Iron Bundle|Protect|p1b: Iron Bundle\n|-singleturn|p1b: Iron Bundle|Protect\n|move|p2b: Tapu Koko|Protect|p2b: Tapu Koko\n|-singleturn|p2b: Tapu Koko|Protect\n|move|p2a: Rotom|Volt Switch|p1b: Iron Bundle\n|-activate|p1b: Iron Bundle|move: Protect\n|move|p1a: Abomasnow|Earth Power|p2b: Tapu Koko\n|-activate|p2b: Tapu Koko|move: Protect\n|\n|-weather|none\n|upkeep\n|turn|6\n|c|\u2606fifier|god turno\n|c|\u2606fifier|B)\n|\n|t:|1696793856\n|-terastallize|p1b: Iron Bundle|Ghost\n|move|p1b: Iron Bundle|Freeze-Dry|p2a: Rotom\n|-supereffective|p2a: Rotom\n|-damage|p2a: Rotom|15\/100\n|-enditem|p2a: Rotom|Wiki Berry|[eat]\n|-heal|p2a: Rotom|48\/100|[from] item: Wiki Berry\n|move|p2b: Tapu Koko|Volt Switch|p1a: Abomasnow\n|-resisted|p1a: Abomasnow\n|-damage|p1a: Abomasnow|64\/100\n|c|\u2606fifier|u\n|\n|t:|1696793864\n|switch|p2b: Zapdos|Zapdos|100\/100|[from] Volt Switch\n|move|p2a: Rotom|Volt Switch|p1b: Iron Bundle\n|-damage|p1b: Iron Bundle|68\/100\n|\n|t:|1696793870\n|switch|p2a: Tapu Koko|Tapu Koko, shiny|100\/100|[from] Volt Switch\n|move|p1a: Abomasnow|Earth Power|p2b: Zapdos\n|-immune|p2b: Zapdos\n|\n|-sideend|p1: fifier|move: Aurora Veil\n|upkeep\n|turn|7\n|c|\u2606fifier|doble volt switch\n|c|\u2606fifier|B)\n|\n|t:|1696793935\n|move|p1b: Iron Bundle|Protect|p1b: Iron Bundle\n|-singleturn|p1b: Iron Bundle|Protect\n|move|p2a: Tapu Koko|Thunderbolt|p1b: Iron Bundle\n|-activate|p1b: Iron Bundle|move: Protect\n|move|p2b: Zapdos|Heat Wave|p1b: Iron Bundle|[spread] p1a\n|-activate|p1b: Iron Bundle|move: Protect\n|-supereffective|p1a: Abomasnow\n|-damage|p1a: Abomasnow|0 fnt\n|faint|p1a: Abomasnow\n|\n|upkeep\n|\n|t:|1696793946\n|switch|p1a: Ninetales|Ninetales-Alola, M, shiny|100\/100\n|-weather|Snow|[from] ability: Snow Warning|[of] p1a: Ninetales\n|turn|8\n|\n|t:|1696793967\n|move|p1b: Iron Bundle|Icy Wind|p2b: Zapdos|[spread] p2a,p2b\n|-supereffective|p2b: Zapdos\n|-damage|p2a: Tapu Koko|71\/100\n|-damage|p2b: Zapdos|52\/100\n|-unboost|p2a: Tapu Koko|spe|1\n|-unboost|p2b: Zapdos|spe|1\n|move|p1a: Ninetales|Aurora Veil|p1a: Ninetales\n|-sidestart|p1: fifier|move: Aurora Veil\n|move|p2a: Tapu Koko|Thunderbolt|p1b: Iron Bundle\n|-damage|p1b: Iron Bundle|0 fnt\n|faint|p1b: Iron Bundle\n|-end|p1b: Iron Bundle|Quark Drive|[silent]\n|move|p2b: Zapdos|Heat Wave|p1a: Ninetales\n|-supereffective|p1a: Ninetales\n|-damage|p1a: Ninetales|62\/100\n|\n|-weather|Snow|[upkeep]\n|upkeep\n|c|\u2606fifier|como pega el hdop\n|c|\u2606fifier|a pero despues aguantar\n|\n|t:|1696793994\n|switch|p1b: Chien-Pao|Chien-Pao|100\/100\n|-ability|p1b: Chien-Pao|Sword of Ruin\n|turn|9\n|c|\u2606fifier|esto es roll he\n|\n|t:|1696794070\n|switch|p2a: Rotom|Rotom-Wash, shiny|48\/100\n|move|p1b: Chien-Pao|Icicle Crash|p2a: Rotom|[miss]\n|-miss|p1b: Chien-Pao|p2a: Rotom\n|move|p1a: Ninetales|Icy Wind|p2b: Zapdos|[spread] p2a,p2b\n|-resisted|p2a: Rotom\n|-supereffective|p2b: Zapdos\n|-damage|p2a: Rotom|42\/100\n|-damage|p2b: Zapdos|26\/100\n|-unboost|p2a: Rotom|spe|1\n|-unboost|p2b: Zapdos|spe|1\n|move|p2b: Zapdos|Heat Wave|p1a: Ninetales|[spread] p1a,p1b\n|-supereffective|p1a: Ninetales\n|-supereffective|p1b: Chien-Pao\n|-damage|p1a: Ninetales|31\/100\n|-damage|p1b: Chien-Pao|50\/100\n|\n|-weather|Snow|[upkeep]\n|-fieldend|move: Electric Terrain\n|upkeep\n|turn|10\n|c|\u2606fifier|boe\n|c|\u2606XMarcosPr710|God\n|c|\u2606fifier|y no mata\n|c|\u2606fifier|thjosfhjsdf\n|c|\u2606XMarcosPr710|Cual roll\n|c|\u2606fifier|si\n|c|\u2606XMarcosPr710|Como va a matar Icy wind a zapdos\n|c|\u2606XMarcosPr710|XD\n|c|\u2606fifier|a\n|c|\u2606fifier|si\n|c|\u2606fifier|viste q quito 48 antes\n|c|\u2606XMarcosPr710|Me diste con  bundle\n|c|\u2606XMarcosPr710|Pelotudo\n|c|\u2606fifier|u\n|c|\u2606fifier|e verda\n|c|\u2606fifier|xD\n|\n|t:|1696794125\n|move|p2b: Zapdos|Protect|p2b: Zapdos\n|-singleturn|p2b: Zapdos|Protect\n|move|p1b: Chien-Pao|Icicle Crash|p2a: Rotom|[miss]\n|-miss|p1b: Chien-Pao|p2a: Rotom\n|move|p1a: Ninetales|Icy Wind|p2b: Zapdos|[spread] p2a\n|-activate|p2b: Zapdos|move: Protect\n|-resisted|p2a: Rotom\n|-damage|p2a: Rotom|36\/100\n|-unboost|p2a: Rotom|spe|1\n|move|p2a: Rotom|Volt Switch|p1b: Chien-Pao\n|-crit|p1b: Chien-Pao\n|-damage|p1b: Chien-Pao|0 fnt\n|faint|p1b: Chien-Pao\n|c|\u2606fifier|BOE\n|c|\u2606fifier|no juego mas\n|c|\u2606XMarcosPr710|Ese rotom XDDDDDDDDDDDDD\n|c|\u2606fifier|SI HOMBRE\n|-message|fifier forfeited.\n|\n|win|XMarcosPr710\n|c|\u2606XMarcosPr710|Se esquivo todos los Icicle crash JAJAJa\n","uploadtime":1696794149,"views":18,"p1id":"fifier","p2id":"xmarcospr710","formatid":"gen9nationaldexdoubles","rating":0,"private":0,"password":""}