{"id":"gen9nationaldexdoubles-1954971820","p1":"Nyata","p2":"Brrunoth","format":"[Gen 9] National Dex Doubles","log":"|j|\u2606Nyata\n|j|\u2606Brrunoth\n|t:|1695942529\n|gametype|doubles\n|player|p1|Nyata|266|1379\n|player|p2|Brrunoth|adaman|1527\n|teamsize|p1|6\n|teamsize|p2|6\n|gen|9\n|tier|[Gen 9] National Dex Doubles\n|rated|\n|rule|HP Percentage Mod: HP is shown in percentages\n|rule|Endless Battle Clause: Forcing endless battles is banned\n|rule|OHKO Clause: OHKO moves are banned\n|rule|Evasion Moves Clause: Evasion moves are banned\n|rule|Evasion Abilities Clause: Evasion abilities are banned\n|rule|Species Clause: Limit one of each Pok\u00e9mon\n|rule|Gravity Sleep Clause: The combination of sleep-inducing moves with imperfect accuracy and Gravity or Gigantamax Orbeetle are banned\n|clearpoke\n|poke|p1|Cradily, F|\n|poke|p1|Aerodactyl, F|\n|poke|p1|Arcanine-Hisui, F|\n|poke|p1|Nihilego|\n|poke|p1|Tyranitar, M|\n|poke|p1|Aggron, M|\n|poke|p2|Charizard, M|\n|poke|p2|Chi-Yu|\n|poke|p2|Flutter Mane|\n|poke|p2|Whimsicott, F|\n|poke|p2|Kingambit, M|\n|poke|p2|Landorus-Therian, M|\n|teampreview\n|\n|t:|1695942541\n|start\n|switch|p1a: Aerodactyl|Aerodactyl, F|100\/100\n|switch|p1b: Nihilego|Nihilego|100\/100\n|switch|p2a: the fool|Whimsicott, F|100\/100\n|switch|p2b: the king|Kingambit, M|100\/100\n|-ability|p1a: Aerodactyl|Unnerve\n|turn|1\n|\n|t:|1695942554\n|move|p1b: Nihilego|Protect|p1b: Nihilego\n|-singleturn|p1b: Nihilego|Protect\n|move|p2a: the fool|Tailwind|p2a: the fool\n|-sidestart|p2: Brrunoth|move: Tailwind\n|move|p1a: Aerodactyl|Tailwind|p1a: Aerodactyl\n|-sidestart|p1: Nyata|move: Tailwind\n|move|p2b: the king|Iron Head|p1a: Aerodactyl\n|-supereffective|p1a: Aerodactyl\n|-enditem|p1a: Aerodactyl|Focus Sash\n|-damage|p1a: Aerodactyl|1\/100\n|\n|upkeep\n|turn|2\n|\n|t:|1695942569\n|switch|p1b: Aggron|Aggron, M|100\/100\n|move|p1a: Aerodactyl|Sky Drop||[still]\n|-prepare|p1a: Aerodactyl|Sky Drop|p2a: the fool\n|move|p2b: the king|Iron Head|p1b: Aggron\n|-damage|p1b: Aggron|78\/100\n|\n|upkeep\n|turn|3\n|\n|t:|1695942591\n|detailschange|p1b: Aggron|Aggron-Mega, M\n|-mega|p1b: Aggron|Aggron|Aggronite\n|move|p1a: Aerodactyl|Sky Drop|p2a: the fool|[from]lockedmove\n|-supereffective|p2a: the fool\n|-crit|p2a: the fool\n|-damage|p2a: the fool|26\/100\n|-end|p2a: the fool|Sky Drop\n|move|p2a: the fool|Moonblast|p1a: Aerodactyl\n|-damage|p1a: Aerodactyl|0 fnt\n|faint|p1a: Aerodactyl\n|move|p2b: the king|Low Kick|p1b: Aggron\n|-supereffective|p1b: Aggron\n|-damage|p1b: Aggron|53\/100\n|move|p1b: Aggron|Body Press|p2b: the king\n|-supereffective|p2b: the king\n|-damage|p2b: the king|0 fnt\n|faint|p2b: the king\n|\n|upkeep\n|\n|t:|1695942605\n|switch|p1a: Nihilego|Nihilego|100\/100\n|switch|p2b: the META|Landorus-Therian, M|100\/100\n|-ability|p2b: the META|Intimidate|boost\n|-unboost|p1a: Nihilego|atk|1\n|-unboost|p1b: Aggron|atk|1\n|turn|4\n|\n|t:|1695942628\n|-terastallize|p1a: Nihilego|Flying\n|move|p2a: the fool|Helping Hand|p2b: the META\n|-singleturn|p2b: the META|Helping Hand|[of] p2a: the fool\n|move|p1a: Nihilego|Sludge Wave|p2a: the fool|[spread] p2a,p2b\n|-immune|p1b: Aggron\n|-supereffective|p2a: the fool\n|-resisted|p2b: the META\n|-damage|p2a: the fool|0 fnt\n|-damage|p2b: the META|83\/100\n|faint|p2a: the fool\n|-ability|p1a: Nihilego|Beast Boost|boost\n|-boost|p1a: Nihilego|spa|1\n|-zpower|p2b: the META\n|move|p2b: the META|Tectonic Rage|p1b: Aggron|[zeffect]\n|-supereffective|p1b: Aggron\n|-damage|p1b: Aggron|0 fnt\n|faint|p1b: Aggron\n|\n|-sideend|p2: Brrunoth|move: Tailwind\n|-sideend|p1: Nyata|move: Tailwind\n|upkeep\n|\n|t:|1695942649\n|switch|p2a: the sun|Charizard, M|100\/100\n|switch|p1b: Cradily|Cradily, F|100\/100\n|turn|5\n|\n|t:|1695942678\n|detailschange|p2a: the sun|Charizard-Mega-Y, M\n|-mega|p2a: the sun|Charizard|Charizardite Y\n|-weather|SunnyDay|[from] ability: Drought|[of] p2a: the sun\n|move|p1a: Nihilego|Protect|p1a: Nihilego\n|-singleturn|p1a: Nihilego|Protect\n|move|p2a: the sun|Protect|p2a: the sun\n|-singleturn|p2a: the sun|Protect\n|move|p1b: Cradily|Protect|p1b: Cradily\n|-singleturn|p1b: Cradily|Protect\n|move|p2b: the META|U-turn|p1b: Cradily\n|-activate|p1b: Cradily|move: Protect\n|\n|-weather|SunnyDay|[upkeep]\n|upkeep\n|turn|6\n|\n|t:|1695942713\n|switch|p2a: the feesh|Chi-Yu|100\/100\n|-ability|p2a: the feesh|Beads of Ruin\n|move|p1a: Nihilego|Meteor Beam||[still]\n|-prepare|p1a: Nihilego|Meteor Beam\n|-boost|p1a: Nihilego|spa|1\n|-enditem|p1a: Nihilego|Power Herb\n|-anim|p1a: Nihilego|Meteor Beam|p2a: the feesh\n|-supereffective|p2a: the feesh\n|-enditem|p2a: the feesh|Focus Sash\n|-damage|p2a: the feesh|1\/100\n|move|p2b: the META|U-turn|p1b: Cradily\n|-supereffective|p1b: Cradily\n|-damage|p1b: Cradily|55\/100\n|\n|t:|1695942725\n|switch|p2b: the tank|Flutter Mane|100\/100|[from] U-turn\n|-activate|p2b: the tank|ability: Protosynthesis\n|-start|p2b: the tank|protosynthesisspa\n|move|p1b: Cradily|Meteor Beam||[still]\n|-prepare|p1b: Cradily|Meteor Beam\n|-boost|p1b: Cradily|spa|1\n|-enditem|p1b: Cradily|Power Herb\n|-anim|p1b: Cradily|Meteor Beam|p2b: the tank\n|-damage|p2b: the tank|24\/100\n|\n|-weather|SunnyDay|[upkeep]\n|upkeep\n|turn|7\n|\n|t:|1695942740\n|-terastallize|p2b: the tank|Fairy\n|move|p1b: Cradily|Protect|p1b: Cradily\n|-singleturn|p1b: Cradily|Protect\n|move|p2b: the tank|Dazzling Gleam|p1a: Nihilego|[spread] p1a\n|-activate|p1b: Cradily|move: Protect\n|-damage|p1a: Nihilego|8\/100\n|move|p1a: Nihilego|Sludge Wave|p2b: the tank|[spread] p2a,p2b\n|-activate|p1b: Cradily|move: Protect\n|-supereffective|p2b: the tank\n|-damage|p2a: the feesh|0 fnt\n|-damage|p2b: the tank|0 fnt\n|faint|p2a: the feesh\n|faint|p2b: the tank\n|-end|p2b: the tank|Protosynthesis|[silent]\n|-ability|p1a: Nihilego|Beast Boost|boost\n|-boost|p1a: Nihilego|spa|2\n|\n|-weather|SunnyDay|[upkeep]\n|upkeep\n|\n|t:|1695942751\n|switch|p2b: the META|Landorus-Therian, M|83\/100\n|switch|p2a: the sun|Charizard-Mega-Y, M|100\/100\n|-ability|p2b: the META|Intimidate|boost\n|-unboost|p1a: Nihilego|atk|1\n|-unboost|p1b: Cradily|atk|1\n|turn|8\n|\n|t:|1695942765\n|move|p2a: the sun|Protect|p2a: the sun\n|-singleturn|p2a: the sun|Protect\n|move|p1a: Nihilego|Sludge Wave|p2b: the META|[spread] p1b,p2b\n|-activate|p2a: the sun|move: Protect\n|-resisted|p2b: the META\n|-damage|p1b: Cradily|0 fnt\n|-damage|p2b: the META|36\/100\n|-status|p2b: the META|psn\n|faint|p1b: Cradily\n|-ability|p1a: Nihilego|Beast Boost|boost\n|-boost|p1a: Nihilego|spa|1\n|move|p2b: the META|U-turn|p1a: Nihilego\n|-resisted|p1a: Nihilego\n|-damage|p1a: Nihilego|0 fnt\n|faint|p1a: Nihilego\n|\n|-weather|SunnyDay|[upkeep]\n|-damage|p2b: the META|23\/100 psn|[from] psn\n|upkeep\n|c|\u2606Brrunoth|nice monotype\n|c|\u2606Nyata|ty :3\n|\n|t:|1695942776\n|switch|p1a: Tyranitar|Tyranitar, M|100\/100\n|switch|p1b: Arcanine|Arcanine-Hisui, F|100\/100\n|-weather|Sandstorm|[from] ability: Sand Stream|[of] p1a: Tyranitar\n|turn|9\n|\n|t:|1695942790\n|move|p2a: the sun|Heat Wave|p1a: Tyranitar|[spread] p1b\n|-miss|p2a: the sun|p1a: Tyranitar\n|-resisted|p1b: Arcanine\n|-damage|p1b: Arcanine|91\/100\n|move|p1b: Arcanine|Flare Blitz|p2b: the META\n|-damage|p2b: the META|0 fnt\n|faint|p2b: the META\n|move|p1a: Tyranitar|Rock Slide|p2a: the sun\n|-supereffective|p2a: the sun\n|-damage|p2a: the sun|0 fnt\n|faint|p2a: the sun\n|\n|win|Nyata\n|raw|Nyata's rating: 1379 &rarr; <strong>1407<\/strong><br \/>(+28 for winning)\n|raw|Brrunoth's rating: 1527 &rarr; <strong>1499<\/strong><br \/>(-28 for losing)\n|c|\u2606Nyata|gg :3\n|c|\u2606Brrunoth|gg\n|l|\u2606Brrunoth\n","uploadtime":1695942801,"views":10,"p1id":"nyata","p2id":"brrunoth","formatid":"gen9nationaldexdoubles","rating":1407,"private":0,"password":""}