{"id":"gen9nationaldexdoubles-1975460261","p1":"Maybebetterthanu","p2":"Wiselin8","format":"[Gen 9] National Dex Doubles","log":"|j|\u2606Maybebetterthanu\n|j|\u2606Wiselin8\n|t:|1698193730\n|gametype|doubles\n|player|p1|Maybebetterthanu|fantina|\n|player|p2|Wiselin8|gentleman-gen4|\n|teamsize|p1|6\n|teamsize|p2|6\n|gen|9\n|tier|[Gen 9] National Dex Doubles\n|rule|HP Percentage Mod: HP is shown in percentages\n|rule|Endless Battle Clause: Forcing endless battles is banned\n|rule|OHKO Clause: OHKO moves are banned\n|rule|Evasion Moves Clause: Evasion moves are banned\n|rule|Evasion Abilities Clause: Evasion abilities are banned\n|rule|Species Clause: Limit one of each Pok\u00e9mon\n|rule|Gravity Sleep Clause: The combination of sleep-inducing moves with imperfect accuracy and Gravity or Gigantamax Orbeetle are banned\n|clearpoke\n|poke|p1|Gliscor, M|\n|poke|p1|Furret, M|\n|poke|p1|Murkrow, M|\n|poke|p1|Ogerpon-Cornerstone, F|\n|poke|p1|Magnezone|\n|poke|p1|Darmanitan, F|\n|poke|p2|Golurk|\n|poke|p2|Volcanion|\n|poke|p2|Golisopod, F|\n|poke|p2|Corviknight, M|\n|poke|p2|Alakazam, F|\n|poke|p2|Beedrill, M|\n|teampreview\n|j| landlord79\n|\n|t:|1698193785\n|start\n|switch|p1a: Mouthwash|Gliscor, M|100\/100\n|switch|p1b: Fwrym|Furret, M|100\/100\n|switch|p2a: Golurk|Golurk, shiny|100\/100\n|switch|p2b: Corviknight|Corviknight, M|100\/100\n|-ability|p2b: Corviknight|Unnerve\n|-item|p2a: Golurk|Sticky Barb|[from] ability: Frisk|[of] p1b: Fwrym|[identify]\n|-item|p2b: Corviknight|Muscle Band|[from] ability: Frisk|[of] p1b: Fwrym|[identify]\n|turn|1\n|j| Krishy2007\n|c| Krishy2007|hey\n|c| landlord79|sup\n|\n|t:|1698193856\n|move|p1b: Fwrym|Follow Me|p1b: Fwrym\n|-singleturn|p1b: Fwrym|move: Follow Me\n|move|p1a: Mouthwash|Swords Dance|p1a: Mouthwash\n|-boost|p1a: Mouthwash|atk|2\n|move|p2b: Corviknight|U-turn|p1b: Fwrym\n|-damage|p1b: Fwrym|81\/100\n|\n|t:|1698193875\n|switch|p2b: Volcanion|Volcanion|100\/100|[from] U-turn\n|move|p2a: Golurk|Earthquake|p1b: Fwrym|[spread] p2b,p1b\n|-immune|p1a: Mouthwash\n|-supereffective|p2b: Volcanion\n|-crit|p2b: Volcanion\n|-damage|p2b: Volcanion|2\/100\n|-damage|p1b: Fwrym|30\/100\n|\n|-heal|p2b: Volcanion|8\/100|[from] item: Leftovers\n|-status|p1a: Mouthwash|tox|[from] item: Toxic Orb\n|upkeep\n|turn|2\n|c| Krishy2007|Using EQ always feels risky lol\n|\n|t:|1698193913\n|move|p1b: Fwrym|Protect|p1b: Fwrym\n|-singleturn|p1b: Fwrym|Protect\n|move|p1a: Mouthwash|Earthquake|p2b: Volcanion|[spread] p2a,p2b\n|-activate|p1b: Fwrym|move: Protect\n|-supereffective|p2b: Volcanion\n|-damage|p2a: Golurk|23\/100\n|-damage|p2b: Volcanion|0 fnt\n|faint|p2b: Volcanion\n|move|p2a: Golurk|Trick|p1a: Mouthwash\n|-activate|p2a: Golurk|move: Trick|[of] p1a: Mouthwash\n|-item|p1a: Mouthwash|Sticky Barb|[from] move: Trick\n|-item|p2a: Golurk|Toxic Orb|[from] move: Trick\n|\n|-damage|p1a: Mouthwash|88\/100 tox|[from] item: Sticky Barb\n|upkeep\n|\n|t:|1698193955\n|switch|p2b: Golisopod|Golisopod, F, shiny|100\/100\n|turn|3\n|\n|t:|1698193977\n|move|p1b: Fwrym|Follow Me|p1b: Fwrym\n|-singleturn|p1b: Fwrym|move: Follow Me\n|move|p2b: Golisopod|First Impression|p1b: Fwrym\n|-damage|p1b: Fwrym|0 fnt\n|faint|p1b: Fwrym\n|move|p1a: Mouthwash|Earthquake|p2a: Golurk|[spread] p2a,p2b\n|-resisted|p2b: Golisopod\n|-damage|p2a: Golurk|0 fnt\n|-damage|p2b: Golisopod|76\/100\n|faint|p2a: Golurk\n|\n|-heal|p1a: Mouthwash|100\/100 tox|[from] ability: Poison Heal\n|-damage|p1a: Mouthwash|88\/100 tox|[from] item: Sticky Barb\n|upkeep\n|\n|t:|1698194017\n|switch|p1b: Yamato|Ogerpon-Cornerstone, F|100\/100\n|switch|p2a: Beedrill|Beedrill, M, shiny|100\/100\n|turn|4\n|\n|t:|1698194078\n|detailschange|p2a: Beedrill|Beedrill-Mega, M, shiny\n|-mega|p2a: Beedrill|Beedrill|Beedrillite\n|move|p2a: Beedrill|U-turn|p1b: Yamato\n|-supereffective|p1b: Yamato\n|-ability|p1b: Yamato|Sturdy\n|-damage|p1b: Yamato|1\/100\n|\n|t:|1698194089\n|switch|p2a: Corviknight|Corviknight, M|100\/100|[from] U-turn\n|-ability|p2a: Corviknight|Unnerve\n|move|p1b: Yamato|Ivy Cudgel|p2b: Golisopod\n|-supereffective|p2b: Golisopod\n|-damage|p2b: Golisopod|0 fnt\n|faint|p2b: Golisopod\n|move|p1a: Mouthwash|Earthquake|p2a: Corviknight|[spread] p1b\n|-immune|p2a: Corviknight\n|-damage|p1b: Yamato|0 fnt\n|faint|p1b: Yamato\n|\n|-heal|p1a: Mouthwash|100\/100 tox|[from] ability: Poison Heal\n|-damage|p1a: Mouthwash|88\/100 tox|[from] item: Sticky Barb\n|upkeep\n|\n|t:|1698194126\n|switch|p1b: Pimp Jr.|Murkrow, M, shiny|100\/100\n|switch|p2b: Alakazam|Alakazam, F|100\/100\n|turn|5\n|\n|t:|1698194162\n|move|p1b: Pimp Jr.|Tailwind|p1b: Pimp Jr.\n|-sidestart|p1: Maybebetterthanu|move: Tailwind\n|move|p1a: Mouthwash|Knock Off|p2b: Alakazam\n|-supereffective|p2b: Alakazam\n|-damage|p2b: Alakazam|0 fnt\n|-enditem|p2b: Alakazam|Mind Plate|[from] move: Knock Off|[of] p1a: Mouthwash\n|faint|p2b: Alakazam\n|move|p2a: Corviknight|Body Press|p1a: Mouthwash\n|-resisted|p1a: Mouthwash\n|-damage|p1a: Mouthwash|76\/100 tox\n|\n|-heal|p1a: Mouthwash|88\/100 tox|[from] ability: Poison Heal\n|-damage|p1a: Mouthwash|76\/100 tox|[from] item: Sticky Barb\n|upkeep\n|\n|t:|1698194174\n|switch|p2b: Beedrill|Beedrill-Mega, M, shiny|100\/100\n|turn|6\n|\n|t:|1698194200\n|move|p1a: Mouthwash|Earthquake|p2a: Corviknight|[spread] p2b\n|-immune|p1b: Pimp Jr.\n|-immune|p2a: Corviknight\n|-damage|p2b: Beedrill|0 fnt\n|faint|p2b: Beedrill\n|move|p1b: Pimp Jr.|Foul Play|p2a: Corviknight\n|-damage|p2a: Corviknight|77\/100\n|move|p2a: Corviknight|U-turn|p1b: Pimp Jr.\n|-damage|p1b: Pimp Jr.|87\/100\n|\n|-heal|p1a: Mouthwash|88\/100 tox|[from] ability: Poison Heal\n|-damage|p1a: Mouthwash|76\/100 tox|[from] item: Sticky Barb\n|upkeep\n|turn|7\n|c| Krishy2007|Let's see if we can get a #Corvsweep\n|\n|t:|1698194257\n|move|p1a: Mouthwash|Swords Dance|p1a: Mouthwash\n|-boost|p1a: Mouthwash|atk|2\n|move|p1b: Pimp Jr.|Foul Play|p2a: Corviknight\n|-damage|p2a: Corviknight|54\/100\n|move|p2a: Corviknight|Body Press|p1b: Pimp Jr.\n|-damage|p1b: Pimp Jr.|65\/100\n|\n|-heal|p1a: Mouthwash|88\/100 tox|[from] ability: Poison Heal\n|-damage|p1a: Mouthwash|76\/100 tox|[from] item: Sticky Barb\n|upkeep\n|turn|8\n|\n|t:|1698194303\n|move|p1a: Mouthwash|Swords Dance|p1a: Mouthwash\n|-boost|p1a: Mouthwash|atk|2\n|move|p1b: Pimp Jr.|Foul Play|p2a: Corviknight\n|-damage|p2a: Corviknight|33\/100\n|move|p2a: Corviknight|Body Slam|p1b: Pimp Jr.\n|-damage|p1b: Pimp Jr.|48\/100\n|-status|p1b: Pimp Jr.|par\n|\n|-heal|p1a: Mouthwash|88\/100 tox|[from] ability: Poison Heal\n|-sideend|p1: Maybebetterthanu|move: Tailwind\n|-damage|p1a: Mouthwash|76\/100 tox|[from] item: Sticky Barb\n|upkeep\n|turn|9\n|\n|t:|1698194321\n|move|p1b: Pimp Jr.|Tailwind|p1b: Pimp Jr.\n|-sidestart|p1: Maybebetterthanu|move: Tailwind\n|move|p1a: Mouthwash|Knock Off|p2a: Corviknight\n|-damage|p2a: Corviknight|0 fnt\n|-enditem|p2a: Corviknight|Muscle Band|[from] move: Knock Off|[of] p1a: Mouthwash\n|faint|p2a: Corviknight\n|\n|win|Maybebetterthanu\n|c|\u2606Maybebetterthanu|gg\n","uploadtime":1698194330,"views":16,"p1id":"maybebetterthanu","p2id":"wiselin8","formatid":"gen9nationaldexdoubles","rating":0,"private":0,"password":""}