{"id":"gen9nationaldexdoubles-1970626430","p1":"lxvliiz","p2":"snowgust","format":"[Gen 9] National Dex Doubles","log":"|j|\u2606lxvliiz\n|j|\u2606snowgust\n|t:|1697653459\n|gametype|doubles\n|player|p1|lxvliiz|gambler|1067\n|player|p2|snowgust|1|1139\n|teamsize|p1|6\n|teamsize|p2|6\n|gen|9\n|tier|[Gen 9] National Dex Doubles\n|rated|\n|rule|HP Percentage Mod: HP is shown in percentages\n|rule|Endless Battle Clause: Forcing endless battles is banned\n|rule|OHKO Clause: OHKO moves are banned\n|rule|Evasion Moves Clause: Evasion moves are banned\n|rule|Evasion Abilities Clause: Evasion abilities are banned\n|rule|Species Clause: Limit one of each Pok\u00e9mon\n|rule|Gravity Sleep Clause: The combination of sleep-inducing moves with imperfect accuracy and Gravity or Gigantamax Orbeetle are banned\n|clearpoke\n|poke|p1|Eevee, M|\n|poke|p1|Volcarona, M|\n|poke|p1|Medicham, F|\n|poke|p1|Ogerpon-Cornerstone, F|\n|poke|p1|Mr. Mime, F|\n|poke|p1|Zamazenta-*|\n|poke|p2|Dunsparce, M|\n|poke|p2|Dudunsparce-*, M|\n|poke|p2|Roaring Moon|\n|poke|p2|Sableye, F|\n|poke|p2|Blissey, F|\n|poke|p2|Dragonite, F|\n|teampreview\n|inactive|Battle timer is ON: inactive players will automatically lose when time's up. (requested by lxvliiz)\n|\n|t:|1697653474\n|start\n|switch|p1a: Ogerpon|Ogerpon-Cornerstone, F|100\/100\n|switch|p1b: testing1|Eevee, M, shiny|100\/100\n|switch|p2a: Dunsparce|Dunsparce, M|100\/100\n|switch|p2b: Sableye|Sableye, F, shiny|100\/100\n|turn|1\n|\n|t:|1697653485\n|-terastallize|p1a: Ogerpon|Rock\n|detailschange|p1a: Ogerpon|Ogerpon-Cornerstone-Tera, F, tera:Rock\n|-ability|p1a: Ogerpon|Embody Aspect (Cornerstone)|boost\n|-boost|p1a: Ogerpon|def|1\n|move|p1a: Ogerpon|Follow Me|p1a: Ogerpon\n|-singleturn|p1a: Ogerpon|move: Follow Me\n|move|p2b: Sableye|Thunder Wave|p1a: Ogerpon\n|-status|p1a: Ogerpon|par\n|move|p2a: Dunsparce|Rock Slide|p1a: Ogerpon|[spread] p1b\n|-miss|p2a: Dunsparce|p1a: Ogerpon\n|-damage|p1b: testing1|74\/100\n|-zpower|p1b: testing1\n|move|p1b: testing1|Extreme Evoboost|p1b: testing1\n|-boost|p1b: testing1|atk|2\n|-boost|p1b: testing1|def|2\n|-boost|p1b: testing1|spa|2\n|-boost|p1b: testing1|spd|2\n|-boost|p1b: testing1|spe|2\n|\n|upkeep\n|turn|2\n|\n|t:|1697653500\n|cant|p1a: Ogerpon|par\n|move|p2b: Sableye|Gravity|p2b: Sableye\n|-fieldstart|move: Gravity\n|move|p2a: Dunsparce|Rock Slide|p1a: Ogerpon|[spread] p1a,p1b\n|-damage|p1a: Ogerpon|90\/100 par\n|-damage|p1b: testing1|62\/100\n|cant|p1b: testing1|flinch\n|\n|upkeep\n|turn|3\n|\n|t:|1697653519\n|move|p1a: Ogerpon|Protect|p1a: Ogerpon\n|-singleturn|p1a: Ogerpon|Protect\n|move|p2b: Sableye|Thunder Wave|p1b: testing1\n|-status|p1b: testing1|par\n|move|p2a: Dunsparce|Rock Slide|p1a: Ogerpon|[spread] p1b\n|-activate|p1a: Ogerpon|move: Protect\n|-damage|p1b: testing1|50\/100 par\n|cant|p1b: testing1|flinch\n|\n|upkeep\n|turn|4\n|\n|t:|1697653542\n|move|p1b: testing1|Quick Attack|p2a: Dunsparce\n|-damage|p2a: Dunsparce|53\/100\n|move|p2b: Sableye|Attract|p1b: testing1\n|-start|p1b: testing1|Attract\n|move|p2a: Dunsparce|Rock Slide|p1b: testing1|[spread] p1a,p1b\n|-damage|p1a: Ogerpon|78\/100 par\n|-damage|p1b: testing1|38\/100 par\n|cant|p1a: Ogerpon|flinch\n|\n|upkeep\n|turn|5\n|\n|t:|1697653556\n|move|p1a: Ogerpon|Protect|p1a: Ogerpon\n|-singleturn|p1a: Ogerpon|Protect\n|move|p2b: Sableye|Confuse Ray|p1b: testing1\n|-start|p1b: testing1|confusion\n|move|p2a: Dunsparce|Rock Slide|p1a: Ogerpon|[spread] p1b\n|-activate|p1a: Ogerpon|move: Protect\n|-damage|p1b: testing1|27\/100 par\n|cant|p1b: testing1|flinch\n|\n|upkeep\n|turn|6\n|\n|t:|1697653572\n|move|p2b: Sableye|Confuse Ray|p1a: Ogerpon\n|-start|p1a: Ogerpon|confusion\n|move|p2a: Dunsparce|Rock Slide|p1a: Ogerpon|[spread] p1a,p1b\n|-damage|p1a: Ogerpon|67\/100 par\n|-damage|p1b: testing1|13\/100 par\n|-activate|p1a: Ogerpon|confusion\n|cant|p1a: Ogerpon|par\n|cant|p1b: testing1|flinch\n|\n|-fieldend|move: Gravity\n|upkeep\n|turn|7\n|\n|t:|1697653589\n|-activate|p1a: Ogerpon|confusion\n|-damage|p1a: Ogerpon|55\/100 par|[from] confusion\n|move|p2b: Sableye|Gravity|p2b: Sableye\n|-fieldstart|move: Gravity\n|move|p2a: Dunsparce|Rock Slide|p1b: testing1|[spread] p1a,p1b\n|-crit|p1b: testing1\n|-damage|p1a: Ogerpon|42\/100 par\n|-damage|p1b: testing1|0 fnt\n|faint|p1b: testing1\n|\n|upkeep\n|c|\u2606lxvliiz|bruh\n|-message|lxvliiz forfeited.\n|\n|win|snowgust\n|raw|lxvliiz's rating: 1067 &rarr; <strong>1051<\/strong><br \/>(-16 for losing)\n|raw|snowgust's rating: 1139 &rarr; <strong>1159<\/strong><br \/>(+20 for winning)\n|l|\u2606lxvliiz\n","uploadtime":1697653664,"views":5,"p1id":"lxvliiz","p2id":"snowgust","formatid":"gen9nationaldexdoubles","rating":1051,"private":0,"password":""}