{"id":"gen9nationaldexdoubles-1986687730","p1":"SirChewsALot","p2":"tifftiff","format":"[Gen 9] National Dex Doubles","log":"|j|\u2606SirChewsALot\n|j|\u2606tifftiff\n|t:|1699507963\n|gametype|doubles\n|player|p1|SirChewsALot|acetrainerf|\n|player|p2|tifftiff|cynthia-gen4|\n|teamsize|p1|6\n|teamsize|p2|6\n|gen|9\n|tier|[Gen 9] National Dex Doubles\n|rule|HP Percentage Mod: HP is shown in percentages\n|rule|Endless Battle Clause: Forcing endless battles is banned\n|rule|OHKO Clause: OHKO moves are banned\n|rule|Evasion Moves Clause: Evasion moves are banned\n|rule|Evasion Abilities Clause: Evasion abilities are banned\n|rule|Species Clause: Limit one of each Pok\u00e9mon\n|rule|Gravity Sleep Clause: The combination of sleep-inducing moves with imperfect accuracy and Gravity or Gigantamax Orbeetle are banned\n|clearpoke\n|poke|p1|Ursaluna-Bloodmoon, M|\n|poke|p1|Volcarona, M|\n|poke|p1|Garganacl, F|\n|poke|p1|Kyurem|\n|poke|p1|Cresselia, F|\n|poke|p1|Lopunny, M|\n|poke|p2|Tapu Koko|\n|poke|p2|Raichu-Alola, M|\n|poke|p2|Iron Hands|\n|poke|p2|Rillaboom, F|\n|poke|p2|Rotom-Wash|\n|poke|p2|Zapdos|\n|teampreview\n|c|\u2606tifftiff|glhf\n|c|\u2606SirChewsALot|glhf!\n|c|\u2606tifftiff|Oh gosh\n|c|\u2606tifftiff|Cresselia is giving me ptsd flashbacks\n|\n|t:|1699508005\n|start\n|switch|p1a: Garganacl|Garganacl, F|100\/100\n|switch|p1b: Lopunny|Lopunny, M|100\/100\n|switch|p2a: Coconut|Tapu Koko|100\/100\n|switch|p2b: CHU|Raichu-Alola, M|100\/100\n|-fieldstart|move: Electric Terrain|[from] ability: Electric Surge|[of] p2a: Coconut\n|turn|1\n|\n|t:|1699508030\n|detailschange|p1b: Lopunny|Lopunny-Mega, M\n|-mega|p1b: Lopunny|Lopunny|Lopunnite\n|move|p1b: Lopunny|Protect|p1b: Lopunny\n|-singleturn|p1b: Lopunny|Protect\n|move|p2b: CHU|Grass Knot|p1a: Garganacl\n|-supereffective|p1a: Garganacl\n|-damage|p1a: Garganacl|43\/100\n|-damage|p2b: CHU|91\/100|[from] item: Life Orb\n|move|p2a: Coconut|Dazzling Gleam|p1b: Lopunny|[spread] p1a\n|-activate|p1b: Lopunny|move: Protect\n|-damage|p1a: Garganacl|25\/100\n|move|p1a: Garganacl|Explosion|p2b: CHU|[spread] p2a,p2b\n|-activate|p1b: Lopunny|move: Protect\n|-damage|p2a: Coconut|38\/100\n|-damage|p2b: CHU|0 fnt\n|faint|p1a: Garganacl\n|faint|p2b: CHU\n|\n|upkeep\n|c|\u2606tifftiff|Damn\n|\n|t:|1699508065\n|switch|p2b: Laundry|Rotom-Wash|100\/100\n|switch|p1a: Ursaluna|Ursaluna-Bloodmoon, M|100\/100\n|turn|2\n|c|\u2606SirChewsALot|I was scared af about the raichu\n|c|\u2606SirChewsALot|was like duck it, kaboom boom\n|\n|t:|1699508094\n|move|p2a: Coconut|Dazzling Gleam|p1a: Ursaluna|[spread] p1a,p1b\n|-supereffective|p1b: Lopunny\n|-damage|p1a: Ursaluna|80\/100\n|-damage|p1b: Lopunny|36\/100\n|move|p1b: Lopunny|Return|p2a: Coconut\n|-damage|p2a: Coconut|0 fnt\n|faint|p2a: Coconut\n|move|p2b: Laundry|Hydro Pump|p1a: Ursaluna|[miss]\n|-miss|p2b: Laundry|p1a: Ursaluna\n|move|p1a: Ursaluna|Calm Mind|p1a: Ursaluna\n|-boost|p1a: Ursaluna|spa|1\n|-boost|p1a: Ursaluna|spd|1\n|\n|upkeep\n|\n|t:|1699508111\n|switch|p2a: Monke|Rillaboom, F|100\/100\n|-fieldstart|move: Grassy Terrain|[from] ability: Grassy Surge|[of] p2a: Monke\n|turn|3\n|\n|t:|1699508128\n|switch|p1b: Kyurem|Kyurem|100\/100\n|-ability|p1b: Kyurem|Pressure\n|move|p2a: Monke|Drum Beating|p1a: Ursaluna\n|-supereffective|p1a: Ursaluna\n|-damage|p1a: Ursaluna|0 fnt\n|faint|p1a: Ursaluna\n|move|p2b: Laundry|Volt Switch|p1b: Kyurem\n|-resisted|p1b: Kyurem\n|-damage|p1b: Kyurem|92\/100\n|c|\u2606SirChewsALot|ah yes, da monke\n|c|\u2606SirChewsALot|heavens\n|\n|t:|1699508141\n|switch|p2b: Paper|Iron Hands|100\/100|[from] Volt Switch\n|\n|-heal|p1b: Kyurem|98\/100|[from] Grassy Terrain\n|upkeep\n|\n|t:|1699508149\n|switch|p1a: Cresselia|Cresselia, F|100\/100\n|turn|4\n|\n|t:|1699508169\n|move|p1b: Kyurem|Earth Power|p2b: Paper\n|-supereffective|p2b: Paper\n|-damage|p2b: Paper|71\/100\n|move|p2a: Monke|Knock Off|p1a: Cresselia\n|-supereffective|p1a: Cresselia\n|-damage|p1a: Cresselia|54\/100\n|-enditem|p1a: Cresselia|Lum Berry|[from] move: Knock Off|[of] p2a: Monke\n|move|p1a: Cresselia|Toxic|p2a: Monke\n|-status|p2a: Monke|tox\n|move|p2b: Paper|Drain Punch|p1b: Kyurem\n|-supereffective|p1b: Kyurem\n|-damage|p1b: Kyurem|24\/100\n|-heal|p2b: Paper|100\/100|[from] drain|[of] p1b: Kyurem\n|\n|-heal|p1b: Kyurem|30\/100|[from] Grassy Terrain\n|-damage|p2a: Monke|94\/100 tox|[from] psn\n|upkeep\n|turn|5\n|\n|t:|1699508197\n|switch|p1b: Volcarona|Volcarona, M|100\/100\n|move|p2a: Monke|Drum Beating|p1a: Cresselia\n|-damage|p1a: Cresselia|17\/100\n|-unboost|p1a: Cresselia|spe|1\n|move|p1a: Cresselia|Psyshock|p2b: Paper\n|-supereffective|p2b: Paper\n|-damage|p2b: Paper|74\/100\n|move|p2b: Paper|Drain Punch|p1b: Volcarona\n|-resisted|p1b: Volcarona\n|-damage|p1b: Volcarona|64\/100\n|-heal|p2b: Paper|85\/100|[from] drain|[of] p1b: Volcarona\n|\n|-heal|p1b: Volcarona|70\/100|[from] Grassy Terrain\n|-heal|p2a: Monke|100\/100 tox|[from] Grassy Terrain\n|-heal|p2b: Paper|91\/100|[from] Grassy Terrain\n|-damage|p2a: Monke|88\/100 tox|[from] psn\n|upkeep\n|turn|6\n|c|\u2606tifftiff|Poor monke is purple now\n|\n|t:|1699508240\n|move|p1a: Cresselia|Protect|p1a: Cresselia\n|-singleturn|p1a: Cresselia|Protect\n|move|p1b: Volcarona|Quiver Dance|p1b: Volcarona\n|-boost|p1b: Volcarona|spa|1\n|-boost|p1b: Volcarona|spd|1\n|-boost|p1b: Volcarona|spe|1\n|move|p2a: Monke|U-turn|p1a: Cresselia\n|-activate|p1a: Cresselia|move: Protect\n|move|p2b: Paper|Thunder Punch|p1a: Cresselia\n|-activate|p1a: Cresselia|move: Protect\n|\n|-heal|p1b: Volcarona|76\/100|[from] Grassy Terrain\n|-heal|p2a: Monke|94\/100 tox|[from] Grassy Terrain\n|-heal|p2b: Paper|98\/100|[from] Grassy Terrain\n|-damage|p2a: Monke|76\/100 tox|[from] psn\n|upkeep\n|turn|7\n|c|\u2606SirChewsALot|green and purple a nice color\n|c|\u2606tifftiff|Oh no\n|\n|t:|1699508271\n|move|p1b: Volcarona|Heat Wave|p2a: Monke|[spread] p2a,p2b\n|-supereffective|p2a: Monke\n|-damage|p2a: Monke|0 fnt\n|-damage|p2b: Paper|62\/100\n|faint|p2a: Monke\n|move|p1a: Cresselia|Psyshock|p2b: Paper\n|-supereffective|p2b: Paper\n|-damage|p2b: Paper|36\/100\n|move|p2b: Paper|Thunder Punch|p1b: Volcarona\n|-damage|p1b: Volcarona|5\/100\n|\n|-heal|p1b: Volcarona|11\/100|[from] Grassy Terrain\n|-heal|p2b: Paper|42\/100|[from] Grassy Terrain\n|upkeep\n|\n|t:|1699508284\n|switch|p2a: Laundry|Rotom-Wash|100\/100\n|turn|8\n|c|\u2606SirChewsALot|tbh you're fine, the iron hands pulling hella weight\n|\n|t:|1699508301\n|move|p1b: Volcarona|Bug Buzz|p2a: Laundry\n|-damage|p2a: Laundry|48\/100\n|-enditem|p2a: Laundry|Sitrus Berry|[eat]\n|-heal|p2a: Laundry|72\/100|[from] item: Sitrus Berry\n|move|p2a: Laundry|Volt Switch|p1b: Volcarona\n|-damage|p1b: Volcarona|0 fnt\n|faint|p1b: Volcarona\n|\n|t:|1699508310\n|switch|p2a: SpicyBird|Zapdos|100\/100|[from] Volt Switch\n|move|p1a: Cresselia|Psyshock|p2a: SpicyBird\n|-damage|p2a: SpicyBird|79\/100\n|move|p2b: Paper|Thunder Punch|p1a: Cresselia\n|-damage|p1a: Cresselia|0 fnt\n|faint|p1a: Cresselia\n|\n|-heal|p2b: Paper|48\/100|[from] Grassy Terrain\n|upkeep\n|\n|t:|1699508320\n|switch|p1b: Lopunny|Lopunny-Mega, M|36\/100\n|switch|p1a: Kyurem|Kyurem|30\/100\n|-ability|p1a: Kyurem|Pressure\n|turn|9\n|\n|t:|1699508355\n|move|p1b: Lopunny|Fake Out|p2b: Paper\n|-damage|p2b: Paper|34\/100\n|move|p1a: Kyurem|Freeze-Dry|p2a: SpicyBird\n|-supereffective|p2a: SpicyBird\n|-damage|p2a: SpicyBird|25\/100\n|move|p2a: SpicyBird|Hurricane|p1b: Lopunny\n|-supereffective|p1b: Lopunny\n|-damage|p1b: Lopunny|0 fnt\n|faint|p1b: Lopunny\n|cant|p2b: Paper|flinch\n|\n|-heal|p1a: Kyurem|37\/100|[from] Grassy Terrain\n|-heal|p2b: Paper|40\/100|[from] Grassy Terrain\n|upkeep\n|turn|10\n|\n|t:|1699508372\n|-terastallize|p1a: Kyurem|Dragon\n|move|p1a: Kyurem|Freeze-Dry|p2a: SpicyBird\n|-supereffective|p2a: SpicyBird\n|-damage|p2a: SpicyBird|0 fnt\n|faint|p2a: SpicyBird\n|move|p2b: Paper|Drain Punch|p1a: Kyurem\n|-damage|p1a: Kyurem|1\/100\n|-heal|p2b: Paper|54\/100|[from] drain|[of] p1a: Kyurem\n|\n|-heal|p1a: Kyurem|8\/100|[from] Grassy Terrain\n|-heal|p2b: Paper|60\/100|[from] Grassy Terrain\n|-fieldend|move: Grassy Terrain\n|upkeep\n|c|\u2606tifftiff|Yooooo\n|c|\u2606SirChewsALot|ggs XD\n|c|\u2606tifftiff|That 1%\n|\n|t:|1699508390\n|switch|p2a: Laundry|Rotom-Wash|72\/100\n|turn|11\n|\n|t:|1699508398\n|move|p1a: Kyurem|Freeze-Dry|p2a: Laundry\n|-supereffective|p2a: Laundry\n|-damage|p2a: Laundry|26\/100\n|move|p2a: Laundry|Volt Switch|p1a: Kyurem\n|-resisted|p1a: Kyurem\n|-damage|p1a: Kyurem|0 fnt\n|faint|p1a: Kyurem\n|\n|win|tifftiff\n|c|\u2606tifftiff|gg\n|l|\u2606tifftiff\n","uploadtime":1699508571,"views":14,"p1id":"sirchewsalot","p2id":"tifftiff","formatid":"gen9nationaldexdoubles","rating":0,"private":0,"password":""}