{"id":"gen9nationaldexdoubles-1973694135","p1":"Deagle50uu","p2":"Evaniidae","format":"[Gen 9] National Dex Doubles","log":"|j|\u2606Deagle50uu\n|j|\u2606Evaniidae\n|t:|1698004092\n|gametype|doubles\n|player|p1|Deagle50uu|266|\n|player|p2|Evaniidae|rosa|\n|teamsize|p1|6\n|teamsize|p2|6\n|gen|9\n|tier|[Gen 9] National Dex Doubles\n|rule|HP Percentage Mod: HP is shown in percentages\n|rule|Endless Battle Clause: Forcing endless battles is banned\n|rule|OHKO Clause: OHKO moves are banned\n|rule|Evasion Moves Clause: Evasion moves are banned\n|rule|Evasion Abilities Clause: Evasion abilities are banned\n|rule|Species Clause: Limit one of each Pok\u00e9mon\n|rule|Gravity Sleep Clause: The combination of sleep-inducing moves with imperfect accuracy and Gravity or Gigantamax Orbeetle are banned\n|clearpoke\n|poke|p1|Tyranitar, F|\n|poke|p1|Terrakion|\n|poke|p1|Rhyperior, F|\n|poke|p1|Tyrantrum, F|\n|poke|p1|Aggron, F|\n|poke|p1|Aerodactyl, F|\n|poke|p2|Raichu, F|\n|poke|p2|Ampharos, M|\n|poke|p2|Luxray, F|\n|poke|p2|Zebstrika, F|\n|poke|p2|Eelektross, F|\n|poke|p2|Jolteon, M|\n|teampreview\n|\n|t:|1698004110\n|start\n|switch|p1a: Tyranitar|Tyranitar, F|100\/100\n|switch|p1b: Tyrantrum|Tyrantrum, F|100\/100\n|switch|p2a: Raichu|Raichu, F|100\/100\n|switch|p2b: Ampharos|Ampharos, M|100\/100\n|-weather|Sandstorm|[from] ability: Sand Stream|[of] p1a: Tyranitar\n|turn|1\n|\n|t:|1698004129\n|detailschange|p2b: Ampharos|Ampharos-Mega, M\n|-mega|p2b: Ampharos|Ampharos|Ampharosite\n|-ability|p2b: Ampharos|Mold Breaker\n|move|p2a: Raichu|Surf|p1b: Tyrantrum|[spread] p2b,p1a,p1b\n|-resisted|p2b: Ampharos\n|-supereffective|p1a: Tyranitar\n|-damage|p2b: Ampharos|93\/100\n|-damage|p1a: Tyranitar|75\/100\n|-damage|p1b: Tyrantrum|80\/100\n|move|p1b: Tyrantrum|Fire Fang|p2b: Ampharos\n|-resisted|p2b: Ampharos\n|-damage|p2b: Ampharos|79\/100\n|move|p1a: Tyranitar|Ice Punch|p2b: Ampharos\n|-supereffective|p2b: Ampharos\n|-damage|p2b: Ampharos|35\/100\n|move|p2b: Ampharos|Dragon Pulse|p1a: Tyranitar\n|-damage|p1a: Tyranitar|34\/100\n|\n|-weather|Sandstorm|[upkeep]\n|-damage|p2a: Raichu|94\/100|[from] Sandstorm\n|-damage|p2b: Ampharos|29\/100|[from] Sandstorm\n|upkeep\n|turn|2\n|\n|t:|1698004152\n|move|p2a: Raichu|Surf|p1a: Tyranitar|[spread] p2b,p1a,p1b\n|-resisted|p2b: Ampharos\n|-supereffective|p1a: Tyranitar\n|-crit|p1b: Tyrantrum\n|-damage|p2b: Ampharos|22\/100\n|-damage|p1a: Tyranitar|8\/100\n|-damage|p1b: Tyrantrum|47\/100\n|move|p1b: Tyrantrum|Fire Fang|p2b: Ampharos\n|-resisted|p2b: Ampharos\n|-damage|p2b: Ampharos|9\/100\n|move|p1a: Tyranitar|Stone Edge|p2a: Raichu\n|-damage|p2a: Raichu|0 fnt\n|faint|p2a: Raichu\n|cant|p2b: Ampharos|flinch\n|\n|-weather|Sandstorm|[upkeep]\n|-damage|p2b: Ampharos|3\/100|[from] Sandstorm\n|upkeep\n|\n|t:|1698004169\n|switch|p2a: Eelektross|Eelektross, F|100\/100\n|turn|3\n|\n|t:|1698004189\n|move|p1b: Tyrantrum|Fire Fang|p2b: Ampharos\n|-resisted|p2b: Ampharos\n|-damage|p2b: Ampharos|0 fnt\n|faint|p2b: Ampharos\n|move|p1a: Tyranitar|Ice Punch|p2a: Eelektross\n|-damage|p2a: Eelektross|73\/100\n|move|p2a: Eelektross|Giga Drain|p1b: Tyrantrum\n|-damage|p1b: Tyrantrum|18\/100\n|-heal|p2a: Eelektross|85\/100|[from] drain|[of] p1b: Tyrantrum\n|\n|-weather|Sandstorm|[upkeep]\n|-damage|p2a: Eelektross|79\/100|[from] Sandstorm\n|upkeep\n|\n|t:|1698004201\n|switch|p2b: Luxray|Luxray, F|100\/100\n|-ability|p2b: Luxray|Intimidate|boost\n|-unboost|p1a: Tyranitar|atk|1\n|-unboost|p1b: Tyrantrum|atk|1\n|turn|4\n|\n|t:|1698004219\n|move|p1b: Tyrantrum|Fire Fang|p2b: Luxray\n|-damage|p2b: Luxray|71\/100\n|move|p1a: Tyranitar|Earthquake|p2b: Luxray|[spread] p1b,p2b\n|-immune|p2a: Eelektross|[from] ability: Levitate\n|-supereffective|p1b: Tyrantrum\n|-supereffective|p2b: Luxray\n|-damage|p1b: Tyrantrum|0 fnt\n|-damage|p2b: Luxray|25\/100\n|faint|p1b: Tyrantrum\n|move|p2b: Luxray|Crunch|p1a: Tyranitar\n|-resisted|p1a: Tyranitar\n|-damage|p1a: Tyranitar|0 fnt\n|faint|p1a: Tyranitar\n|-damage|p2b: Luxray|15\/100|[from] item: Life Orb\n|move|p2a: Eelektross|Giga Drain|p1: Tyranitar|[notarget]\n|-fail|p2a: Eelektross\n|\n|-weather|Sandstorm|[upkeep]\n|-damage|p2b: Luxray|9\/100|[from] Sandstorm\n|-damage|p2a: Eelektross|72\/100|[from] Sandstorm\n|upkeep\n|\n|t:|1698004235\n|switch|p1b: Aggron|Aggron, F|100\/100\n|switch|p1a: Terrakion|Terrakion|100\/100\n|turn|5\n|\n|t:|1698004253\n|move|p1a: Terrakion|Stone Edge|p2a: Eelektross|[miss]\n|-miss|p1a: Terrakion|p2a: Eelektross\n|move|p2b: Luxray|Crunch|p1b: Aggron\n|-damage|p1b: Aggron|79\/100\n|-damage|p2b: Luxray|0 fnt|[from] item: Life Orb\n|faint|p2b: Luxray\n|move|p1b: Aggron|Iron Head|p2a: Eelektross\n|-resisted|p2a: Eelektross\n|-damage|p2a: Eelektross|52\/100\n|move|p2a: Eelektross|Giga Drain|p1a: Terrakion\n|-supereffective|p1a: Terrakion\n|-damage|p1a: Terrakion|62\/100\n|-heal|p2a: Eelektross|69\/100|[from] drain|[of] p1a: Terrakion\n|\n|-weather|none\n|upkeep\n|\n|t:|1698004268\n|switch|p2b: Zebstrika|Zebstrika, F|100\/100\n|turn|6\n|\n|t:|1698004284\n|move|p1a: Terrakion|Stone Edge|p2b: Zebstrika\n|-damage|p2b: Zebstrika|5\/100\n|move|p2b: Zebstrika|Volt Switch|p1b: Aggron\n|-damage|p1b: Aggron|39\/100\n|\n|t:|1698004295\n|switch|p2b: Jolteon|Jolteon, M|100\/100|[from] Volt Switch\n|move|p1b: Aggron|Iron Head|p2a: Eelektross\n|-resisted|p2a: Eelektross\n|-crit|p2a: Eelektross\n|-damage|p2a: Eelektross|40\/100\n|cant|p2a: Eelektross|flinch\n|\n|upkeep\n|turn|7\n|\n|t:|1698004315\n|move|p1a: Terrakion|Stone Edge|p2b: Jolteon\n|-damage|p2b: Jolteon|3\/100\n|move|p2b: Jolteon|Thunderbolt|p1a: Terrakion\n|-damage|p1a: Terrakion|18\/100\n|move|p1b: Aggron|Iron Head|p2b: Jolteon\n|-resisted|p2b: Jolteon\n|-damage|p2b: Jolteon|0 fnt\n|faint|p2b: Jolteon\n|move|p2a: Eelektross|Giga Drain|p1b: Aggron\n|-damage|p1b: Aggron|0 fnt\n|-heal|p2a: Eelektross|54\/100|[from] drain|[of] p1b: Aggron\n|faint|p1b: Aggron\n|\n|upkeep\n|\n|t:|1698004331\n|switch|p2b: Zebstrika|Zebstrika, F|5\/100\n|switch|p1b: Rhyperior|Rhyperior, F|100\/100\n|turn|8\n|\n|t:|1698004348\n|move|p1a: Terrakion|Stone Edge|p2a: Eelektross|[miss]\n|-miss|p1a: Terrakion|p2a: Eelektross\n|move|p2b: Zebstrika|Volt Switch|p1b: Rhyperior\n|-immune|p1b: Rhyperior\n|move|p2a: Eelektross|Giga Drain|p1a: Terrakion\n|-supereffective|p1a: Terrakion\n|-damage|p1a: Terrakion|0 fnt\n|-heal|p2a: Eelektross|62\/100|[from] drain|[of] p1a: Terrakion\n|faint|p1a: Terrakion\n|move|p1b: Rhyperior|Ice Punch|p2a: Eelektross\n|-damage|p2a: Eelektross|26\/100\n|\n|upkeep\n|\n|t:|1698004358\n|switch|p1a: Aerodactyl|Aerodactyl, F|100\/100\n|-ability|p1a: Aerodactyl|Pressure\n|turn|9\n|\n|t:|1698004370\n|move|p1a: Aerodactyl|Aerial Ace|p2a: Eelektross\n|-resisted|p2a: Eelektross\n|-crit|p2a: Eelektross\n|-damage|p2a: Eelektross|5\/100\n|move|p2b: Zebstrika|Volt Switch|p1a: Aerodactyl\n|-supereffective|p1a: Aerodactyl\n|-damage|p1a: Aerodactyl|32\/100\n|move|p2a: Eelektross|Giga Drain|p1b: Rhyperior\n|-supereffective|p1b: Rhyperior\n|-damage|p1b: Rhyperior|15\/100\n|-heal|p2a: Eelektross|55\/100|[from] drain|[of] p1b: Rhyperior\n|move|p1b: Rhyperior|Ice Punch|p2a: Eelektross\n|-damage|p2a: Eelektross|22\/100\n|\n|-heal|p1b: Rhyperior|21\/100|[from] item: Leftovers\n|upkeep\n|turn|10\n|\n|t:|1698004409\n|move|p1a: Aerodactyl|Aerial Ace|p2a: Eelektross\n|-resisted|p2a: Eelektross\n|-damage|p2a: Eelektross|7\/100\n|move|p2b: Zebstrika|Volt Switch|p1a: Aerodactyl\n|-supereffective|p1a: Aerodactyl\n|-damage|p1a: Aerodactyl|0 fnt\n|faint|p1a: Aerodactyl\n|move|p2a: Eelektross|Giga Drain|p1b: Rhyperior\n|-supereffective|p1b: Rhyperior\n|-damage|p1b: Rhyperior|0 fnt\n|-heal|p2a: Eelektross|19\/100|[from] drain|[of] p1b: Rhyperior\n|faint|p1b: Rhyperior\n|\n|win|Evaniidae\n","uploadtime":1698004423,"views":8,"p1id":"deagle50uu","p2id":"evaniidae","formatid":"gen9nationaldexdoubles","rating":0,"private":0,"password":""}