{"id":"gen9nationaldexdoubles-1986619461","p1":"toobionest","p2":"nithwashere","format":"[Gen 9] National Dex Doubles","log":"|j|\u2606toobionest\n|j|\u2606nithwashere\n|t:|1699498650\n|gametype|doubles\n|player|p1|toobionest|ghetsis|\n|player|p2|nithwashere|schoolkidf-gen4|\n|teamsize|p1|6\n|teamsize|p2|6\n|gen|9\n|tier|[Gen 9] National Dex Doubles\n|rule|HP Percentage Mod: HP is shown in percentages\n|rule|Endless Battle Clause: Forcing endless battles is banned\n|rule|OHKO Clause: OHKO moves are banned\n|rule|Evasion Moves Clause: Evasion moves are banned\n|rule|Evasion Abilities Clause: Evasion abilities are banned\n|rule|Species Clause: Limit one of each Pok\u00e9mon\n|rule|Gravity Sleep Clause: The combination of sleep-inducing moves with imperfect accuracy and Gravity or Gigantamax Orbeetle are banned\n|clearpoke\n|poke|p1|Hitmonchan, M|\n|poke|p1|Volbeat, M|\n|poke|p1|Illumise, F|\n|poke|p1|Golem-Alola, F|\n|poke|p1|Alakazam, F|\n|poke|p1|Garganacl, F|\n|poke|p2|Chien-Pao|\n|poke|p2|Ninetales-Alola, M|\n|poke|p2|Arcanine, M|\n|poke|p2|Ceruledge, F|\n|poke|p2|Floatzel, M|\n|poke|p2|Basculegion-F, F|\n|teampreview\n|inactive|Battle timer is ON: inactive players will automatically lose when time's up. (requested by toobionest)\n|inactive|toobionest has 270 seconds left.\n|\n|t:|1699498699\n|start\n|switch|p1a: Garganacl|Garganacl, F|100\/100\n|switch|p1b: Illumise|Illumise, F|100\/100\n|switch|p2a: Ceruledge|Ceruledge, F|100\/100\n|switch|p2b: Floatzel|Floatzel, M|100\/100\n|turn|1\n|\n|t:|1699498717\n|switch|p2a: Basculegion|Basculegion-F, F|100\/100\n|-terastallize|p1a: Garganacl|Water\n|move|p1b: Illumise|Attract|p2b: Floatzel\n|-start|p2b: Floatzel|Attract\n|-activate|p2b: Floatzel|move: Attract|[of] p1b: Illumise\n|cant|p2b: Floatzel|Attract\n|move|p1a: Garganacl|Iron Defense|p1a: Garganacl\n|-boost|p1a: Garganacl|def|2\n|\n|upkeep\n|turn|2\n|inactive|nithwashere has 270 seconds left.\n|\n|t:|1699498753\n|switch|p2b: Ceruledge|Ceruledge, F|100\/100\n|move|p1b: Illumise|Thunder Wave|p2a: Basculegion\n|-status|p2a: Basculegion|par\n|move|p2a: Basculegion|Chilling Water|p1a: Garganacl\n|-resisted|p1a: Garganacl\n|-damage|p1a: Garganacl|92\/100\n|-unboost|p1a: Garganacl|atk|1\n|move|p1a: Garganacl|Salt Cure|p2a: Basculegion\n|-damage|p2a: Basculegion|88\/100 par\n|-start|p2a: Basculegion|Salt Cure\n|\n|-heal|p2a: Basculegion|94\/100 par|[from] item: Leftovers\n|-heal|p1a: Garganacl|99\/100|[from] item: Leftovers\n|-damage|p2a: Basculegion|69\/100 par|[from] Salt Cure\n|upkeep\n|turn|3\n|inactive|nithwashere has 270 seconds left.\n|\n|t:|1699498791\n|switch|p2a: Ninetales|Ninetales-Alola, M|100\/100\n|-weather|Snow|[from] ability: Snow Warning|[of] p2a: Ninetales\n|-terastallize|p2b: Ceruledge|Grass\n|move|p1b: Illumise|Thunder Wave|p2b: Ceruledge\n|-status|p2b: Ceruledge|par\n|move|p2b: Ceruledge|Tera Blast|p1a: Garganacl|[anim] Tera Blast Grass\n|-supereffective|p1a: Garganacl\n|-damage|p1a: Garganacl|73\/100\n|move|p1a: Garganacl|Salt Cure|p2b: Ceruledge\n|-damage|p2b: Ceruledge|88\/100 par\n|-start|p2b: Ceruledge|Salt Cure\n|\n|-weather|Snow|[upkeep]\n|-heal|p1a: Garganacl|79\/100|[from] item: Leftovers\n|-damage|p2b: Ceruledge|76\/100 par|[from] Salt Cure\n|upkeep\n|turn|4\n|inactive|nithwashere has 270 seconds left.\n|\n|t:|1699498811\n|move|p1b: Illumise|Attract|p2a: Ninetales\n|-start|p2a: Ninetales|Attract\n|-activate|p2a: Ninetales|move: Attract|[of] p1b: Illumise\n|move|p2a: Ninetales|Heal Bell|p2a: Ninetales\n|-activate|p2a: Ninetales|move: Heal Bell\n|-curestatus|p2b: Ceruledge|par|[msg]\n|-curestatus|p2: Basculegion|par|[msg]\n|move|p2b: Ceruledge|Bitter Blade|p1b: Illumise\n|-supereffective|p1b: Illumise\n|-enditem|p1b: Illumise|Focus Sash\n|-damage|p1b: Illumise|1\/100\n|-heal|p2b: Ceruledge|100\/100|[from] drain|[of] p1b: Illumise\n|move|p1a: Garganacl|Iron Defense|p1a: Garganacl\n|-boost|p1a: Garganacl|def|2\n|\n|-weather|Snow|[upkeep]\n|-heal|p1a: Garganacl|86\/100|[from] item: Leftovers\n|-damage|p2b: Ceruledge|88\/100|[from] Salt Cure\n|upkeep\n|turn|5\n|c|\u2606nithwashere|this\n|c|\u2606nithwashere|is truly\n|c|\u2606nithwashere|cancer\n|inactive|nithwashere has 270 seconds left.\n|\n|t:|1699498837\n|move|p2b: Ceruledge|Shadow Sneak|p1b: Illumise\n|-damage|p1b: Illumise|0 fnt\n|faint|p1b: Illumise\n|-end|p2a: Ninetales|Attract|[silent]\n|move|p2a: Ninetales|Dazzling Gleam|p1a: Garganacl\n|-damage|p1a: Garganacl|68\/100\n|move|p1a: Garganacl|Salt Cure|p2b: Ceruledge\n|-damage|p2b: Ceruledge|76\/100\n|\n|-weather|Snow|[upkeep]\n|-heal|p1a: Garganacl|74\/100|[from] item: Leftovers\n|-damage|p2b: Ceruledge|64\/100|[from] Salt Cure\n|upkeep\n|\n|t:|1699498845\n|switch|p1b: Volbeat|Volbeat, M|100\/100\n|turn|6\n|\n|t:|1699498857\n|move|p2b: Ceruledge|Shadow Sneak|p1b: Volbeat\n|-damage|p1b: Volbeat|75\/100\n|move|p1b: Volbeat|Attract|p2b: Ceruledge\n|-start|p2b: Ceruledge|Attract\n|move|p2a: Ninetales|Aurora Veil|p2a: Ninetales\n|-sidestart|p2: nithwashere|move: Aurora Veil\n|move|p1a: Garganacl|Salt Cure|p2a: Ninetales\n|-supereffective|p2a: Ninetales\n|-damage|p2a: Ninetales|89\/100\n|-start|p2a: Ninetales|Salt Cure\n|\n|-weather|Snow|[upkeep]\n|-heal|p2a: Ninetales|95\/100|[from] item: Leftovers\n|-heal|p1a: Garganacl|80\/100|[from] item: Leftovers\n|-damage|p2a: Ninetales|83\/100|[from] Salt Cure\n|-damage|p2b: Ceruledge|52\/100|[from] Salt Cure\n|upkeep\n|turn|7\n|\n|t:|1699498885\n|switch|p2a: Arcanine|Arcanine, M|100\/100\n|-ability|p2a: Arcanine|Intimidate|boost\n|-unboost|p1a: Garganacl|atk|1\n|-unboost|p1b: Volbeat|atk|1\n|switch|p2b: Chien-Pao|Chien-Pao|100\/100\n|-ability|p2b: Chien-Pao|Sword of Ruin\n|move|p1b: Volbeat|Confuse Ray|p2b: Chien-Pao\n|-hint|Since gen 7, Dark is immune to Prankster moves.\n|-immune|p2b: Chien-Pao\n|move|p1a: Garganacl|Body Press|p2a: Arcanine\n|-damage|p2a: Arcanine|20\/100\n|\n|-weather|none\n|-heal|p1a: Garganacl|86\/100|[from] item: Leftovers\n|upkeep\n|turn|8\n|\n|t:|1699498908\n|move|p1b: Volbeat|Protect|p1b: Volbeat\n|-singleturn|p1b: Volbeat|Protect\n|move|p2a: Arcanine|Flare Blitz|p1b: Volbeat\n|-activate|p1b: Volbeat|move: Protect\n|move|p2b: Chien-Pao|Sacred Sword|p1a: Garganacl\n|-damage|p1a: Garganacl|55\/100\n|move|p1a: Garganacl|Body Press|p2b: Chien-Pao\n|-supereffective|p2b: Chien-Pao\n|-damage|p2b: Chien-Pao|0 fnt\n|faint|p2b: Chien-Pao\n|\n|-heal|p1a: Garganacl|61\/100|[from] item: Leftovers\n|upkeep\n|inactive|nithwashere has 270 seconds left.\n|\n|t:|1699498936\n|switch|p2b: Basculegion|Basculegion-F, F|69\/100\n|turn|9\n|c|\u2606toobionest|once your defences are fully shattered i can move on with my life\n|\n|t:|1699498952\n|move|p2b: Basculegion|Protect|p2b: Basculegion\n|-singleturn|p2b: Basculegion|Protect\n|move|p1b: Volbeat|Confuse Ray|p2a: Arcanine\n|-start|p2a: Arcanine|confusion\n|-activate|p2a: Arcanine|confusion\n|-damage|p2a: Arcanine|3\/100|[from] confusion\n|move|p1a: Garganacl|Salt Cure|p2b: Basculegion\n|-activate|p2b: Basculegion|move: Protect\n|\n|-heal|p2b: Basculegion|75\/100|[from] item: Leftovers\n|-heal|p1a: Garganacl|68\/100|[from] item: Leftovers\n|upkeep\n|turn|10\n|\n|t:|1699498972\n|move|p1b: Volbeat|Thunder Wave|p2a: Arcanine\n|-status|p2a: Arcanine|par\n|move|p2b: Basculegion|Ice Beam|p1b: Volbeat\n|-damage|p1b: Volbeat|50\/100\n|-activate|p2a: Arcanine|confusion\n|cant|p2a: Arcanine|par\n|move|p1a: Garganacl|Salt Cure|p2b: Basculegion\n|-damage|p2b: Basculegion|68\/100\n|-start|p2b: Basculegion|Salt Cure\n|\n|-heal|p2b: Basculegion|74\/100|[from] item: Leftovers\n|-heal|p1a: Garganacl|74\/100|[from] item: Leftovers\n|-damage|p2b: Basculegion|49\/100|[from] Salt Cure\n|-sideend|p2: nithwashere|move: Aurora Veil\n|upkeep\n|turn|11\n|c|\u2606nithwashere|this isn't even fun anymore\n|c|\u2606nithwashere|i don't want to play\n|c|\u2606toobionest|helo\n|-message|nithwashere forfeited.\n|\n|win|toobionest\n|c|\u2606toobionest|pookie\n|c|\u2606toobionest|im sorry\n|l|\u2606nithwashere\n","uploadtime":1699499019,"views":6,"p1id":"toobionest","p2id":"nithwashere","formatid":"gen9nationaldexdoubles","rating":0,"private":0,"password":""}