{"id":"gen9nationaldexdoubles-1953720702","p1":"andyrooooo","p2":"Literaturor","format":"[Gen 9] National Dex Doubles","log":"|j|\u2606andyrooooo\n|j|\u2606Literaturor\n|t:|1695823206\n|gametype|doubles\n|player|p1|andyrooooo|medium|1000\n|player|p2|Literaturor|veteran|1000\n|teamsize|p1|6\n|teamsize|p2|6\n|gen|9\n|tier|[Gen 9] National Dex Doubles\n|rated|\n|rule|HP Percentage Mod: HP is shown in percentages\n|rule|Endless Battle Clause: Forcing endless battles is banned\n|rule|OHKO Clause: OHKO moves are banned\n|rule|Evasion Moves Clause: Evasion moves are banned\n|rule|Evasion Abilities Clause: Evasion abilities are banned\n|rule|Species Clause: Limit one of each Pok\u00e9mon\n|rule|Gravity Sleep Clause: The combination of sleep-inducing moves with imperfect accuracy and Gravity or Gigantamax Orbeetle are banned\n|clearpoke\n|poke|p1|Incineroar, M|\n|poke|p1|Blastoise, M|\n|poke|p1|Jirachi|\n|poke|p1|Togekiss, M|\n|poke|p1|Sinistcha-Masterpiece|\n|poke|p1|Diancie|\n|poke|p2|Weavile, F|\n|poke|p2|Salazzle, F|\n|poke|p2|Dusclops, M|\n|poke|p2|Dusknoir, F|\n|poke|p2|Hariyama, M|\n|poke|p2|Indeedee, M|\n|teampreview\n|\n|t:|1695823225\n|start\n|switch|p1a: Incineroar|Incineroar, M|100\/100\n|switch|p1b: Blastoise|Blastoise, M|100\/100\n|switch|p2a: Weavile|Weavile, F|100\/100\n|switch|p2b: Salazzle|Salazzle, F, shiny|100\/100\n|-ability|p2a: Weavile|Pressure\n|turn|1\n|c|\u2606andyrooooo|don't ask alr\n|\n|t:|1695823254\n|move|p2a: Weavile|Fake Out|p1a: Incineroar\n|-damage|p1a: Incineroar|88\/100\n|move|p2b: Salazzle|Sludge Bomb|p1b: Blastoise\n|-damage|p1b: Blastoise|39\/100\n|move|p1b: Blastoise|Water Pledge|p2b: Salazzle\n|-waiting|p1b: Blastoise|p1a: Incineroar\n|cant|p1a: Incineroar|flinch\n|\n|upkeep\n|turn|2\n|\n|t:|1695823275\n|detailschange|p1b: Blastoise|Blastoise-Mega, M\n|-mega|p1b: Blastoise|Blastoise|Blastoisinite\n|move|p2a: Weavile|Knock Off|p1b: Blastoise\n|-damage|p1b: Blastoise|14\/100\n|move|p2b: Salazzle|Sludge Bomb|p1a: Incineroar\n|-damage|p1a: Incineroar|26\/100\n|move|p1b: Blastoise|Water Pledge|p2b: Salazzle\n|-waiting|p1b: Blastoise|p1a: Incineroar\n|move|p1a: Incineroar|Fire Pledge|p2a: Weavile|[from]move: Water Pledge\n|-combine\n|-damage|p2a: Weavile|38\/100\n|-sidestart|p1: andyrooooo|Water Pledge\n|\n|upkeep\n|turn|3\n|\n|t:|1695823298\n|move|p1b: Blastoise|Aqua Jet|p2b: Salazzle\n|-supereffective|p2b: Salazzle\n|-damage|p2b: Salazzle|31\/100\n|move|p2a: Weavile|Knock Off|p1b: Blastoise\n|-damage|p1b: Blastoise|0 fnt\n|faint|p1b: Blastoise\n|move|p2b: Salazzle|Sludge Bomb|p1a: Incineroar\n|-damage|p1a: Incineroar|0 fnt\n|faint|p1a: Incineroar\n|\n|upkeep\n|\n|t:|1695823307\n|switch|p1b: Togekiss|Togekiss, M|100\/100\n|switch|p1a: Jirachi|Jirachi|100\/100\n|turn|4\n|\n|t:|1695823325\n|move|p2a: Weavile|Ice Spinner|p1b: Togekiss\n|-supereffective|p1b: Togekiss\n|-damage|p1b: Togekiss|28\/100\n|move|p2b: Salazzle|Sludge Bomb|p1a: Jirachi\n|-immune|p1a: Jirachi\n|move|p1a: Jirachi|Ancient Power|p2b: Salazzle\n|-supereffective|p2b: Salazzle\n|-damage|p2b: Salazzle|0 fnt\n|faint|p2b: Salazzle\n|move|p1b: Togekiss|Ancient Power|p2a: Weavile\n|-supereffective|p2a: Weavile\n|-damage|p2a: Weavile|0 fnt\n|-boost|p1b: Togekiss|atk|1\n|-boost|p1b: Togekiss|def|1\n|-boost|p1b: Togekiss|spa|1\n|-boost|p1b: Togekiss|spd|1\n|-boost|p1b: Togekiss|spe|1\n|faint|p2a: Weavile\n|\n|upkeep\n|\n|t:|1695823351\n|switch|p2a: Hariyama|Hariyama, M|100\/100\n|switch|p2b: Dusclops|Dusclops, M|100\/100\n|-item|p1a: Jirachi|Aguav Berry|[from] ability: Frisk|[of] p2b: Dusclops|[identify]\n|-item|p1b: Togekiss|Aguav Berry|[from] ability: Frisk|[of] p2b: Dusclops|[identify]\n|turn|5\n|\n|t:|1695823368\n|move|p2a: Hariyama|Bullet Punch|p1b: Togekiss\n|-supereffective|p1b: Togekiss\n|-damage|p1b: Togekiss|10\/100\n|-enditem|p1b: Togekiss|Aguav Berry|[eat]\n|-heal|p1b: Togekiss|43\/100|[from] item: Aguav Berry\n|move|p1b: Togekiss|Baton Pass|p1b: Togekiss\n|\n|t:|1695823376\n|switch|p1b: Diancie|Diancie|100\/100|[from] Baton Pass\n|move|p1a: Jirachi|Ancient Power|p2b: Dusclops\n|-crit|p2b: Dusclops\n|-damage|p2b: Dusclops|87\/100\n|move|p2b: Dusclops|Trick Room|p2b: Dusclops\n|-fieldstart|move: Trick Room|[of] p2b: Dusclops\n|\n|-sideend|p1: andyrooooo|Water Pledge\n|upkeep\n|turn|6\n|\n|t:|1695823413\n|move|p2b: Dusclops|Night Shade|p1b: Diancie\n|-damage|p1b: Diancie|67\/100\n|move|p2a: Hariyama|Body Press|p1b: Diancie\n|-damage|p1b: Diancie|58\/100\n|move|p1b: Diancie|Stored Power|p2a: Hariyama\n|-supereffective|p2a: Hariyama\n|-damage|p2a: Hariyama|0 fnt\n|faint|p2a: Hariyama\n|move|p1a: Jirachi|Ancient Power|p2b: Dusclops\n|-damage|p2b: Dusclops|78\/100\n|-boost|p1a: Jirachi|atk|1\n|-boost|p1a: Jirachi|def|1\n|-boost|p1a: Jirachi|spa|1\n|-boost|p1a: Jirachi|spd|1\n|-boost|p1a: Jirachi|spe|1\n|\n|upkeep\n|\n|t:|1695823431\n|switch|p2a: Dusknoir|Dusknoir, F|100\/100\n|-item|p1a: Jirachi|Aguav Berry|[from] ability: Frisk|[of] p2a: Dusknoir|[identify]\n|-item|p1b: Diancie|Aguav Berry|[from] ability: Frisk|[of] p2a: Dusknoir|[identify]\n|turn|7\n|\n|t:|1695823448\n|move|p2b: Dusclops|Night Shade|p1b: Diancie\n|-damage|p1b: Diancie|25\/100\n|-enditem|p1b: Diancie|Aguav Berry|[eat]\n|-heal|p1b: Diancie|58\/100|[from] item: Aguav Berry\n|move|p2a: Dusknoir|Poltergeist|p1a: Jirachi\n|-activate|p1a: Jirachi|move: Poltergeist|Aguav Berry\n|-supereffective|p1a: Jirachi\n|-damage|p1a: Jirachi|37\/100\n|move|p1b: Diancie|Dazzling Gleam|p2a: Dusknoir|[spread] p2a,p2b\n|-crit|p2a: Dusknoir\n|-damage|p2a: Dusknoir|39\/100\n|-damage|p2b: Dusclops|54\/100\n|move|p1a: Jirachi|Ancient Power|p2b: Dusclops\n|-damage|p2b: Dusclops|41\/100\n|\n|upkeep\n|turn|8\n|\n|t:|1695823471\n|move|p2b: Dusclops|Night Shade|p1a: Jirachi\n|-damage|p1a: Jirachi|12\/100\n|-enditem|p1a: Jirachi|Aguav Berry|[eat]\n|-heal|p1a: Jirachi|45\/100|[from] item: Aguav Berry\n|move|p2a: Dusknoir|Poltergeist||[still]\n|-fail|p2a: Dusknoir\n|move|p1b: Diancie|Dazzling Gleam|p2b: Dusclops|[spread] p2a,p2b\n|-damage|p2a: Dusknoir|0 fnt\n|-damage|p2b: Dusclops|15\/100\n|faint|p2a: Dusknoir\n|move|p1a: Jirachi|Baton Pass|p1a: Jirachi\n|\n|t:|1695823481\n|switch|p1a: Sinistcha|Sinistcha-Masterpiece|100\/100|[from] Baton Pass\n|-heal|p1b: Diancie|83\/100|[from] ability: Hospitality|[of] p1a: Sinistcha\n|\n|upkeep\n|\n|t:|1695823486\n|switch|p2a: Indeedee|Indeedee, M|100\/100\n|-fieldstart|move: Psychic Terrain|[from] ability: Psychic Surge|[of] p2a: Indeedee\n|turn|9\n|\n|t:|1695823505\n|-terastallize|p1a: Sinistcha|Grass\n|move|p2b: Dusclops|Haze|p2b: Dusclops\n|-clearallboost\n|move|p1b: Diancie|Dazzling Gleam|p2a: Indeedee|[spread] p2a,p2b\n|-damage|p2a: Indeedee|63\/100\n|-damage|p2b: Dusclops|0 fnt\n|faint|p2b: Dusclops\n|move|p1a: Sinistcha|Matcha Gotcha|p2a: Indeedee|[miss]\n|-miss|p1a: Sinistcha|p2a: Indeedee\n|move|p2a: Indeedee|Dazzling Gleam|p1a: Sinistcha|[spread] p1a,p1b\n|-damage|p1a: Sinistcha|81\/100\n|-damage|p1b: Diancie|68\/100\n|\n|-heal|p1a: Sinistcha|87\/100|[from] item: Leftovers\n|-fieldend|move: Trick Room\n|upkeep\n|turn|10\n|\n|t:|1695823524\n|move|p2a: Indeedee|Dazzling Gleam|p1b: Diancie|[spread] p1a,p1b\n|-damage|p1a: Sinistcha|67\/100\n|-damage|p1b: Diancie|55\/100\n|move|p1a: Sinistcha|Nasty Plot|p1a: Sinistcha\n|-boost|p1a: Sinistcha|spa|2\n|move|p1b: Diancie|Mystical Fire|p2a: Indeedee\n|-damage|p2a: Indeedee|33\/100\n|-unboost|p2a: Indeedee|spa|1\n|\n|-heal|p1a: Sinistcha|73\/100|[from] item: Leftovers\n|upkeep\n|turn|11\n|-message|Literaturor forfeited.\n|\n|win|andyrooooo\n|raw|andyrooooo's rating: 1000 &rarr; <strong>1040<\/strong><br \/>(+40 for winning)\n|raw|Literaturor's rating: 1000 &rarr; <strong>1000<\/strong><br \/>(+0 for losing)\n|l|\u2606Literaturor\n","uploadtime":1695824452,"views":9,"p1id":"andyrooooo","p2id":"literaturor","formatid":"gen9nationaldexdoubles","rating":1000,"private":0,"password":""}