{"id":"gen9nationaldexdoubles-1952004667","p1":"Tempest2110","p2":"wppoprpo","format":"[Gen 9] National Dex Doubles","log":"|j|\u2606Tempest2110\n|j|\u2606wppoprpo\n|t:|1695649349\n|gametype|doubles\n|player|p1|Tempest2110|flannery|1102\n|player|p2|wppoprpo|n-masters|1078\n|teamsize|p1|6\n|teamsize|p2|6\n|gen|9\n|tier|[Gen 9] National Dex Doubles\n|rated|\n|rule|HP Percentage Mod: HP is shown in percentages\n|rule|Endless Battle Clause: Forcing endless battles is banned\n|rule|OHKO Clause: OHKO moves are banned\n|rule|Evasion Moves Clause: Evasion moves are banned\n|rule|Evasion Abilities Clause: Evasion abilities are banned\n|rule|Species Clause: Limit one of each Pok\u00e9mon\n|rule|Gravity Sleep Clause: The combination of sleep-inducing moves with imperfect accuracy and Gravity or Gigantamax Orbeetle are banned\n|clearpoke\n|poke|p1|Azumarill, M|\n|poke|p1|Flamigo, F|\n|poke|p1|Grimmsnarl, M|\n|poke|p1|Talonflame, M|\n|poke|p1|Lilligant-Hisui, F|\n|poke|p1|Garchomp, M|\n|poke|p2|Kartana|\n|poke|p2|Latios, M|\n|poke|p2|Eevee, F|\n|poke|p2|Amoonguss, F|\n|poke|p2|Medicham, M|\n|poke|p2|Alcremie-Ruby-Swirl, F|\n|teampreview\n|inactive|Battle timer is ON: inactive players will automatically lose when time's up. (requested by wppoprpo)\n|\n|t:|1695649356\n|start\n|switch|p1a: Grimmsnarl|Grimmsnarl, M|100\/100\n|switch|p1b: Talonflame|Talonflame, M, shiny|100\/100\n|switch|p2a: Amoonguss|Amoonguss, F|100\/100\n|switch|p2b: Eevee|Eevee, F|100\/100\n|turn|1\n|\n|t:|1695649365\n|move|p2a: Amoonguss|Rage Powder|p2a: Amoonguss\n|-singleturn|p2a: Amoonguss|move: Rage Powder\n|move|p1a: Grimmsnarl|Reflect|p1a: Grimmsnarl\n|-sidestart|p1: Tempest2110|Reflect\n|move|p1b: Talonflame|Tailwind|p1b: Talonflame\n|-sidestart|p1: Tempest2110|move: Tailwind\n|-zpower|p2b: Eevee\n|move|p2b: Eevee|Extreme Evoboost|p2b: Eevee\n|-boost|p2b: Eevee|atk|2\n|-boost|p2b: Eevee|def|2\n|-boost|p2b: Eevee|spa|2\n|-boost|p2b: Eevee|spd|2\n|-boost|p2b: Eevee|spe|2\n|\n|upkeep\n|turn|2\n|\n|t:|1695649382\n|move|p2a: Amoonguss|Rage Powder|p2a: Amoonguss\n|-singleturn|p2a: Amoonguss|move: Rage Powder\n|move|p1a: Grimmsnarl|Light Screen|p1a: Grimmsnarl\n|-sidestart|p1: Tempest2110|move: Light Screen\n|move|p1b: Talonflame|Acrobatics|p2a: Amoonguss\n|-supereffective|p2a: Amoonguss\n|-damage|p2a: Amoonguss|16\/100\n|-enditem|p2a: Amoonguss|Aguav Berry|[eat]\n|-heal|p2a: Amoonguss|49\/100|[from] item: Aguav Berry\n|move|p2b: Eevee|Baton Pass|p2b: Eevee\n|\n|t:|1695649392\n|switch|p2b: \u6781\u9650\u7269\u653b|Kartana, shiny|100\/100|[from] Baton Pass\n|\n|upkeep\n|turn|3\n|\n|t:|1695649404\n|-terastallize|p2b: \u6781\u9650\u7269\u653b|Grass\n|move|p2a: Amoonguss|Rage Powder|p2a: Amoonguss\n|-singleturn|p2a: Amoonguss|move: Rage Powder\n|move|p1a: Grimmsnarl|Parting Shot|p2a: Amoonguss\n|-unboost|p2a: Amoonguss|atk|1\n|-unboost|p2a: Amoonguss|spa|1\n|\n|t:|1695649413\n|switch|p1a: Lilligant|Lilligant-Hisui, F, shiny|100\/100|[from] Parting Shot\n|move|p1b: Talonflame|Flare Blitz|p2a: Amoonguss\n|-supereffective|p2a: Amoonguss\n|-damage|p2a: Amoonguss|0 fnt\n|-status|p1b: Talonflame|slp|[from] ability: Effect Spore|[of] p2a: Amoonguss\n|faint|p2a: Amoonguss\n|-damage|p1b: Talonflame|80\/100 slp|[from] Recoil\n|move|p2b: \u6781\u9650\u7269\u653b|Razor Leaf|p1a: Lilligant|[spread] p1a,p1b\n|-resisted|p1a: Lilligant\n|-resisted|p1b: Talonflame\n|-damage|p1a: Lilligant|42\/100\n|-damage|p1b: Talonflame|50\/100 slp\n|\n|-heal|p1a: Lilligant|48\/100|[from] item: Leftovers\n|upkeep\n|\n|t:|1695649430\n|switch|p2a: Alcremie|Alcremie-Ruby-Swirl, F, shiny|100\/100\n|turn|4\n|\n|t:|1695649447\n|cant|p1b: Talonflame|slp\n|move|p1a: Lilligant|Axe Kick|p2b: \u6781\u9650\u7269\u653b\n|-damage|p2b: \u6781\u9650\u7269\u653b|64\/100\n|move|p2b: \u6781\u9650\u7269\u653b|Razor Leaf|p1b: Talonflame|[spread] p1a,p1b\n|-resisted|p1a: Lilligant\n|-resisted|p1b: Talonflame\n|-damage|p1a: Lilligant|0 fnt\n|-damage|p1b: Talonflame|19\/100 slp\n|faint|p1a: Lilligant\n|-ability|p2b: \u6781\u9650\u7269\u653b|Beast Boost|boost\n|-boost|p2b: \u6781\u9650\u7269\u653b|atk|1\n|move|p2a: Alcremie|Decorate|p2b: \u6781\u9650\u7269\u653b\n|-boost|p2b: \u6781\u9650\u7269\u653b|atk|2\n|-boost|p2b: \u6781\u9650\u7269\u653b|spa|2\n|\n|-sideend|p1: Tempest2110|move: Tailwind\n|upkeep\n|\n|t:|1695649455\n|switch|p1a: Azumarill|Azumarill, M|100\/100\n|turn|5\n|\n|t:|1695649474\n|switch|p1a: Grimmsnarl|Grimmsnarl, M|100\/100\n|move|p2b: \u6781\u9650\u7269\u653b|Razor Leaf|p1a: Grimmsnarl|[spread] p1a,p1b\n|-resisted|p1b: Talonflame\n|-damage|p1a: Grimmsnarl|0 fnt\n|-damage|p1b: Talonflame|0 fnt\n|faint|p1a: Grimmsnarl\n|faint|p1b: Talonflame\n|-ability|p2b: \u6781\u9650\u7269\u653b|Beast Boost|boost\n|-boost|p2b: \u6781\u9650\u7269\u653b|atk|1\n|move|p2a: Alcremie|Decorate|p2b: \u6781\u9650\u7269\u653b\n|-boost|p2b: \u6781\u9650\u7269\u653b|atk|0\n|-boost|p2b: \u6781\u9650\u7269\u653b|spa|2\n|\n|upkeep\n|\n|t:|1695649478\n|switch|p1b: Flamigo|Flamigo, F|100\/100\n|switch|p1a: Azumarill|Azumarill, M|100\/100\n|-copyboost|p1b: Flamigo|p1a: Azumarill|[from] ability: Costar\n|turn|6\n|\n|t:|1695649491\n|switch|p2a: Medicham|Medicham, M|100\/100\n|move|p1b: Flamigo|Detect|p1b: Flamigo\n|-singleturn|p1b: Flamigo|Protect\n|move|p2b: \u6781\u9650\u7269\u653b|Razor Leaf|p1a: Azumarill|[spread] p1a\n|-activate|p1b: Flamigo|move: Protect\n|-supereffective|p1a: Azumarill\n|-damage|p1a: Azumarill|0 fnt\n|faint|p1a: Azumarill\n|\n|upkeep\n|\n|t:|1695649501\n|switch|p1a: Garchomp|Garchomp, M, shiny|100\/100\n|turn|7\n|c|\u2606wppoprpo|sorry\n|inactive|Tempest2110 has 120 seconds left.\n|\n|t:|1695649536\n|-terastallize|p1a: Garchomp|Dragon\n|move|p2b: \u6781\u9650\u7269\u653b|Razor Leaf|p1b: Flamigo|[spread] p1a,p1b\n|-resisted|p1a: Garchomp\n|-resisted|p1b: Flamigo\n|-damage|p1a: Garchomp|22\/100\n|-damage|p1b: Flamigo|0 fnt\n|faint|p1b: Flamigo\n|move|p1a: Garchomp|Fire Fang|p2b: \u6781\u9650\u7269\u653b\n|-supereffective|p2b: \u6781\u9650\u7269\u653b\n|-damage|p2b: \u6781\u9650\u7269\u653b|43\/100\n|move|p2a: Medicham|Skill Swap|p2b: \u6781\u9650\u7269\u653b\n|-activate|p2a: Medicham|move: Skill Swap|||[of] p2b: \u6781\u9650\u7269\u653b\n|\n|upkeep\n|turn|8\n|\n|t:|1695649560\n|move|p2a: Medicham|Helping Hand|p2b: \u6781\u9650\u7269\u653b\n|-singleturn|p2b: \u6781\u9650\u7269\u653b|Helping Hand|[of] p2a: Medicham\n|move|p2b: \u6781\u9650\u7269\u653b|Razor Leaf|p1a: Garchomp\n|-resisted|p1a: Garchomp\n|-damage|p1a: Garchomp|0 fnt\n|faint|p1a: Garchomp\n|\n|win|wppoprpo\n|raw|Tempest2110's rating: 1102 &rarr; <strong>1075<\/strong><br \/>(-27 for losing)\n|raw|wppoprpo's rating: 1078 &rarr; <strong>1108<\/strong><br \/>(+30 for winning)\n","uploadtime":1695649572,"views":47,"p1id":"tempest2110","p2id":"wppoprpo","formatid":"gen9nationaldexdoubles","rating":1075,"private":0,"password":""}