{"id":"gen9nationaldexdoubles-1957610694","p1":"jiangchengzi","p2":"XiuKaiMeiLiZhi","format":"[Gen 9] National Dex Doubles","log":"|j|\u2606jiangchengzi\n|j|\u2606XiuKaiMeiLiZhi\n|t:|1696245395\n|gametype|doubles\n|player|p1|jiangchengzi|iris-gen5bw2|\n|player|p2|XiuKaiMeiLiZhi|emmet|\n|teamsize|p1|6\n|teamsize|p2|6\n|gen|9\n|tier|[Gen 9] National Dex Doubles\n|rule|HP Percentage Mod: HP is shown in percentages\n|rule|Endless Battle Clause: Forcing endless battles is banned\n|rule|OHKO Clause: OHKO moves are banned\n|rule|Evasion Moves Clause: Evasion moves are banned\n|rule|Evasion Abilities Clause: Evasion abilities are banned\n|rule|Species Clause: Limit one of each Pok\u00e9mon\n|rule|Gravity Sleep Clause: The combination of sleep-inducing moves with imperfect accuracy and Gravity or Gigantamax Orbeetle are banned\n|clearpoke\n|poke|p1|Pelipper, M|\n|poke|p1|Greninja-*, M|\n|poke|p1|Swampert, M|\n|poke|p1|Meloetta|\n|poke|p1|Primarina, M|\n|poke|p1|Zeraora|\n|poke|p2|Lucario, M|\n|poke|p2|Flamigo, M|\n|poke|p2|Whimsicott, M|\n|poke|p2|Tauros-Paldea-Aqua, M|\n|poke|p2|Kubfu, M|\n|poke|p2|Lilligant-Hisui, F|\n|teampreview\n|\n|t:|1696245405\n|start\n|switch|p1a: Pelipper|Pelipper, M|100\/100\n|switch|p1b: Swampert|Swampert, M|100\/100\n|switch|p2a: Lucario|Lucario, M, shiny|100\/100\n|switch|p2b: Whimsicott|Whimsicott, M, shiny|100\/100\n|-weather|RainDance|[from] ability: Drizzle|[of] p1a: Pelipper\n|turn|1\n|\n|t:|1696245443\n|detailschange|p2a: Lucario|Lucario-Mega, M, shiny\n|-mega|p2a: Lucario|Lucario|Lucarionite\n|detailschange|p1b: Swampert|Swampert-Mega, M\n|-mega|p1b: Swampert|Swampert|Swampertite\n|move|p2b: Whimsicott|Memento|p1b: Swampert\n|-unboost|p1b: Swampert|atk|2\n|-unboost|p1b: Swampert|spa|2\n|faint|p2b: Whimsicott\n|move|p1b: Swampert|Echoed Voice|p2a: Lucario\n|-resisted|p2a: Lucario\n|-damage|p2a: Lucario|96\/100\n|move|p2a: Lucario|Drain Punch|p1b: Swampert\n|-damage|p1b: Swampert|45\/100\n|-heal|p2a: Lucario|100\/100|[from] drain|[of] p1b: Swampert\n|move|p1a: Pelipper|Echoed Voice|p2a: Lucario\n|-resisted|p2a: Lucario\n|-damage|p2a: Lucario|93\/100\n|\n|-weather|RainDance|[upkeep]\n|upkeep\n|\n|t:|1696245468\n|switch|p2b: Tauros|Tauros-Paldea-Aqua, M, shiny|100\/100\n|-ability|p2b: Tauros|Intimidate|boost\n|-unboost|p1a: Pelipper|atk|1\n|-unboost|p1b: Swampert|atk|1\n|turn|2\n|\n|t:|1696245486\n|move|p1b: Swampert|Earth Power|p2a: Lucario\n|-supereffective|p2a: Lucario\n|-damage|p2a: Lucario|23\/100\n|move|p2b: Tauros|Close Combat|p1b: Swampert\n|-damage|p1b: Swampert|0 fnt\n|-unboost|p2b: Tauros|def|1\n|-unboost|p2b: Tauros|spd|1\n|faint|p1b: Swampert\n|-damage|p2b: Tauros|91\/100|[from] item: Life Orb\n|move|p2a: Lucario|Ice Punch|p1a: Pelipper\n|-damage|p1a: Pelipper|78\/100\n|-status|p1a: Pelipper|frz\n|cant|p1a: Pelipper|frz\n|\n|-weather|RainDance|[upkeep]\n|upkeep\n|\n|t:|1696245512\n|switch|p1b: Meloetta|Meloetta|100\/100\n|turn|3\n|\n|t:|1696245523\n|-terastallize|p1b: Meloetta|Normal\n|move|p2b: Tauros|Aqua Jet|p1b: Meloetta\n|-damage|p1b: Meloetta|56\/100\n|-damage|p2b: Tauros|81\/100|[from] item: Life Orb\n|move|p1b: Meloetta|Echoed Voice|p2a: Lucario\n|-resisted|p2a: Lucario\n|-damage|p2a: Lucario|0 fnt\n|faint|p2a: Lucario\n|cant|p1a: Pelipper|frz\n|\n|-weather|RainDance|[upkeep]\n|upkeep\n|\n|t:|1696245539\n|switch|p2a: Lilligant|Lilligant-Hisui, F, shiny|100\/100\n|turn|4\n|\n|t:|1696245550\n|move|p1b: Meloetta|Echoed Voice|p2a: Lilligant\n|-damage|p2a: Lilligant|12\/100\n|move|p2a: Lilligant|Victory Dance|p2a: Lilligant\n|-boost|p2a: Lilligant|atk|1\n|-boost|p2a: Lilligant|def|1\n|-boost|p2a: Lilligant|spe|1\n|move|p2b: Tauros|Close Combat|p1b: Meloetta\n|-supereffective|p1b: Meloetta\n|-damage|p1b: Meloetta|0 fnt\n|-unboost|p2b: Tauros|def|1\n|-unboost|p2b: Tauros|spd|1\n|faint|p1b: Meloetta\n|-damage|p2b: Tauros|71\/100|[from] item: Life Orb\n|cant|p1a: Pelipper|frz\n|\n|-weather|RainDance|[upkeep]\n|-heal|p2a: Lilligant|18\/100|[from] item: Leftovers\n|upkeep\n|\n|t:|1696245576\n|switch|p1b: Primarina|Primarina, M|100\/100\n|turn|5\n|\n|t:|1696245587\n|switch|p2b: Flamigo|Flamigo, M, shiny|100\/100\n|-copyboost|p2b: Flamigo|p2a: Lilligant|[from] ability: Costar\n|move|p2a: Lilligant|Petal Blizzard|p1a: Pelipper|[spread] p2b,p1b\n|-miss|p2a: Lilligant|p1a: Pelipper\n|-resisted|p2b: Flamigo\n|-crit|p2b: Flamigo\n|-supereffective|p1b: Primarina\n|-damage|p2b: Flamigo|28\/100\n|-damage|p1b: Primarina|0 fnt\n|faint|p1b: Primarina\n|cant|p1a: Pelipper|frz\n|\n|-weather|RainDance|[upkeep]\n|-heal|p2a: Lilligant|24\/100|[from] item: Leftovers\n|upkeep\n|\n|t:|1696245613\n|switch|p1b: Zeraora|Zeraora|100\/100\n|turn|6\n|\n|t:|1696245627\n|move|p2a: Lilligant|Brick Break|p1b: Zeraora|[miss]\n|-miss|p2a: Lilligant|p1b: Zeraora\n|move|p2b: Flamigo|Roost|p2b: Flamigo\n|-heal|p2b: Flamigo|78\/100\n|-singleturn|p2b: Flamigo|move: Roost\n|move|p1b: Zeraora|Echoed Voice|p2b: Flamigo\n|-damage|p2b: Flamigo|62\/100\n|cant|p1a: Pelipper|frz\n|\n|-weather|RainDance|[upkeep]\n|-heal|p2a: Lilligant|30\/100|[from] item: Leftovers\n|upkeep\n|turn|7\n|\n|t:|1696245647\n|move|p2a: Lilligant|Brick Break|p1b: Zeraora\n|-enditem|p1b: Zeraora|Focus Sash\n|-damage|p1b: Zeraora|1\/100\n|move|p2b: Flamigo|Close Combat|p1b: Zeraora\n|-damage|p1b: Zeraora|0 fnt\n|-unboost|p2b: Flamigo|def|1\n|-unboost|p2b: Flamigo|spd|1\n|-enditem|p2b: Flamigo|White Herb\n|-clearnegativeboost|p2b: Flamigo|[silent]\n|faint|p1b: Zeraora\n|cant|p1a: Pelipper|frz\n|\n|-weather|RainDance|[upkeep]\n|-heal|p2a: Lilligant|36\/100|[from] item: Leftovers\n|upkeep\n|\n|t:|1696245662\n|switch|p1b: Greninja|Greninja, M|100\/100\n|turn|8\n|\n|t:|1696245679\n|move|p2a: Lilligant|Brick Break|p1b: Greninja\n|-supereffective|p1b: Greninja\n|-damage|p1b: Greninja|0 fnt\n|faint|p1b: Greninja\n|move|p2b: Flamigo|Lunge|p1a: Pelipper\n|-resisted|p1a: Pelipper\n|-damage|p1a: Pelipper|64\/100 frz\n|-unboost|p1a: Pelipper|atk|1\n|cant|p1a: Pelipper|frz\n|\n|-weather|none\n|-heal|p2a: Lilligant|42\/100|[from] item: Leftovers\n|upkeep\n|turn|9\n|-message|jiangchengzi forfeited.\n|\n|win|XiuKaiMeiLiZhi\n|l|\u2606jiangchengzi\n","uploadtime":1696245819,"views":24,"p1id":"jiangchengzi","p2id":"xiukaimeilizhi","formatid":"gen9nationaldexdoubles","rating":0,"private":0,"password":""}