{"id":"gen9nationaldexdoubles-1997696118","p1":"MermaidSiren","p2":"KingGodzila","format":"[Gen 9] National Dex Doubles","log":"|j|\u2606MermaidSiren\n|j|\u2606KingGodzila\n|t:|1700842805\n|gametype|doubles\n|player|p1|MermaidSiren|swimmerf-gen4|1208\n|player|p2|KingGodzila|bugsy|1301\n|teamsize|p1|6\n|teamsize|p2|6\n|gen|9\n|tier|[Gen 9] National Dex Doubles\n|rated|\n|rule|HP Percentage Mod: HP is shown in percentages\n|rule|Endless Battle Clause: Forcing endless battles is banned\n|rule|OHKO Clause: OHKO moves are banned\n|rule|Evasion Moves Clause: Evasion moves are banned\n|rule|Evasion Abilities Clause: Evasion abilities are banned\n|rule|Species Clause: Limit one of each Pok\u00e9mon\n|rule|Gravity Sleep Clause: The combination of sleep-inducing moves with imperfect accuracy and Gravity or Gigantamax Orbeetle are banned\n|clearpoke\n|poke|p1|Primarina, F|\n|poke|p1|Malamar, M|\n|poke|p1|Corsola-Galar, F|\n|poke|p1|Dhelmise|\n|poke|p1|Eelektross, M|\n|poke|p1|Dewgong, F|\n|poke|p2|Vikavolt, M|\n|poke|p2|Golisopod, M|\n|poke|p2|Cresselia, F|\n|poke|p2|Escavalier, M|\n|poke|p2|Charjabug, M|\n|poke|p2|Grimmsnarl, M|\n|teampreview\n|\n|t:|1700842814\n|start\n|switch|p1a: Primarina|Primarina, F, shiny|100\/100\n|switch|p1b: Dewgong|Dewgong, F|100\/100\n|switch|p2a: \u7f8e\u68a6\u8001\u5988|Cresselia, F|100\/100\n|switch|p2b: Grimmsnarl|Grimmsnarl, M|100\/100\n|turn|1\n|\n|t:|1700842830\n|move|p1b: Dewgong|Fake Out|p2b: Grimmsnarl\n|-damage|p2b: Grimmsnarl|88\/100\n|cant|p2b: Grimmsnarl|flinch\n|move|p1a: Primarina|Moonblast|p2b: Grimmsnarl\n|-supereffective|p2b: Grimmsnarl\n|-damage|p2b: Grimmsnarl|0 fnt\n|faint|p2b: Grimmsnarl\n|move|p2a: \u7f8e\u68a6\u8001\u5988|Trick Room|p2a: \u7f8e\u68a6\u8001\u5988\n|-fieldstart|move: Trick Room|[of] p2a: \u7f8e\u68a6\u8001\u5988\n|\n|upkeep\n|\n|t:|1700842853\n|switch|p2b: \u7535\u5149\u8f68\u9053\u70ae|Vikavolt, M|100\/100\n|turn|2\n|\n|t:|1700842870\n|switch|p2a: Charjabug|Charjabug, M, shiny|100\/100\n|move|p1b: Dewgong|Helping Hand|p1a: Primarina\n|-singleturn|p1a: Primarina|Helping Hand|[of] p1b: Dewgong\n|move|p2b: \u7535\u5149\u8f68\u9053\u70ae|Discharge|p1a: Primarina|[spread] p2a,p1a,p1b\n|-resisted|p2a: Charjabug\n|-supereffective|p1a: Primarina\n|-crit|p1a: Primarina\n|-supereffective|p1b: Dewgong\n|-damage|p2a: Charjabug|85\/100\n|-damage|p1a: Primarina|0 fnt\n|-damage|p1b: Dewgong|0 fnt\n|faint|p1a: Primarina\n|faint|p1b: Dewgong\n|\n|upkeep\n|\n|t:|1700842882\n|switch|p1a: Corsola|Corsola-Galar, F|100\/100\n|switch|p1b: Dhelmise|Dhelmise|100\/100\n|turn|3\n|\n|t:|1700842899\n|move|p2a: Charjabug|Hidden Power|p2b: \u7535\u5149\u8f68\u9053\u70ae\n|-supereffective|p2b: \u7535\u5149\u8f68\u9053\u70ae\n|-damage|p2b: \u7535\u5149\u8f68\u9053\u70ae|85\/100\n|-enditem|p2b: \u7535\u5149\u8f68\u9053\u70ae|Weakness Policy\n|-boost|p2b: \u7535\u5149\u8f68\u9053\u70ae|atk|2|[from] item: Weakness Policy\n|-boost|p2b: \u7535\u5149\u8f68\u9053\u70ae|spa|2|[from] item: Weakness Policy\n|move|p2b: \u7535\u5149\u8f68\u9053\u70ae|Discharge|p1a: Corsola|[spread] p2a,p1a,p1b\n|-resisted|p2a: Charjabug\n|-crit|p2a: Charjabug\n|-resisted|p1b: Dhelmise\n|-crit|p1b: Dhelmise\n|-damage|p2a: Charjabug|38\/100\n|-damage|p1a: Corsola|42\/100\n|-damage|p1b: Dhelmise|17\/100\n|-status|p1a: Corsola|par\n|move|p1a: Corsola|Night Shade|p2b: \u7535\u5149\u8f68\u9053\u70ae\n|-damage|p2b: \u7535\u5149\u8f68\u9053\u70ae|57\/100\n|move|p1b: Dhelmise|Anchor Shot|p2b: \u7535\u5149\u8f68\u9053\u70ae\n|-resisted|p2b: \u7535\u5149\u8f68\u9053\u70ae\n|-damage|p2b: \u7535\u5149\u8f68\u9053\u70ae|26\/100\n|-activate|p2b: \u7535\u5149\u8f68\u9053\u70ae|trapped\n|\n|upkeep\n|turn|4\n|\n|t:|1700842926\n|-terastallize|p2b: \u7535\u5149\u8f68\u9053\u70ae|Electric\n|move|p1a: Corsola|Strength Sap|p2b: \u7535\u5149\u8f68\u9053\u70ae\n|-unboost|p2b: \u7535\u5149\u8f68\u9053\u70ae|atk|1\n|-heal|p1a: Corsola|100\/100 par\n|move|p2a: Charjabug|Substitute|p2a: Charjabug\n|-start|p2a: Charjabug|Substitute\n|-damage|p2a: Charjabug|13\/100\n|move|p2b: \u7535\u5149\u8f68\u9053\u70ae|Discharge|p1b: Dhelmise|[spread] p2a,p1a,p1b\n|-resisted|p2a: Charjabug\n|-end|p2a: Charjabug|Substitute\n|-resisted|p1b: Dhelmise\n|-damage|p1a: Corsola|20\/100 par\n|-damage|p1b: Dhelmise|0 fnt\n|faint|p1b: Dhelmise\n|\n|upkeep\n|\n|t:|1700842940\n|switch|p1b: Malamar|Malamar, M|100\/100\n|turn|5\n|\n|t:|1700842950\n|cant|p1a: Corsola|par\n|move|p2a: Charjabug|Struggle Bug|p1b: Malamar|[spread] p1a,p1b\n|-resisted|p1a: Corsola\n|-supereffective|p1b: Malamar\n|-damage|p1a: Corsola|18\/100 par\n|-damage|p1b: Malamar|69\/100\n|-unboost|p1a: Corsola|spa|1\n|-boost|p1b: Malamar|spa|1\n|-start|p2a: Charjabug|Disable|Struggle Bug|[from] ability: Cursed Body|[of] p1a: Corsola\n|move|p2b: \u7535\u5149\u8f68\u9053\u70ae|Discharge|p1a: Corsola|[spread] p2a,p1a,p1b\n|-resisted|p2a: Charjabug\n|-damage|p2a: Charjabug|0 fnt\n|-damage|p1a: Corsola|0 fnt\n|-damage|p1b: Malamar|0 fnt\n|faint|p2a: Charjabug\n|faint|p1a: Corsola\n|faint|p1b: Malamar\n|\n|-fieldend|move: Trick Room\n|upkeep\n|-message|MermaidSiren forfeited.\n|\n|win|KingGodzila\n|raw|MermaidSiren's rating: 1208 &rarr; <strong>1190<\/strong><br \/>(-18 for losing)\n|raw|KingGodzila's rating: 1301 &rarr; <strong>1316<\/strong><br \/>(+15 for winning)\n|l|\u2606MermaidSiren\n","uploadtime":1700842970,"views":1,"p1id":"mermaidsiren","p2id":"kinggodzila","formatid":"gen9nationaldexdoubles","rating":1190,"private":0,"password":""}