{"id":"gen9nationaldexdoubles-1984201799","p1":"thekingarthur.1233","p2":"Shazamwhich","format":"[Gen 9] National Dex Doubles","log":"|j|\u2606thekingarthur.1233\n|j|\u2606Shazamwhich\n|t:|1699229577\n|gametype|doubles\n|player|p1|thekingarthur.1233|palmer|1046\n|player|p2|Shazamwhich|brendan-gen3|1123\n|teamsize|p1|6\n|teamsize|p2|6\n|gen|9\n|tier|[Gen 9] National Dex Doubles\n|rated|\n|rule|HP Percentage Mod: HP is shown in percentages\n|rule|Endless Battle Clause: Forcing endless battles is banned\n|rule|OHKO Clause: OHKO moves are banned\n|rule|Evasion Moves Clause: Evasion moves are banned\n|rule|Evasion Abilities Clause: Evasion abilities are banned\n|rule|Species Clause: Limit one of each Pok\u00e9mon\n|rule|Gravity Sleep Clause: The combination of sleep-inducing moves with imperfect accuracy and Gravity or Gigantamax Orbeetle are banned\n|clearpoke\n|poke|p1|Garchomp, M|\n|poke|p1|Lucario, M|\n|poke|p1|Floatzel, F|\n|poke|p1|Leafeon, M|\n|poke|p1|Gallade, M|\n|poke|p1|Froslass, F|\n|poke|p2|Ogerpon-Hearthflame, F|\n|poke|p2|Landorus-Therian, M|\n|poke|p2|Roaring Moon|\n|poke|p2|Amoonguss, F|\n|poke|p2|Gholdengo|\n|poke|p2|Volcanion|\n|teampreview\n|inactive|Battle timer is ON: inactive players will automatically lose when time's up. (requested by Shazamwhich)\n|\n|t:|1699229591\n|start\n|switch|p1a: Floatzel|Floatzel, F|100\/100\n|switch|p1b: Leafeon|Leafeon, M|100\/100\n|switch|p2a: Amoonguss|Amoonguss, F|100\/100\n|switch|p2b: Landorus|Landorus-Therian, M|100\/100\n|-ability|p2b: Landorus|Intimidate|boost\n|-unboost|p1a: Floatzel|atk|1\n|-unboost|p1b: Leafeon|atk|1\n|turn|1\n|c|\u2606Shazamwhich|glhf\n|\n|t:|1699229615\n|move|p2b: Landorus|U-turn|p1b: Leafeon\n|-supereffective|p1b: Leafeon\n|-damage|p1b: Leafeon|43\/100\n|\n|t:|1699229624\n|switch|p2b: Volcanion|Volcanion|100\/100|[from] U-turn\n|move|p1a: Floatzel|Blizzard|p2b: Volcanion|[spread] p2a,p2b\n|-supereffective|p2a: Amoonguss\n|-resisted|p2b: Volcanion\n|-damage|p2a: Amoonguss|79\/100\n|-damage|p2b: Volcanion|98\/100\n|-status|p2b: Volcanion|frz\n|move|p1b: Leafeon|X-Scissor|p2a: Amoonguss\n|-damage|p2a: Amoonguss|54\/100\n|move|p2a: Amoonguss|Spore|p1a: Floatzel\n|-status|p1a: Floatzel|slp|[from] move: Spore\n|\n|-heal|p2a: Amoonguss|60\/100|[from] item: Black Sludge\n|upkeep\n|turn|2\n|inactive|thekingarthur.1233 has 120 seconds left.\n|inactive|Shazamwhich has 120 seconds left.\n|\n|t:|1699229661\n|move|p2a: Amoonguss|Protect|p2a: Amoonguss\n|-singleturn|p2a: Amoonguss|Protect\n|cant|p1a: Floatzel|slp\n|move|p1b: Leafeon|X-Scissor|p2a: Amoonguss\n|-activate|p2a: Amoonguss|move: Protect\n|-curestatus|p2b: Volcanion|frz|[from] move: Steam Eruption\n|move|p2b: Volcanion|Steam Eruption|p1a: Floatzel\n|-resisted|p1a: Floatzel\n|-damage|p1a: Floatzel|56\/100 slp\n|\n|-heal|p2a: Amoonguss|67\/100|[from] item: Black Sludge\n|upkeep\n|turn|3\n|inactive|thekingarthur.1233 has 120 seconds left.\n|\n|t:|1699229711\n|switch|p1a: Gallade|Gallade, M|100\/100\n|switch|p1b: Lucario|Lucario, M|100\/100\n|move|p2b: Volcanion|Flamethrower|p1b: Lucario\n|-supereffective|p1b: Lucario\n|-damage|p1b: Lucario|0 fnt\n|faint|p1b: Lucario\n|move|p2a: Amoonguss|Spore|p1a: Gallade\n|-status|p1a: Gallade|slp|[from] move: Spore\n|\n|-heal|p2a: Amoonguss|73\/100|[from] item: Black Sludge\n|upkeep\n|inactive|thekingarthur.1233 has 90 seconds left.\n|\n|t:|1699229725\n|switch|p1b: Garchomp|Garchomp, M|100\/100\n|turn|4\n|inactive|thekingarthur.1233 has 90 seconds left.\n|\n|t:|1699229774\n|switch|p2a: Ogerpon|Ogerpon-Hearthflame, F|100\/100\n|-ability|p2a: Ogerpon|Mold Breaker\n|detailschange|p1a: Gallade|Gallade-Mega, M\n|-mega|p1a: Gallade|Gallade|Galladite\n|cant|p1a: Gallade|slp\n|move|p1b: Garchomp|Dragon Rush|p2b: Volcanion\n|-damage|p2b: Volcanion|52\/100\n|move|p2b: Volcanion|Hidden Power|p1b: Garchomp\n|-supereffective|p1b: Garchomp\n|-damage|p1b: Garchomp|0 fnt\n|faint|p1b: Garchomp\n|\n|upkeep\n|\n|t:|1699229789\n|switch|p1b: Froslass|Froslass, F|100\/100\n|turn|5\n|\n|t:|1699229812\n|move|p2a: Ogerpon|U-turn|p1a: Gallade\n|-damage|p1a: Gallade|64\/100 slp\n|\n|t:|1699229814\n|switch|p2a: Landorus|Landorus-Therian, M|100\/100|[from] U-turn\n|-ability|p2a: Landorus|Intimidate|boost\n|-fail|p1a: Gallade|unboost|Attack|[from] ability: Inner Focus|[of] p1a: Gallade\n|-unboost|p1b: Froslass|atk|1\n|move|p1b: Froslass|Shadow Ball|p2b: Volcanion\n|-damage|p2b: Volcanion|20\/100\n|-unboost|p2b: Volcanion|spd|1\n|-curestatus|p1a: Gallade|slp|[msg]\n|move|p1a: Gallade|Hex|p2a: Landorus\n|-damage|p2a: Landorus|86\/100\n|move|p2b: Volcanion|Flamethrower|p1b: Froslass\n|-supereffective|p1b: Froslass\n|-damage|p1b: Froslass|0 fnt\n|faint|p1b: Froslass\n|\n|upkeep\n|\n|t:|1699229833\n|switch|p1b: Leafeon|Leafeon, M|43\/100\n|turn|6\n|\n|t:|1699229844\n|move|p2a: Landorus|U-turn|p1b: Leafeon\n|-supereffective|p1b: Leafeon\n|-damage|p1b: Leafeon|0 fnt\n|faint|p1b: Leafeon\n|\n|t:|1699229850\n|switch|p2a: Amoonguss|Amoonguss, F|100\/100|[from] U-turn\n|move|p1a: Gallade|Aqua Cutter|p2a: Amoonguss\n|-resisted|p2a: Amoonguss\n|-damage|p2a: Amoonguss|84\/100\n|move|p2b: Volcanion|Steam Eruption|p1a: Gallade\n|-damage|p1a: Gallade|0 fnt\n|faint|p1a: Gallade\n|\n|-heal|p2a: Amoonguss|90\/100|[from] item: Black Sludge\n|upkeep\n|c|\u2606Shazamwhich|gg\n|-message|thekingarthur.1233 forfeited.\n|\n|win|Shazamwhich\n|raw|thekingarthur.1233's rating: 1046 &rarr; <strong>1033<\/strong><br \/>(-13 for losing)\n|raw|Shazamwhich's rating: 1123 &rarr; <strong>1143<\/strong><br \/>(+20 for winning)\n|l|\u2606thekingarthur.1233\n","uploadtime":1699229868,"views":16,"p1id":"thekingarthur1233","p2id":"shazamwhich","formatid":"gen9nationaldexdoubles","rating":1033,"private":0,"password":""}