{"id":"gen9nationaldexdoubles-1963864725","p1":"AlphaApolo","p2":"TurtTurtle","format":"[Gen 9] National Dex Doubles","log":"|j|\u2606AlphaApolo\n|j|\u2606TurtTurtle\n|t:|1696908287\n|gametype|doubles\n|player|p1|AlphaApolo|juan|1122\n|player|p2|TurtTurtle|acetrainer|1106\n|teamsize|p1|6\n|teamsize|p2|6\n|gen|9\n|tier|[Gen 9] National Dex Doubles\n|rated|\n|rule|HP Percentage Mod: HP is shown in percentages\n|rule|Endless Battle Clause: Forcing endless battles is banned\n|rule|OHKO Clause: OHKO moves are banned\n|rule|Evasion Moves Clause: Evasion moves are banned\n|rule|Evasion Abilities Clause: Evasion abilities are banned\n|rule|Species Clause: Limit one of each Pok\u00e9mon\n|rule|Gravity Sleep Clause: The combination of sleep-inducing moves with imperfect accuracy and Gravity or Gigantamax Orbeetle are banned\n|clearpoke\n|poke|p1|Amoonguss, M|\n|poke|p1|Spiritomb, M|\n|poke|p1|Clefable, M|\n|poke|p1|Garchomp, M|\n|poke|p1|Azumarill, M|\n|poke|p1|Indeedee-F, F|\n|poke|p2|Jirachi|\n|poke|p2|Togekiss, F|\n|poke|p2|Incineroar, F|\n|poke|p2|Blastoise, F|\n|poke|p2|Dunsparce, F|\n|poke|p2|Honchkrow, F|\n|teampreview\n|\n|t:|1696908313\n|start\n|switch|p1a: Clefable|Clefable, M, shiny|100\/100\n|switch|p1b: Garchomp|Garchomp, M, shiny|100\/100\n|switch|p2a: Incineroar|Incineroar, F|100\/100\n|switch|p2b: Blastoise|Blastoise, F|100\/100\n|-ability|p2a: Incineroar|Intimidate|boost\n|-unboost|p1a: Clefable|atk|1\n|-unboost|p1b: Garchomp|atk|1\n|turn|1\n|\n|t:|1696908336\n|move|p1a: Clefable|Follow Me|p1a: Clefable\n|-singleturn|p1a: Clefable|move: Follow Me\n|move|p1b: Garchomp|Swords Dance|p1b: Garchomp\n|-boost|p1b: Garchomp|atk|2\n|move|p2b: Blastoise|Water Pledge|p1a: Clefable\n|-waiting|p2b: Blastoise|p2a: Incineroar\n|move|p2a: Incineroar|Fire Pledge|p1a: Clefable|[from]move: Water Pledge\n|-combine\n|-crit|p1a: Clefable\n|-damage|p1a: Clefable|59\/100\n|-sidestart|p2: TurtTurtle|Water Pledge\n|\n|-heal|p1a: Clefable|65\/100|[from] item: Leftovers\n|upkeep\n|turn|2\n|\n|t:|1696908360\n|switch|p2a: Togekiss|Togekiss, F|100\/100\n|detailschange|p1b: Garchomp|Garchomp-Mega, M, shiny\n|-mega|p1b: Garchomp|Garchomp|Garchompite\n|move|p2b: Blastoise|Follow Me|p2b: Blastoise\n|-singleturn|p2b: Blastoise|move: Follow Me\n|move|p1a: Clefable|Follow Me|p1a: Clefable\n|-singleturn|p1a: Clefable|move: Follow Me\n|move|p1b: Garchomp|Dragon Tail|p2b: Blastoise\n|-damage|p2b: Blastoise|43\/100\n|drag|p2b: Jirachi|Jirachi|100\/100\n|\n|-heal|p1a: Clefable|71\/100|[from] item: Leftovers\n|upkeep\n|turn|3\n|\n|t:|1696908377\n|move|p1a: Clefable|Follow Me|p1a: Clefable\n|-singleturn|p1a: Clefable|move: Follow Me\n|move|p1b: Garchomp|Iron Head|p2a: Togekiss\n|-supereffective|p2a: Togekiss\n|-damage|p2a: Togekiss|4\/100\n|move|p2b: Jirachi|Ancient Power|p1a: Clefable\n|-damage|p1a: Clefable|62\/100\n|move|p2a: Togekiss|Ominous Wind|p1a: Clefable\n|-damage|p1a: Clefable|48\/100\n|\n|-heal|p2a: Togekiss|10\/100|[from] item: Leftovers\n|-heal|p1a: Clefable|54\/100|[from] item: Leftovers\n|upkeep\n|turn|4\n|\n|t:|1696908394\n|move|p1b: Garchomp|Iron Head|p2a: Togekiss\n|-supereffective|p2a: Togekiss\n|-damage|p2a: Togekiss|0 fnt\n|faint|p2a: Togekiss\n|move|p2b: Jirachi|Ancient Power|p1a: Clefable\n|-damage|p1a: Clefable|44\/100\n|-boost|p2b: Jirachi|atk|1\n|-boost|p2b: Jirachi|def|1\n|-boost|p2b: Jirachi|spa|1\n|-boost|p2b: Jirachi|spd|1\n|-boost|p2b: Jirachi|spe|1\n|move|p1a: Clefable|Stealth Rock|p2b: Jirachi\n|-sidestart|p2: TurtTurtle|move: Stealth Rock\n|\n|-heal|p1a: Clefable|50\/100|[from] item: Leftovers\n|-sideend|p2: TurtTurtle|Water Pledge\n|upkeep\n|\n|t:|1696908408\n|switch|p2a: Incineroar|Incineroar, F|100\/100\n|-damage|p2a: Incineroar|76\/100|[from] Stealth Rock\n|-ability|p2a: Incineroar|Intimidate|boost\n|-unboost|p1a: Clefable|atk|1\n|-unboost|p1b: Garchomp|atk|1\n|turn|5\n|\n|t:|1696908417\n|move|p2a: Incineroar|Fake Out|p1a: Clefable\n|-damage|p1a: Clefable|35\/100\n|cant|p1a: Clefable|flinch\n|move|p2b: Jirachi|Zen Headbutt|p1b: Garchomp\n|-damage|p1b: Garchomp|67\/100\n|move|p1b: Garchomp|Dragon Tail|p2b: Jirachi\n|-resisted|p2b: Jirachi\n|-damage|p2b: Jirachi|89\/100\n|drag|p2b: Dunsparce|Dunsparce, F|100\/100\n|-damage|p2b: Dunsparce|88\/100|[from] Stealth Rock\n|\n|-heal|p1a: Clefable|41\/100|[from] item: Leftovers\n|upkeep\n|turn|6\n|\n|t:|1696908443\n|move|p1a: Clefable|Follow Me|p1a: Clefable\n|-singleturn|p1a: Clefable|move: Follow Me\n|move|p1b: Garchomp|Swords Dance|p1b: Garchomp\n|-boost|p1b: Garchomp|atk|2\n|move|p2a: Incineroar|Knock Off|p1a: Clefable\n|-resisted|p1a: Clefable\n|-damage|p1a: Clefable|13\/100\n|-enditem|p1a: Clefable|Leftovers|[from] move: Knock Off|[of] p2a: Incineroar\n|move|p2b: Dunsparce|Coil|p2b: Dunsparce\n|-boost|p2b: Dunsparce|atk|1\n|-boost|p2b: Dunsparce|def|1\n|-boost|p2b: Dunsparce|accuracy|1\n|\n|upkeep\n|turn|7\n|\n|t:|1696908461\n|move|p1a: Clefable|Light Screen|p1a: Clefable\n|-sidestart|p1: AlphaApolo|move: Light Screen\n|move|p2a: Incineroar|Fire Pledge|p1a: Clefable\n|-damage|p1a: Clefable|4\/100\n|move|p2b: Dunsparce|Body Slam|p1b: Garchomp\n|-damage|p1b: Garchomp|38\/100\n|-status|p1b: Garchomp|par\n|cant|p1b: Garchomp|par\n|\n|upkeep\n|turn|8\n|\n|t:|1696908481\n|move|p1a: Clefable|Reflect|p1a: Clefable\n|-sidestart|p1: AlphaApolo|Reflect\n|move|p1b: Garchomp|Scale Shot|p2a: Incineroar\n|-damage|p2a: Incineroar|43\/100\n|-damage|p2a: Incineroar|12\/100\n|-damage|p2a: Incineroar|0 fnt\n|faint|p2a: Incineroar\n|-hitcount|p2: Incineroar|3\n|-unboost|p1b: Garchomp|def|1\n|-boost|p1b: Garchomp|spe|1\n|move|p2b: Dunsparce|Rock Slide|p1a: Clefable|[spread] p1a,p1b\n|-resisted|p1b: Garchomp\n|-damage|p1a: Clefable|0 fnt\n|-damage|p1b: Garchomp|32\/100 par\n|faint|p1a: Clefable\n|\n|upkeep\n|\n|t:|1696908503\n|switch|p1a: Indeedee|Indeedee-F, F, shiny|100\/100\n|switch|p2a: Honchkrow|Honchkrow, F|100\/100\n|-fieldstart|move: Psychic Terrain|[from] ability: Psychic Surge|[of] p1a: Indeedee\n|-damage|p2a: Honchkrow|76\/100|[from] Stealth Rock\n|turn|9\n|\n|t:|1696908516\n|cant|p1b: Garchomp|par\n|move|p1a: Indeedee|Heal Pulse|p1b: Garchomp\n|-heal|p1b: Garchomp|83\/100 par\n|move|p2a: Honchkrow|Tailwind|p2a: Honchkrow\n|-sidestart|p2: TurtTurtle|move: Tailwind\n|move|p2b: Dunsparce|Body Slam|p1b: Garchomp\n|-damage|p1b: Garchomp|55\/100 par\n|\n|upkeep\n|turn|10\n|\n|t:|1696908530\n|switch|p2a: Jirachi|Jirachi|89\/100\n|-damage|p2a: Jirachi|82\/100|[from] Stealth Rock\n|move|p2b: Dunsparce|Body Slam|p1a: Indeedee\n|-damage|p1a: Indeedee|71\/100\n|-status|p1a: Indeedee|par\n|move|p1b: Garchomp|Dragon Tail|p2b: Dunsparce|[miss]\n|-miss|p1b: Garchomp|p2b: Dunsparce\n|move|p1a: Indeedee|Trick Room|p1a: Indeedee\n|-fieldstart|move: Trick Room|[of] p1a: Indeedee\n|\n|-heal|p1a: Indeedee|77\/100 par|[from] item: Leftovers\n|-heal|p2a: Jirachi|89\/100|[from] item: Leftovers\n|upkeep\n|turn|11\n|\n|t:|1696908552\n|move|p1a: Indeedee|Heal Pulse|p1b: Garchomp\n|-heal|p1b: Garchomp|100\/100 par\n|move|p2b: Dunsparce|Rock Slide|p1a: Indeedee|[spread] p1a,p1b\n|-resisted|p1b: Garchomp\n|-damage|p1a: Indeedee|63\/100 par\n|-damage|p1b: Garchomp|94\/100 par\n|move|p2a: Jirachi|Ancient Power|p1a: Indeedee\n|-damage|p1a: Indeedee|56\/100 par\n|cant|p1b: Garchomp|flinch\n|\n|-heal|p1a: Indeedee|62\/100 par|[from] item: Leftovers\n|-heal|p2a: Jirachi|95\/100|[from] item: Leftovers\n|-sideend|p1: AlphaApolo|move: Light Screen\n|upkeep\n|turn|12\n|\n|t:|1696908575\n|move|p1a: Indeedee|Expanding Force|p2b: Dunsparce|[spread] p2a,p2b\n|-resisted|p2a: Jirachi\n|-damage|p2a: Jirachi|89\/100\n|-damage|p2b: Dunsparce|67\/100\n|move|p1b: Garchomp|Scale Shot|p2b: Dunsparce\n|-damage|p2b: Dunsparce|51\/100\n|-damage|p2b: Dunsparce|35\/100\n|-damage|p2b: Dunsparce|18\/100\n|-damage|p2b: Dunsparce|2\/100\n|-hitcount|p2b: Dunsparce|4\n|-unboost|p1b: Garchomp|def|1\n|-boost|p1b: Garchomp|spe|1\n|move|p2b: Dunsparce|Rock Slide|p1b: Garchomp|[spread] p1a,p1b\n|-resisted|p1b: Garchomp\n|-damage|p1a: Indeedee|48\/100 par\n|-damage|p1b: Garchomp|86\/100 par\n|move|p2a: Jirachi|Zen Headbutt|p1b: Garchomp\n|-damage|p1b: Garchomp|45\/100 par\n|\n|-heal|p1a: Indeedee|54\/100 par|[from] item: Leftovers\n|-heal|p2a: Jirachi|95\/100|[from] item: Leftovers\n|-sideend|p1: AlphaApolo|Reflect\n|-sideend|p2: TurtTurtle|move: Tailwind\n|upkeep\n|turn|13\n|\n|t:|1696908602\n|move|p1a: Indeedee|Heal Pulse|p1b: Garchomp\n|-heal|p1b: Garchomp|95\/100 par\n|move|p2b: Dunsparce|Rock Slide|p1b: Garchomp|[spread] p1a,p1b\n|-resisted|p1b: Garchomp\n|-damage|p1a: Indeedee|34\/100 par\n|-damage|p1b: Garchomp|84\/100 par\n|move|p2a: Jirachi|Zen Headbutt|p1b: Garchomp\n|-damage|p1b: Garchomp|27\/100 par\n|cant|p1b: Garchomp|flinch\n|\n|-heal|p1a: Indeedee|40\/100 par|[from] item: Leftovers\n|-heal|p2a: Jirachi|100\/100|[from] item: Leftovers\n|-fieldend|move: Psychic Terrain\n|upkeep\n|turn|14\n|\n|t:|1696908620\n|move|p1a: Indeedee|Heal Pulse|p1b: Garchomp\n|-heal|p1b: Garchomp|77\/100 par\n|move|p2b: Dunsparce|Rock Slide|p1b: Garchomp|[spread] p1a,p1b\n|-resisted|p1b: Garchomp\n|-damage|p1a: Indeedee|20\/100 par\n|-damage|p1b: Garchomp|65\/100 par\n|move|p2a: Jirachi|Zen Headbutt|p1b: Garchomp\n|-damage|p1b: Garchomp|16\/100 par\n|cant|p1b: Garchomp|flinch\n|\n|-heal|p1a: Indeedee|26\/100 par|[from] item: Leftovers\n|-fieldend|move: Trick Room\n|upkeep\n|turn|15\n|\n|t:|1696908641\n|move|p1b: Garchomp|Scale Shot|p2a: Jirachi\n|-resisted|p2a: Jirachi\n|-damage|p2a: Jirachi|85\/100\n|-resisted|p2a: Jirachi\n|-damage|p2a: Jirachi|71\/100\n|-resisted|p2a: Jirachi\n|-damage|p2a: Jirachi|56\/100\n|-resisted|p2a: Jirachi\n|-damage|p2a: Jirachi|41\/100\n|-hitcount|p2a: Jirachi|4\n|-unboost|p1b: Garchomp|def|1\n|-boost|p1b: Garchomp|spe|1\n|move|p2a: Jirachi|Ancient Power|p1a: Indeedee\n|-damage|p1a: Indeedee|16\/100 par\n|move|p2b: Dunsparce|Rock Slide|p1b: Garchomp|[spread] p1a,p1b\n|-resisted|p1b: Garchomp\n|-damage|p1a: Indeedee|0 fnt\n|-damage|p1b: Garchomp|2\/100 par\n|faint|p1a: Indeedee\n|\n|-heal|p2a: Jirachi|47\/100|[from] item: Leftovers\n|upkeep\n|\n|t:|1696908669\n|switch|p1a: Azumarill|Azumarill, M, shiny|100\/100\n|turn|16\n|\n|t:|1696908678\n|move|p1a: Azumarill|Aqua Jet|p2b: Dunsparce\n|-damage|p2b: Dunsparce|0 fnt\n|faint|p2b: Dunsparce\n|move|p1b: Garchomp|Scale Shot|p2a: Jirachi\n|-resisted|p2a: Jirachi\n|-damage|p2a: Jirachi|31\/100\n|-resisted|p2a: Jirachi\n|-damage|p2a: Jirachi|15\/100\n|-hitcount|p2a: Jirachi|2\n|-unboost|p1b: Garchomp|def|1\n|-boost|p1b: Garchomp|spe|1\n|move|p2a: Jirachi|Wish|p2a: Jirachi\n|\n|-heal|p2a: Jirachi|21\/100|[from] item: Leftovers\n|upkeep\n|\n|t:|1696908682\n|switch|p2b: Honchkrow|Honchkrow, F|76\/100\n|-damage|p2b: Honchkrow|51\/100|[from] Stealth Rock\n|turn|17\n|\n|t:|1696908698\n|move|p2b: Honchkrow|Sucker Punch|p1b: Garchomp\n|-damage|p1b: Garchomp|0 fnt\n|faint|p1b: Garchomp\n|-ability|p2b: Honchkrow|Moxie|boost\n|-boost|p2b: Honchkrow|atk|1\n|move|p2a: Jirachi|Zen Headbutt|p1a: Azumarill\n|-damage|p1a: Azumarill|72\/100\n|cant|p1a: Azumarill|flinch\n|\n|-heal|p2a: Jirachi|71\/100|[from] move: Wish|[wisher] Jirachi\n|-heal|p2a: Jirachi|77\/100|[from] item: Leftovers\n|upkeep\n|\n|t:|1696908713\n|switch|p1b: Spiritomb|Spiritomb, M, shiny|100\/100\n|turn|18\n|\n|t:|1696908722\n|move|p2a: Jirachi|Zen Headbutt|p1a: Azumarill\n|-damage|p1a: Azumarill|46\/100\n|move|p2b: Honchkrow|Brave Bird|p1a: Azumarill\n|-damage|p1a: Azumarill|0 fnt\n|faint|p1a: Azumarill\n|-ability|p2b: Honchkrow|Moxie|boost\n|-boost|p2b: Honchkrow|atk|1\n|-damage|p2b: Honchkrow|36\/100|[from] Recoil\n|move|p1b: Spiritomb|Trick Room|p1b: Spiritomb\n|-fieldstart|move: Trick Room|[of] p1b: Spiritomb\n|\n|-heal|p2a: Jirachi|83\/100|[from] item: Leftovers\n|upkeep\n|\n|t:|1696908735\n|switch|p1a: Amoonguss|Amoonguss, M, shiny|100\/100\n|turn|19\n|\n|t:|1696908742\n|move|p1a: Amoonguss|Spore|p2b: Honchkrow\n|-status|p2b: Honchkrow|slp|[from] move: Spore\n|move|p1b: Spiritomb|Hex|p2b: Honchkrow\n|-resisted|p2b: Honchkrow\n|-damage|p2b: Honchkrow|0 fnt\n|faint|p2b: Honchkrow\n|move|p2a: Jirachi|Zen Headbutt|p1a: Amoonguss\n|-supereffective|p1a: Amoonguss\n|-damage|p1a: Amoonguss|39\/100\n|\n|-heal|p1a: Amoonguss|45\/100|[from] item: Black Sludge\n|-heal|p2a: Jirachi|90\/100|[from] item: Leftovers\n|upkeep\n|\n|t:|1696908751\n|switch|p2b: Blastoise|Blastoise, F|43\/100\n|-damage|p2b: Blastoise|31\/100|[from] Stealth Rock\n|turn|20\n|\n|t:|1696908767\n|-terastallize|p1b: Spiritomb|Ghost\n|move|p2b: Blastoise|Follow Me|p2b: Blastoise\n|-singleturn|p2b: Blastoise|move: Follow Me\n|move|p1a: Amoonguss|Spore|p2b: Blastoise\n|-status|p2b: Blastoise|slp|[from] move: Spore\n|move|p1b: Spiritomb|Hex|p2b: Blastoise\n|-damage|p2b: Blastoise|0 fnt\n|faint|p2b: Blastoise\n|move|p2a: Jirachi|Zen Headbutt|p1a: Amoonguss\n|-supereffective|p1a: Amoonguss\n|-damage|p1a: Amoonguss|0 fnt\n|faint|p1a: Amoonguss\n|\n|-heal|p2a: Jirachi|96\/100|[from] item: Leftovers\n|upkeep\n|turn|21\n|\n|t:|1696908784\n|-terastallize|p2a: Jirachi|Steel\n|move|p1b: Spiritomb|Hex|p2a: Jirachi\n|-damage|p2a: Jirachi|71\/100\n|move|p2a: Jirachi|Zen Headbutt|p1b: Spiritomb\n|-damage|p1b: Spiritomb|74\/100\n|\n|-heal|p1b: Spiritomb|80\/100|[from] item: Leftovers\n|-heal|p2a: Jirachi|77\/100|[from] item: Leftovers\n|upkeep\n|turn|22\n|\n|t:|1696908797\n|move|p1b: Spiritomb|Hex|p2a: Jirachi\n|-damage|p2a: Jirachi|55\/100\n|move|p2a: Jirachi|Ancient Power|p1b: Spiritomb\n|-damage|p1b: Spiritomb|64\/100\n|-boost|p2a: Jirachi|atk|1\n|-boost|p2a: Jirachi|def|1\n|-boost|p2a: Jirachi|spa|1\n|-boost|p2a: Jirachi|spd|1\n|-boost|p2a: Jirachi|spe|1\n|\n|-heal|p1b: Spiritomb|71\/100|[from] item: Leftovers\n|-heal|p2a: Jirachi|61\/100|[from] item: Leftovers\n|-fieldend|move: Trick Room\n|upkeep\n|turn|23\n|\n|t:|1696908811\n|move|p2a: Jirachi|Zen Headbutt|p1b: Spiritomb|[miss]\n|-miss|p2a: Jirachi|p1b: Spiritomb\n|move|p1b: Spiritomb|Hex|p2a: Jirachi\n|-damage|p2a: Jirachi|45\/100\n|\n|-heal|p2a: Jirachi|51\/100|[from] item: Leftovers\n|-heal|p1b: Spiritomb|77\/100|[from] item: Leftovers\n|upkeep\n|turn|24\n|\n|t:|1696908820\n|move|p2a: Jirachi|Zen Headbutt|p1b: Spiritomb\n|-damage|p1b: Spiritomb|30\/100\n|move|p1b: Spiritomb|Hex|p2a: Jirachi\n|-damage|p2a: Jirachi|34\/100\n|\n|-heal|p2a: Jirachi|40\/100|[from] item: Leftovers\n|-heal|p1b: Spiritomb|36\/100|[from] item: Leftovers\n|upkeep\n|turn|25\n|\n|t:|1696908831\n|move|p2a: Jirachi|Zen Headbutt|p1b: Spiritomb\n|-damage|p1b: Spiritomb|0 fnt\n|faint|p1b: Spiritomb\n|\n|win|TurtTurtle\n|raw|AlphaApolo's rating: 1122 &rarr; <strong>1096<\/strong><br \/>(-26 for losing)\n|raw|TurtTurtle's rating: 1106 &rarr; <strong>1132<\/strong><br \/>(+26 for winning)\n","uploadtime":1696908837,"views":15,"p1id":"alphaapolo","p2id":"turtturtle","formatid":"gen9nationaldexdoubles","rating":1096,"private":0,"password":""}