{"id":"gen9nationaldexdoubles-1982247032","p1":"St0mi","p2":"KingoftheTitans","format":"[Gen 9] National Dex Doubles","log":"|j|\u2606St0mi\n|j|\u2606KingoftheTitans\n|t:|1698984055\n|gametype|doubles\n|player|p1|St0mi|roxie|1213\n|player|p2|KingoftheTitans|102|1093\n|teamsize|p1|6\n|teamsize|p2|6\n|gen|9\n|tier|[Gen 9] National Dex Doubles\n|rated|\n|rule|HP Percentage Mod: HP is shown in percentages\n|rule|Endless Battle Clause: Forcing endless battles is banned\n|rule|OHKO Clause: OHKO moves are banned\n|rule|Evasion Moves Clause: Evasion moves are banned\n|rule|Evasion Abilities Clause: Evasion abilities are banned\n|rule|Species Clause: Limit one of each Pok\u00e9mon\n|rule|Gravity Sleep Clause: The combination of sleep-inducing moves with imperfect accuracy and Gravity or Gigantamax Orbeetle are banned\n|clearpoke\n|poke|p1|Serperior, M|\n|poke|p1|Clefairy, F|\n|poke|p1|Azumarill, M|\n|poke|p1|Indeedee-F, F|\n|poke|p1|Coalossal, M|\n|poke|p1|Furret, M|\n|poke|p2|Raichu, F|\n|poke|p2|Dragonite, F|\n|poke|p2|Gyarados, F|\n|poke|p2|Gengar, M|\n|poke|p2|Aerodactyl, M|\n|poke|p2|Alakazam, M|\n|teampreview\n|inactive|Battle timer is ON: inactive players will automatically lose when time's up. (requested by St0mi)\n|\n|t:|1698984070\n|start\n|switch|p1a: Serperior|Serperior, M|100\/100\n|switch|p1b: Indeedee|Indeedee-F, F|100\/100\n|switch|p2a: Raichu|Raichu, F|100\/100\n|switch|p2b: Gyarados|Gyarados, F, shiny|100\/100\n|-ability|p2b: Gyarados|Intimidate|boost\n|-boost|p1a: Serperior|atk|1\n|-unboost|p1b: Indeedee|atk|1\n|turn|1\n|\n|t:|1698984088\n|switch|p2b: Dragonite|Dragonite, F|100\/100\n|-terastallize|p1a: Serperior|Grass\n|move|p2a: Raichu|Fake Out|p1b: Indeedee\n|-damage|p1b: Indeedee|89\/100\n|cant|p1b: Indeedee|flinch\n|move|p1a: Serperior|Leaf Storm|p2b: Dragonite\n|-resisted|p2b: Dragonite\n|-damage|p2b: Dragonite|78\/100\n|-boost|p1a: Serperior|spa|2\n|\n|-heal|p2b: Dragonite|84\/100|[from] item: Leftovers\n|-heal|p1b: Indeedee|95\/100|[from] item: Leftovers\n|upkeep\n|turn|2\n|\n|t:|1698984106\n|move|p2a: Raichu|Protect|p2a: Raichu\n|-singleturn|p2a: Raichu|Protect\n|move|p1b: Indeedee|Follow Me|p1b: Indeedee\n|-singleturn|p1b: Indeedee|move: Follow Me\n|move|p1a: Serperior|Leaf Storm|p2b: Dragonite\n|-resisted|p2b: Dragonite\n|-damage|p2b: Dragonite|33\/100\n|-boost|p1a: Serperior|spa|2\n|move|p2b: Dragonite|Dragon Dance|p2b: Dragonite\n|-boost|p2b: Dragonite|atk|1\n|-boost|p2b: Dragonite|spe|1\n|\n|-heal|p2b: Dragonite|39\/100|[from] item: Leftovers\n|-heal|p1b: Indeedee|100\/100|[from] item: Leftovers\n|upkeep\n|turn|3\n|\n|t:|1698984123\n|move|p2b: Dragonite|Protect|p2b: Dragonite\n|-singleturn|p2b: Dragonite|Protect\n|move|p1b: Indeedee|Follow Me|p1b: Indeedee\n|-singleturn|p1b: Indeedee|move: Follow Me\n|move|p1a: Serperior|Leaf Storm|p2b: Dragonite\n|-activate|p2b: Dragonite|move: Protect\n|move|p2a: Raichu|Volt Tackle|p1b: Indeedee\n|-damage|p1b: Indeedee|52\/100\n|-damage|p2a: Raichu|79\/100|[from] Recoil\n|\n|-heal|p2b: Dragonite|45\/100|[from] item: Leftovers\n|-heal|p1b: Indeedee|58\/100|[from] item: Leftovers\n|upkeep\n|turn|4\n|inactive|KingoftheTitans has 120 seconds left.\n|\n|t:|1698984154\n|move|p2b: Dragonite|Extreme Speed|p1b: Indeedee\n|-damage|p1b: Indeedee|12\/100\n|move|p1b: Indeedee|Follow Me|p1b: Indeedee\n|-singleturn|p1b: Indeedee|move: Follow Me\n|move|p1a: Serperior|Leaf Storm|p2b: Dragonite\n|-resisted|p2b: Dragonite\n|-damage|p2b: Dragonite|0 fnt\n|-boost|p1a: Serperior|spa|2\n|faint|p2b: Dragonite\n|move|p2a: Raichu|Volt Tackle|p1b: Indeedee\n|-damage|p1b: Indeedee|0 fnt\n|faint|p1b: Indeedee\n|-damage|p2a: Raichu|74\/100|[from] Recoil\n|\n|upkeep\n|\n|t:|1698984170\n|switch|p2b: Gengar|Gengar, M|100\/100\n|switch|p1b: Clefairy|Clefairy, F|100\/100\n|turn|5\n|\n|t:|1698984183\n|move|p1b: Clefairy|Follow Me|p1b: Clefairy\n|-singleturn|p1b: Clefairy|move: Follow Me\n|move|p1a: Serperior|Leaf Storm|p2b: Gengar\n|-resisted|p2b: Gengar\n|-enditem|p2b: Gengar|Focus Sash\n|-damage|p2b: Gengar|1\/100\n|move|p2b: Gengar|Sludge Bomb|p1b: Clefairy\n|-supereffective|p1b: Clefairy\n|-damage|p1b: Clefairy|42\/100\n|-status|p1b: Clefairy|psn\n|move|p2a: Raichu|Volt Tackle|p1b: Clefairy\n|-damage|p1b: Clefairy|0 fnt\n|faint|p1b: Clefairy\n|-damage|p2a: Raichu|56\/100|[from] Recoil\n|\n|upkeep\n|\n|t:|1698984196\n|switch|p1b: Furret|Furret, M|100\/100\n|-item|p2a: Raichu|Focus Sash|[from] ability: Frisk|[of] p1b: Furret|[identify]\n|turn|6\n|\n|t:|1698984214\n|switch|p2a: Alakazam|Alakazam, M|100\/100\n|switch|p2b: Aerodactyl|Aerodactyl, M, shiny|100\/100\n|-ability|p2b: Aerodactyl|Pressure\n|move|p1a: Serperior|Leaf Storm|p2a: Alakazam\n|-damage|p2a: Alakazam|0 fnt\n|faint|p2a: Alakazam\n|move|p1b: Furret|Surf|p2b: Aerodactyl|[spread] p1a,p2b\n|-resisted|p1a: Serperior\n|-supereffective|p2b: Aerodactyl\n|-damage|p1a: Serperior|96\/100\n|-damage|p2b: Aerodactyl|83\/100\n|\n|upkeep\n|\n|t:|1698984227\n|switch|p2a: Raichu|Raichu, F|56\/100\n|turn|7\n|\n|t:|1698984234\n|move|p2a: Raichu|Fake Out|p1a: Serperior\n|-damage|p1a: Serperior|80\/100\n|move|p1b: Furret|Follow Me|p1b: Furret\n|-singleturn|p1b: Furret|move: Follow Me\n|move|p2b: Aerodactyl|Tailwind|p2b: Aerodactyl\n|-sidestart|p2: KingoftheTitans|move: Tailwind\n|cant|p1a: Serperior|flinch\n|\n|upkeep\n|turn|8\n|\n|t:|1698984247\n|move|p2b: Aerodactyl|Protect|p2b: Aerodactyl\n|-singleturn|p2b: Aerodactyl|Protect\n|move|p1b: Furret|Follow Me|p1b: Furret\n|-singleturn|p1b: Furret|move: Follow Me\n|move|p2a: Raichu|Volt Tackle|p1b: Furret\n|-damage|p1b: Furret|36\/100\n|-damage|p2a: Raichu|26\/100|[from] Recoil\n|move|p1a: Serperior|Leaf Storm|p2a: Raichu|[miss]\n|-miss|p1a: Serperior|p2a: Raichu\n|\n|upkeep\n|turn|9\n|\n|t:|1698984260\n|move|p1b: Furret|Follow Me|p1b: Furret\n|-singleturn|p1b: Furret|move: Follow Me\n|move|p2b: Aerodactyl|Dual Wingbeat|p1b: Furret\n|-damage|p1b: Furret|18\/100\n|-damage|p1b: Furret|0 fnt\n|faint|p1b: Furret\n|-hitcount|p1: Furret|2\n|move|p2a: Raichu|Volt Tackle|p1a: Serperior\n|-resisted|p1a: Serperior\n|-damage|p1a: Serperior|44\/100\n|-damage|p2a: Raichu|13\/100|[from] Recoil\n|move|p1a: Serperior|Leaf Storm|p2b: Aerodactyl\n|-damage|p2b: Aerodactyl|0 fnt\n|faint|p2b: Aerodactyl\n|\n|upkeep\n|\n|t:|1698984279\n|switch|p2b: Gengar|Gengar, M|1\/100\n|switch|p1b: Azumarill|Azumarill, M|100\/100\n|turn|10\n|\n|t:|1698984288\n|move|p1b: Azumarill|Aqua Jet|p2b: Gengar\n|-damage|p2b: Gengar|0 fnt\n|faint|p2b: Gengar\n|move|p2a: Raichu|Volt Tackle|p1b: Azumarill\n|-supereffective|p1b: Azumarill\n|-damage|p1b: Azumarill|3\/100\n|-enditem|p1b: Azumarill|Sitrus Berry|[eat]\n|-heal|p1b: Azumarill|28\/100|[from] item: Sitrus Berry\n|-damage|p2a: Raichu|0 fnt|[from] Recoil\n|faint|p2a: Raichu\n|-activate|p1a: Serperior|move: Struggle\n|move|p1a: Serperior|Struggle|p2: Raichu|[notarget]\n|-fail|p1a: Serperior\n|\n|-sideend|p2: KingoftheTitans|move: Tailwind\n|upkeep\n|\n|t:|1698984301\n|switch|p2b: Gyarados|Gyarados, F, shiny|100\/100\n|-ability|p2b: Gyarados|Intimidate|boost\n|-boost|p1a: Serperior|atk|1\n|-unboost|p1b: Azumarill|atk|1\n|turn|11\n|\n|t:|1698984315\n|detailschange|p2b: Gyarados|Gyarados-Mega, F, shiny\n|-mega|p2b: Gyarados|Gyarados|Gyaradosite\n|-ability|p2b: Gyarados|Mold Breaker\n|-activate|p1a: Serperior|move: Struggle\n|move|p1a: Serperior|Struggle|p2b: Gyarados\n|-damage|p2b: Gyarados|86\/100\n|-damage|p1a: Serperior|19\/100|[from] recoil\n|move|p2b: Gyarados|Waterfall|p1a: Serperior\n|-resisted|p1a: Serperior\n|-damage|p1a: Serperior|0 fnt\n|faint|p1a: Serperior\n|move|p1b: Azumarill|Play Rough|p2b: Gyarados\n|-supereffective|p2b: Gyarados\n|-damage|p2b: Gyarados|13\/100\n|\n|upkeep\n|\n|t:|1698984330\n|switch|p1a: Coalossal|Coalossal, M|100\/100\n|turn|12\n|\n|t:|1698984341\n|move|p1b: Azumarill|Aqua Jet|p2b: Gyarados\n|-resisted|p2b: Gyarados\n|-damage|p2b: Gyarados|5\/100\n|move|p2b: Gyarados|Earthquake|p1b: Azumarill|[spread] p1a,p1b\n|-supereffective|p1a: Coalossal\n|-damage|p1a: Coalossal|13\/100\n|-damage|p1b: Azumarill|0 fnt\n|-enditem|p1a: Coalossal|Weakness Policy\n|-boost|p1a: Coalossal|atk|2|[from] item: Weakness Policy\n|-boost|p1a: Coalossal|spa|2|[from] item: Weakness Policy\n|faint|p1b: Azumarill\n|move|p1a: Coalossal|Power Gem|p2b: Gyarados\n|-damage|p2b: Gyarados|0 fnt\n|faint|p2b: Gyarados\n|\n|win|St0mi\n|raw|St0mi's rating: 1213 &rarr; <strong>1230<\/strong><br \/>(+17 for winning)\n|raw|KingoftheTitans's rating: 1093 &rarr; <strong>1077<\/strong><br \/>(-16 for losing)\n","uploadtime":1698984354,"views":8,"p1id":"st0mi","p2id":"kingofthetitans","formatid":"gen9nationaldexdoubles","rating":1077,"private":0,"password":""}