{"id":"gen9nationaldexdoubles-1995011743","p1":"OhiosBestTrainer","p2":"catareo 12","format":"[Gen 9] National Dex Doubles","log":"|j|\u2606OhiosBestTrainer\n|j|\u2606catareo 12\n|t:|1700513219\n|gametype|doubles\n|player|p1|OhiosBestTrainer|clemont|1088\n|player|p2|catareo 12|candice|1106\n|teamsize|p1|6\n|teamsize|p2|6\n|gen|9\n|tier|[Gen 9] National Dex Doubles\n|rated|\n|rule|HP Percentage Mod: HP is shown in percentages\n|rule|Endless Battle Clause: Forcing endless battles is banned\n|rule|OHKO Clause: OHKO moves are banned\n|rule|Evasion Moves Clause: Evasion moves are banned\n|rule|Evasion Abilities Clause: Evasion abilities are banned\n|rule|Species Clause: Limit one of each Pok\u00e9mon\n|rule|Gravity Sleep Clause: The combination of sleep-inducing moves with imperfect accuracy and Gravity or Gigantamax Orbeetle are banned\n|clearpoke\n|poke|p1|Blacephalon|\n|poke|p1|Gardevoir, M|\n|poke|p1|Chansey, F|\n|poke|p1|Glimmora, M|\n|poke|p1|Jirachi|\n|poke|p1|Azumarill, F|\n|poke|p2|Eevee, F|\n|poke|p2|Meloetta|\n|poke|p2|Hoopa-Unbound|\n|poke|p2|Flamigo, M|\n|poke|p2|Palafin, F|\n|poke|p2|Salamence, M|\n|teampreview\n|\n|t:|1700513235\n|start\n|switch|p1a: Blacephalon|Blacephalon|100\/100\n|switch|p1b: Gardevoir|Gardevoir, M, shiny|100\/100\n|switch|p2a: Eevee|Eevee, F|100\/100\n|switch|p2b: Palafin|Palafin, F|100\/100\n|turn|1\n|\n|t:|1700513259\n|detailschange|p2b: Palafin|Palafin-Hero, F\n|switch|p2b: Salamence|Salamence, M|100\/100\n|-ability|p2b: Salamence|Intimidate|boost\n|-unboost|p1a: Blacephalon|atk|1\n|-unboost|p1b: Gardevoir|atk|1\n|move|p1a: Blacephalon|Mind Blown|p2b: Salamence|[spread] p2a,p2b\n|-activate|p1b: Gardevoir|ability: Telepathy\n|-resisted|p2b: Salamence\n|-damage|p2a: Eevee|0 fnt\n|-damage|p2b: Salamence|49\/100\n|-damage|p1a: Blacephalon|50\/100|[from] mindblown\n|faint|p2a: Eevee\n|-ability|p1a: Blacephalon|Beast Boost|boost\n|-boost|p1a: Blacephalon|spa|1\n|move|p1b: Gardevoir|Heal Pulse|p1a: Blacephalon\n|-heal|p1a: Blacephalon|100\/100\n|\n|upkeep\n|\n|t:|1700513278\n|switch|p2a: Meloetta|Meloetta|100\/100\n|turn|2\n|\n|t:|1700513294\n|move|p2b: Salamence|Protect|p2b: Salamence\n|-singleturn|p2b: Salamence|Protect\n|move|p1a: Blacephalon|Mind Blown|p2a: Meloetta|[spread] p2a\n|-activate|p2b: Salamence|move: Protect\n|-activate|p1b: Gardevoir|ability: Telepathy\n|-damage|p2a: Meloetta|0 fnt\n|-damage|p1a: Blacephalon|50\/100|[from] mindblown\n|faint|p2a: Meloetta\n|-ability|p1a: Blacephalon|Beast Boost|boost\n|-boost|p1a: Blacephalon|spa|1\n|move|p1b: Gardevoir|Heal Pulse|p1a: Blacephalon\n|-heal|p1a: Blacephalon|100\/100\n|\n|upkeep\n|\n|t:|1700513312\n|switch|p2a: Palafin|Palafin-Hero, F|100\/100\n|-activate|p2a: Palafin|ability: Zero to Hero\n|turn|3\n|c|\u2606OhiosBestTrainer|wow\n|\n|t:|1700513327\n|detailschange|p2b: Salamence|Salamence-Mega, M\n|-mega|p2b: Salamence|Salamence|Salamencite\n|move|p2b: Salamence|Dual Wingbeat|p1a: Blacephalon|[miss]\n|-miss|p2b: Salamence|p1a: Blacephalon\n|move|p1a: Blacephalon|Mind Blown|p2b: Salamence|[spread] p2a,p2b\n|-activate|p1b: Gardevoir|ability: Telepathy\n|-resisted|p2a: Palafin\n|-resisted|p2b: Salamence\n|-damage|p2a: Palafin|11\/100\n|-damage|p2b: Salamence|0 fnt\n|-damage|p1a: Blacephalon|50\/100|[from] mindblown\n|faint|p2b: Salamence\n|-ability|p1a: Blacephalon|Beast Boost|boost\n|-boost|p1a: Blacephalon|spa|1\n|move|p1b: Gardevoir|Heal Pulse|p1a: Blacephalon\n|-heal|p1a: Blacephalon|100\/100\n|move|p2a: Palafin|Waterfall|p1a: Blacephalon\n|-supereffective|p1a: Blacephalon\n|-damage|p1a: Blacephalon|0 fnt\n|faint|p1a: Blacephalon\n|-damage|p2a: Palafin|1\/100|[from] item: Life Orb\n|\n|upkeep\n|\n|t:|1700513355\n|switch|p2b: Hoopa|Hoopa-Unbound|100\/100\n|switch|p1a: Glimmora|Glimmora, M|100\/100\n|turn|4\n|\n|t:|1700513384\n|detailschange|p1b: Gardevoir|Gardevoir-Mega, M, shiny\n|-mega|p1b: Gardevoir|Gardevoir|Gardevoirite\n|move|p1b: Gardevoir|Moonblast|p2b: Hoopa\n|-supereffective|p2b: Hoopa\n|-damage|p2b: Hoopa|0 fnt\n|faint|p2b: Hoopa\n|move|p2a: Palafin|Waterfall|p1a: Glimmora\n|-supereffective|p1a: Glimmora\n|-damage|p1a: Glimmora|26\/100\n|-activate|p1a: Glimmora|ability: Toxic Debris\n|-sidestart|p2: catareo 12|move: Toxic Spikes\n|-damage|p2a: Palafin|0 fnt|[from] item: Life Orb\n|faint|p2a: Palafin\n|move|p1a: Glimmora|Mortal Spin|p2: Palafin|[notarget]\n|-fail|p1a: Glimmora\n|\n|-heal|p1a: Glimmora|32\/100|[from] item: Leftovers\n|upkeep\n|\n|t:|1700513401\n|switch|p2a: Flamigo|Flamigo, M|100\/100\n|turn|5\n|\n|t:|1700513421\n|-terastallize|p2a: Flamigo|Flying\n|move|p2a: Flamigo|Brave Bird|p1a: Glimmora\n|-resisted|p1a: Glimmora\n|-damage|p1a: Glimmora|8\/100\n|-activate|p1a: Glimmora|ability: Toxic Debris\n|-sidestart|p2: catareo 12|move: Toxic Spikes\n|-damage|p2a: Flamigo|91\/100|[from] Recoil\n|move|p1b: Gardevoir|Moonblast|p2a: Flamigo\n|-damage|p2a: Flamigo|10\/100\n|move|p1a: Glimmora|Mortal Spin|p2a: Flamigo\n|-damage|p2a: Flamigo|1\/100\n|-status|p2a: Flamigo|psn\n|\n|-heal|p1a: Glimmora|14\/100|[from] item: Leftovers\n|-damage|p2a: Flamigo|0 fnt|[from] psn\n|faint|p2a: Flamigo\n|\n|win|OhiosBestTrainer\n|upkeep\n|raw|OhiosBestTrainer's rating: 1088 &rarr; <strong>1116<\/strong><br \/>(+28 for winning)\n|raw|catareo 12's rating: 1106 &rarr; <strong>1080<\/strong><br \/>(-26 for losing)\n|l|\u2606catareo 12\n|c|\u2606OhiosBestTrainer|GGS\n","uploadtime":1700513454,"views":1,"p1id":"ohiosbesttrainer","p2id":"catareo12","formatid":"gen9nationaldexdoubles","rating":1080,"private":0,"password":""}