{"id":"gen9nationaldexdoubles-1993617491","p1":"Jam35_Name","p2":"xephos223","format":"[Gen 9] National Dex Doubles","log":"|j|\u2606Jam35_Name\n|j|\u2606xephos223\n|t:|1700338005\n|gametype|doubles\n|player|p1|Jam35_Name|policeman|\n|player|p2|xephos223|gambler|\n|teamsize|p1|6\n|teamsize|p2|6\n|gen|9\n|tier|[Gen 9] National Dex Doubles\n|rule|HP Percentage Mod: HP is shown in percentages\n|rule|Endless Battle Clause: Forcing endless battles is banned\n|rule|OHKO Clause: OHKO moves are banned\n|rule|Evasion Moves Clause: Evasion moves are banned\n|rule|Evasion Abilities Clause: Evasion abilities are banned\n|rule|Species Clause: Limit one of each Pok\u00e9mon\n|rule|Gravity Sleep Clause: The combination of sleep-inducing moves with imperfect accuracy and Gravity or Gigantamax Orbeetle are banned\n|clearpoke\n|poke|p1|Blastoise, F|\n|poke|p1|Ditto|\n|poke|p1|Cloyster, F|\n|poke|p1|Magneton|\n|poke|p1|Mew|\n|poke|p1|Chansey, F|\n|poke|p2|Gallade, M|\n|poke|p2|Garchomp, F|\n|poke|p2|Magnezone|\n|poke|p2|Gastrodon, M|\n|poke|p2|Togekiss, F|\n|poke|p2|Lucario, F|\n|teampreview\n|\n|t:|1700338047\n|start\n|switch|p1a: Kinda Sus|Cloyster, F, shiny|100\/100\n|switch|p1b: Tutel :)|Blastoise, F|100\/100\n|switch|p2a: Beep Boop|Magnezone|100\/100\n|switch|p2b: Budget Swampert|Gastrodon, M|100\/100\n|turn|1\n|\n|t:|1700338074\n|detailschange|p1b: Tutel :)|Blastoise-Mega, F\n|-mega|p1b: Tutel :)|Blastoise|Blastoisinite\n|-terastallize|p1a: Kinda Sus|Electric\n|-terastallize|p2a: Beep Boop|Flying\n|move|p1b: Tutel :)|Protect|p1b: Tutel :)\n|-singleturn|p1b: Tutel :)|Protect\n|move|p1a: Kinda Sus|Shell Smash|p1a: Kinda Sus\n|-unboost|p1a: Kinda Sus|def|1\n|-unboost|p1a: Kinda Sus|spd|1\n|-boost|p1a: Kinda Sus|atk|2\n|-boost|p1a: Kinda Sus|spa|2\n|-boost|p1a: Kinda Sus|spe|2\n|move|p2a: Beep Boop|Discharge|p1a: Kinda Sus|[spread] p1a\n|-activate|p1b: Tutel :)|move: Protect\n|-immune|p2b: Budget Swampert\n|-resisted|p1a: Kinda Sus\n|-damage|p1a: Kinda Sus|36\/100\n|move|p2b: Budget Swampert|Earthquake|p1a: Kinda Sus|[spread] p1a\n|-activate|p1b: Tutel :)|move: Protect\n|-immune|p2a: Beep Boop\n|-supereffective|p1a: Kinda Sus\n|-damage|p1a: Kinda Sus|0 fnt\n|faint|p1a: Kinda Sus\n|\n|upkeep\n|\n|t:|1700338096\n|switch|p1a: Balls|Magneton|100\/100\n|turn|2\n|\n|t:|1700338143\n|switch|p1b: Cat|Mew, shiny|100\/100\n|move|p1a: Balls|Thunderbolt|p2a: Beep Boop\n|-supereffective|p2a: Beep Boop\n|-damage|p2a: Beep Boop|15\/100\n|move|p2a: Beep Boop|Discharge|p1a: Balls|[spread] p1a,p1b\n|-immune|p2b: Budget Swampert\n|-resisted|p1a: Balls\n|-damage|p1a: Balls|87\/100\n|-damage|p1b: Cat|78\/100\n|-status|p1b: Cat|par\n|-activate|p1b: Cat|ability: Synchronize\n|-status|p2a: Beep Boop|par\n|move|p2b: Budget Swampert|Earthquake|p1b: Cat|[spread] p1a,p1b\n|-immune|p2a: Beep Boop\n|-supereffective|p1a: Balls\n|-damage|p1a: Balls|30\/100\n|-damage|p1b: Cat|59\/100 par\n|\n|-heal|p1b: Cat|65\/100 par|[from] item: Leftovers\n|upkeep\n|turn|3\n|\n|t:|1700338167\n|move|p1a: Balls|Thunderbolt|p2a: Beep Boop\n|-supereffective|p2a: Beep Boop\n|-damage|p2a: Beep Boop|0 fnt\n|faint|p2a: Beep Boop\n|move|p1b: Cat|Cosmic Power|p1b: Cat\n|-boost|p1b: Cat|def|1\n|-boost|p1b: Cat|spd|1\n|move|p2b: Budget Swampert|Earthquake|p1b: Cat|[spread] p1a,p1b\n|-supereffective|p1a: Balls\n|-damage|p1a: Balls|0 fnt\n|-damage|p1b: Cat|53\/100 par\n|faint|p1a: Balls\n|\n|-heal|p1b: Cat|59\/100 par|[from] item: Leftovers\n|upkeep\n|\n|t:|1700338188\n|switch|p1a: Tutel :)|Blastoise-Mega, F|100\/100\n|switch|p2a: :)|Togekiss, F|100\/100\n|turn|4\n|\n|t:|1700338197\n|move|p1b: Cat|Ally Switch|p1b: Cat\n|swap|p1b: Cat|0|[from] move: Ally Switch\n|move|p2a: :)|Air Slash|p1a: Cat\n|-damage|p1a: Cat|44\/100 par\n|move|p1b: Tutel :)|Shell Smash|p1b: Tutel :)\n|-unboost|p1b: Tutel :)|def|1\n|-unboost|p1b: Tutel :)|spd|1\n|-boost|p1b: Tutel :)|atk|2\n|-boost|p1b: Tutel :)|spa|2\n|-boost|p1b: Tutel :)|spe|2\n|move|p2b: Budget Swampert|Earthquake|p1a: Cat|[spread] p1a,p1b\n|-immune|p2a: :)\n|-damage|p1a: Cat|32\/100 par\n|-damage|p1b: Tutel :)|66\/100\n|\n|-heal|p1a: Cat|39\/100 par|[from] item: Leftovers\n|upkeep\n|turn|5\n|\n|t:|1700338222\n|move|p1b: Tutel :)|Water Spout|p2a: :)|[spread] p2a\n|-ability|p2b: Budget Swampert|Storm Drain|boost\n|-boost|p2b: Budget Swampert|spa|1\n|-damage|p2a: :)|24\/100\n|-enditem|p2a: :)|Salac Berry|[eat]\n|-boost|p2a: :)|spe|1|[from] item: Salac Berry\n|move|p2a: :)|Air Slash|p1a: Cat\n|-damage|p1a: Cat|23\/100 par\n|move|p1a: Cat|Life Dew|p1a: Cat|[spread] p1a,p1b\n|-heal|p1a: Cat|48\/100 par\n|-heal|p1b: Tutel :)|91\/100\n|move|p2b: Budget Swampert|Earthquake|p1a: Cat|[spread] p1a,p1b\n|-immune|p2a: :)\n|-damage|p1a: Cat|35\/100 par\n|-damage|p1b: Tutel :)|61\/100\n|\n|-heal|p1a: Cat|41\/100 par|[from] item: Leftovers\n|upkeep\n|turn|6\n|\n|t:|1700338251\n|move|p1a: Cat|Helping Hand|p1b: Tutel :)\n|-singleturn|p1b: Tutel :)|Helping Hand|[of] p1a: Cat\n|move|p1b: Tutel :)|Water Spout|p2b: Budget Swampert|[spread] p2a\n|-ability|p2b: Budget Swampert|Storm Drain|boost\n|-boost|p2b: Budget Swampert|spa|1\n|-damage|p2a: :)|0 fnt\n|faint|p2a: :)\n|move|p2b: Budget Swampert|Earthquake|p1a: Cat|[spread] p1a,p1b\n|-damage|p1a: Cat|29\/100 par\n|-damage|p1b: Tutel :)|27\/100\n|\n|-heal|p1a: Cat|35\/100 par|[from] item: Leftovers\n|upkeep\n|\n|t:|1700338262\n|switch|p2a: Not a Mega|Lucario, F|100\/100\n|turn|7\n|\n|t:|1700338269\n|detailschange|p2a: Not a Mega|Lucario-Mega, F\n|-mega|p2a: Not a Mega|Lucario|Lucarionite\n|move|p1b: Tutel :)|Protect|p1b: Tutel :)\n|-singleturn|p1b: Tutel :)|Protect\n|move|p2a: Not a Mega|Bullet Punch|p1b: Tutel :)\n|-activate|p1b: Tutel :)|move: Protect\n|cant|p1a: Cat|par\n|move|p2b: Budget Swampert|Ice Beam|p1b: Tutel :)\n|-activate|p1b: Tutel :)|move: Protect\n|\n|-heal|p1a: Cat|42\/100 par|[from] item: Leftovers\n|upkeep\n|turn|8\n|\n|t:|1700338293\n|switch|p1b: The Dittler|Ditto, shiny|100\/100\n|-transform|p1b: The Dittler|p2a: Not a Mega|[from] ability: Imposter\n|move|p2a: Not a Mega|Bullet Punch|p1b: The Dittler\n|-resisted|p1b: The Dittler\n|-damage|p1b: The Dittler|82\/100\n|move|p1a: Cat|Life Dew|p1a: Cat|[spread] p1a,p1b\n|-heal|p1a: Cat|67\/100 par\n|-heal|p1b: The Dittler|100\/100\n|move|p2b: Budget Swampert|Ice Beam|p1b: The Dittler\n|-resisted|p1b: The Dittler\n|-damage|p1b: The Dittler|61\/100\n|-status|p1b: The Dittler|frz\n|\n|-heal|p1a: Cat|73\/100 par|[from] item: Leftovers\n|upkeep\n|turn|9\n|\n|t:|1700338321\n|cant|p1b: The Dittler|frz\n|move|p2a: Not a Mega|Close Combat|p1b: The Dittler\n|-supereffective|p1b: The Dittler\n|-damage|p1b: The Dittler|0 fnt\n|-unboost|p2a: Not a Mega|def|1\n|-unboost|p2a: Not a Mega|spd|1\n|faint|p1b: The Dittler\n|move|p1a: Cat|Life Dew|p1a: Cat\n|-heal|p1a: Cat|98\/100 par\n|move|p2b: Budget Swampert|Ice Beam|p1a: Cat\n|-damage|p1a: Cat|76\/100 par\n|\n|-heal|p1a: Cat|82\/100 par|[from] item: Leftovers\n|upkeep\n|\n|t:|1700338338\n|switch|p1b: Oeuf|Chansey, F|100\/100\n|turn|10\n|\n|t:|1700338357\n|move|p1b: Oeuf|Ally Switch|p1b: Oeuf\n|swap|p1b: Oeuf|0|[from] move: Ally Switch\n|move|p2a: Not a Mega|Close Combat|p1b: Cat\n|-resisted|p1b: Cat\n|-damage|p1b: Cat|56\/100 par\n|-unboost|p2a: Not a Mega|def|1\n|-unboost|p2a: Not a Mega|spd|1\n|cant|p1b: Cat|par\n|move|p2b: Budget Swampert|Stealth Rock|p1a: Oeuf\n|-sidestart|p1: Jam35_Name|move: Stealth Rock\n|\n|-heal|p1b: Cat|62\/100 par|[from] item: Leftovers\n|upkeep\n|turn|11\n|\n|t:|1700338375\n|move|p1a: Oeuf|Ally Switch||[still]\n|-fail|p1a: Oeuf\n|move|p1b: Cat|Ally Switch|p1b: Cat\n|swap|p1b: Cat|0|[from] move: Ally Switch\n|move|p2a: Not a Mega|Meteor Mash|p1b: Oeuf\n|-damage|p1b: Oeuf|56\/100\n|move|p2b: Budget Swampert|Ice Beam|p1a: Cat\n|-damage|p1a: Cat|40\/100 par\n|\n|-heal|p1a: Cat|46\/100 par|[from] item: Leftovers\n|upkeep\n|turn|12\n|\n|t:|1700338389\n|move|p2a: Not a Mega|Meteor Mash|p1b: Oeuf\n|-damage|p1b: Oeuf|8\/100\n|move|p1b: Oeuf|Reflect|p1b: Oeuf\n|-sidestart|p1: Jam35_Name|Reflect\n|move|p1a: Cat|Life Dew|p1a: Cat|[spread] p1a,p1b\n|-heal|p1a: Cat|71\/100 par\n|-heal|p1b: Oeuf|33\/100\n|move|p2b: Budget Swampert|Ice Beam|p1a: Cat\n|-damage|p1a: Cat|49\/100 par\n|\n|-heal|p1a: Cat|55\/100 par|[from] item: Leftovers\n|upkeep\n|turn|13\n|\n|t:|1700338405\n|move|p1b: Oeuf|Ally Switch|p1b: Oeuf\n|swap|p1b: Oeuf|0|[from] move: Ally Switch\n|move|p2a: Not a Mega|Swords Dance|p2a: Not a Mega\n|-boost|p2a: Not a Mega|atk|2\n|cant|p1b: Cat|par\n|move|p2b: Budget Swampert|Ice Beam|p1a: Oeuf\n|-damage|p1a: Oeuf|18\/100\n|\n|-activate|p1a: Oeuf|ability: Healer\n|-curestatus|p1b: Cat|par|[msg]\n|-heal|p1b: Cat|61\/100|[from] item: Leftovers\n|upkeep\n|turn|14\n|\n|t:|1700338428\n|move|p2a: Not a Mega|Meteor Mash|p1b: Cat\n|-damage|p1b: Cat|6\/100\n|move|p1b: Cat|Cosmic Power|p1b: Cat\n|-boost|p1b: Cat|def|1\n|-boost|p1b: Cat|spd|1\n|move|p1a: Oeuf|Heal Pulse|p1b: Cat\n|-heal|p1b: Cat|56\/100\n|move|p2b: Budget Swampert|Ice Beam|p1a: Oeuf\n|-damage|p1a: Oeuf|3\/100\n|\n|-heal|p1b: Cat|62\/100|[from] item: Leftovers\n|upkeep\n|turn|15\n|\n|t:|1700338444\n|move|p1a: Oeuf|Ally Switch|p1a: Oeuf\n|swap|p1a: Oeuf|1|[from] move: Ally Switch\n|move|p2a: Not a Mega|Meteor Mash|p1b: Oeuf\n|-damage|p1b: Oeuf|0 fnt\n|faint|p1b: Oeuf\n|move|p1a: Cat|Cosmic Power|p1a: Cat\n|-boost|p1a: Cat|def|1\n|-boost|p1a: Cat|spd|1\n|move|p2b: Budget Swampert|Ice Beam|p1a: Cat\n|-crit|p1a: Cat\n|-damage|p1a: Cat|14\/100\n|-status|p1a: Cat|frz\n|\n|-heal|p1a: Cat|20\/100 frz|[from] item: Leftovers\n|upkeep\n|\n|t:|1700338460\n|switch|p1b: Tutel :)|Blastoise-Mega, F|27\/100\n|-damage|p1b: Tutel :)|15\/100|[from] Stealth Rock\n|turn|16\n|\n|t:|1700338468\n|cant|p1a: Cat|frz\n|move|p2a: Not a Mega|Bullet Punch|p1b: Tutel :)\n|-resisted|p1b: Tutel :)\n|-damage|p1b: Tutel :)|0 fnt\n|faint|p1b: Tutel :)\n|move|p2b: Budget Swampert|Ice Beam|p1a: Cat\n|-damage|p1a: Cat|6\/100 frz\n|\n|-heal|p1a: Cat|12\/100 frz|[from] item: Leftovers\n|-sideend|p1: Jam35_Name|Reflect\n|upkeep\n|turn|17\n|\n|t:|1700338484\n|move|p2a: Not a Mega|Bullet Punch|p1a: Cat\n|-damage|p1a: Cat|0 fnt\n|faint|p1a: Cat\n|\n|win|xephos223\n","uploadtime":1700338490,"views":6,"p1id":"jam35name","p2id":"xephos223","formatid":"gen9nationaldexdoubles","rating":0,"private":0,"password":""}