{"id":"gen9nationaldexdoubles-1992260084","p1":"UltraVapor","p2":"soefire","format":"[Gen 9] National Dex Doubles","log":"|j|\u2606UltraVapor\n|j|\u2606soefire\n|t:|1700168585\n|gametype|doubles\n|player|p1|UltraVapor|shelly|1142\n|player|p2|soefire|nate|1000\n|teamsize|p1|6\n|teamsize|p2|6\n|gen|9\n|tier|[Gen 9] National Dex Doubles\n|rated|\n|rule|HP Percentage Mod: HP is shown in percentages\n|rule|Endless Battle Clause: Forcing endless battles is banned\n|rule|OHKO Clause: OHKO moves are banned\n|rule|Evasion Moves Clause: Evasion moves are banned\n|rule|Evasion Abilities Clause: Evasion abilities are banned\n|rule|Species Clause: Limit one of each Pok\u00e9mon\n|rule|Gravity Sleep Clause: The combination of sleep-inducing moves with imperfect accuracy and Gravity or Gigantamax Orbeetle are banned\n|clearpoke\n|poke|p1|Ninetales, F|\n|poke|p1|Chi-Yu|\n|poke|p1|Ogerpon-Hearthflame, F|\n|poke|p1|Walking Wake|\n|poke|p1|Skeledirge, M|\n|poke|p1|Oricorio, F|\n|poke|p2|Goodra, F|\n|poke|p2|Dachsbun, M|\n|poke|p2|Hatterene, F|\n|poke|p2|Scyther, M|\n|poke|p2|Grimmsnarl, M|\n|poke|p2|Hariyama, M|\n|teampreview\n|c|\u2606soefire|glhf\n|\n|t:|1700168597\n|start\n|switch|p1a: Summer|Ninetales, F|100\/100\n|switch|p1b: Louisiana|Skeledirge, M, shiny|100\/100\n|switch|p2a: Loopy|Goodra, F|100\/100\n|switch|p2b: Shreck|Grimmsnarl, M|100\/100\n|-weather|SunnyDay|[from] ability: Drought|[of] p1a: Summer\n|turn|1\n|\n|t:|1700168624\n|move|p1a: Summer|Nasty Plot|p1a: Summer\n|-boost|p1a: Summer|spa|2\n|move|p2a: Loopy|Dragon Pulse|p1a: Summer\n|-damage|p1a: Summer|55\/100\n|move|p2b: Shreck|False Surrender|p1a: Summer\n|-damage|p1a: Summer|0 fnt\n|faint|p1a: Summer\n|move|p1b: Louisiana|Torch Song|p2b: Shreck\n|-damage|p2b: Shreck|0 fnt\n|-boost|p1b: Louisiana|spa|1\n|faint|p2b: Shreck\n|\n|-weather|SunnyDay|[upkeep]\n|upkeep\n|\n|t:|1700168644\n|switch|p1a: BIDEN BLAST|Chi-Yu|100\/100\n|switch|p2b: Fluffy|Hariyama, M|100\/100\n|-ability|p1a: BIDEN BLAST|Beads of Ruin\n|turn|2\n|c|\u2606soefire|i like ur names lol\n|c|\u2606UltraVapor|ty lol\n|c|\u2606soefire|np\n|c|\u2606UltraVapor|i like Loopy\n|c|\u2606soefire|thanks\n|c|\u2606UltraVapor|goodra is a fav of mine\n|c|\u2606soefire|thats cool\n|\n|t:|1700168685\n|move|p1a: BIDEN BLAST|Hex|p2a: Loopy\n|-damage|p2a: Loopy|80\/100\n|move|p2a: Loopy|Dragon Pulse|p1b: Louisiana\n|-damage|p1b: Louisiana|45\/100\n|move|p1b: Louisiana|Torch Song|p2b: Fluffy\n|-damage|p2b: Fluffy|0 fnt\n|-boost|p1b: Louisiana|spa|1\n|faint|p2b: Fluffy\n|\n|-weather|SunnyDay|[upkeep]\n|-heal|p2a: Loopy|87\/100|[from] item: Leftovers\n|upkeep\n|c|\u2606soefire|i kinda throw random mons together cuz idk what im doing\n|\n|t:|1700168699\n|switch|p2b: Alea|Hatterene, F, shiny|100\/100\n|turn|3\n|c|\u2606UltraVapor|fair\n|c|\u2606UltraVapor|same but i make theme teams so its easier\n|\n|t:|1700168720\n|move|p1a: BIDEN BLAST|Dark Pulse|p2b: Alea\n|-damage|p2b: Alea|23\/100\n|move|p2a: Loopy|Dragon Pulse|p1b: Louisiana\n|-damage|p1b: Louisiana|0 fnt\n|faint|p1b: Louisiana\n|move|p2b: Alea|Dark Pulse|p1a: BIDEN BLAST\n|-resisted|p1a: BIDEN BLAST\n|-damage|p1a: BIDEN BLAST|83\/100\n|\n|-weather|SunnyDay|[upkeep]\n|-heal|p2a: Loopy|93\/100|[from] item: Leftovers\n|upkeep\n|c|\u2606soefire|thats cool\n|c|\u2606soefire|im assuming fire was this theme\n|c|\u2606UltraVapor|sun\n|\n|t:|1700168732\n|switch|p1b: Oricorio|Oricorio, F, shiny|100\/100\n|turn|4\n|c|\u2606soefire|ohhh neat\n|\n|t:|1700168749\n|move|p1a: BIDEN BLAST|Hex|p2b: Alea\n|-supereffective|p2b: Alea\n|-damage|p2b: Alea|0 fnt\n|faint|p2b: Alea\n|move|p1b: Oricorio|Quiver Dance|p1b: Oricorio\n|-boost|p1b: Oricorio|spa|1\n|-boost|p1b: Oricorio|spd|1\n|-boost|p1b: Oricorio|spe|1\n|move|p2a: Loopy|Blizzard|p1b: Oricorio|[spread] p1a,p1b\n|-resisted|p1a: BIDEN BLAST\n|-damage|p1a: BIDEN BLAST|68\/100\n|-damage|p1b: Oricorio|66\/100\n|\n|-weather|SunnyDay|[upkeep]\n|-heal|p2a: Loopy|99\/100|[from] item: Leftovers\n|upkeep\n|\n|t:|1700168763\n|switch|p2b: Baron|Dachsbun, M|100\/100\n|turn|5\n|c|\u2606soefire|like all of my team has a fire weakness lol\n|c|\u2606soefire|except for 2\n|c|\u2606UltraVapor|lol\n|\n|t:|1700168790\n|move|p1b: Oricorio|Revelation Dance|p2b: Baron\n|-ability|p2b: Baron|Well-Baked Body|boost\n|-boost|p2b: Baron|def|2\n|move|p1a: BIDEN BLAST|Dark Pulse|p2a: Loopy\n|-damage|p2a: Loopy|63\/100\n|move|p2b: Baron|Psychic Fangs|p1a: BIDEN BLAST\n|-immune|p1a: BIDEN BLAST\n|move|p2a: Loopy|Focus Blast|p1a: BIDEN BLAST|[miss]\n|-miss|p2a: Loopy|p1a: BIDEN BLAST\n|\n|-weather|none\n|-heal|p2a: Loopy|69\/100|[from] item: Leftovers\n|upkeep\n|turn|6\n|c|\u2606UltraVapor|i like when people a conversation mid battle\n|c|\u2606soefire|i completely forgot dark was immume to psychic\n|c|\u2606UltraVapor|also I FORGOT ABOUT WELL BAKED\n|c|\u2606soefire|lol yeah same some people are so quiet\n|c|\u2606soefire|loll\n|\n|t:|1700168834\n|move|p1b: Oricorio|Air Slash|p2b: Baron\n|-damage|p2b: Baron|0 fnt\n|faint|p2b: Baron\n|move|p1a: BIDEN BLAST|Dark Pulse|p2a: Loopy\n|-damage|p2a: Loopy|28\/100\n|move|p2a: Loopy|Focus Blast|p1a: BIDEN BLAST\n|-supereffective|p1a: BIDEN BLAST\n|-damage|p1a: BIDEN BLAST|0 fnt\n|faint|p1a: BIDEN BLAST\n|\n|-heal|p2a: Loopy|34\/100|[from] item: Leftovers\n|upkeep\n|\n|t:|1700168845\n|switch|p1a: Scout TF2|Ogerpon-Hearthflame, F|100\/100\n|switch|p2b: Tommy|Scyther, M|100\/100\n|-ability|p1a: Scout TF2|Mold Breaker\n|turn|7\n|\n|t:|1700168865\n|-terastallize|p1a: Scout TF2|Fire\n|detailschange|p1a: Scout TF2|Ogerpon-Hearthflame-Tera, F, tera:Fire\n|-ability|p1a: Scout TF2|Embody Aspect (Hearthflame)|boost\n|-boost|p1a: Scout TF2|atk|1\n|-terastallize|p2b: Tommy|Flying\n|move|p1b: Oricorio|Air Slash|p2a: Loopy\n|-damage|p2a: Loopy|0 fnt\n|faint|p2a: Loopy\n|move|p1a: Scout TF2|Ivy Cudgel|p2b: Tommy|[anim] Ivy Cudgel Fire\n|-damage|p2b: Tommy|0 fnt\n|faint|p2b: Tommy\n|\n|win|UltraVapor\n|raw|UltraVapor's rating: 1142 &rarr; <strong>1157<\/strong><br \/>(+15 for winning)\n|raw|soefire's rating: 1000 &rarr; <strong>1000<\/strong><br \/>(+0 for losing)\n|c|\u2606soefire|dang\n|c|\u2606soefire|gg\n|c|\u2606UltraVapor|ggs\n|c|\u2606UltraVapor|fun\n|c|\u2606soefire|have a good one\n|c|\u2606soefire|catcha later\n|c|\u2606UltraVapor|u too\n|c|\u2606soefire|thanks cya\n|c|\u2606UltraVapor|cya\n|l|\u2606soefire\n","uploadtime":1700168898,"views":4,"p1id":"ultravapor","p2id":"soefire","formatid":"gen9nationaldexdoubles","rating":1000,"private":0,"password":""}