{"id":"gen9nationaldexdoubles-1993276739","p1":"nulgatharchfiend","p2":"Lekkuloler","format":"[Gen 9] National Dex Doubles","log":"|j|\u2606nulgatharchfiend\n|j|\u2606Lekkuloler\n|t:|1700288740\n|gametype|doubles\n|player|p1|nulgatharchfiend|101|1305\n|player|p2|Lekkuloler|clown|1173\n|teamsize|p1|6\n|teamsize|p2|6\n|gen|9\n|tier|[Gen 9] National Dex Doubles\n|rated|\n|rule|HP Percentage Mod: HP is shown in percentages\n|rule|Endless Battle Clause: Forcing endless battles is banned\n|rule|OHKO Clause: OHKO moves are banned\n|rule|Evasion Moves Clause: Evasion moves are banned\n|rule|Evasion Abilities Clause: Evasion abilities are banned\n|rule|Species Clause: Limit one of each Pok\u00e9mon\n|rule|Gravity Sleep Clause: The combination of sleep-inducing moves with imperfect accuracy and Gravity or Gigantamax Orbeetle are banned\n|clearpoke\n|poke|p1|Rotom-Heat|\n|poke|p1|Ninetales-Alola, F|\n|poke|p1|Tapu Koko|\n|poke|p1|Electivire, M|\n|poke|p1|Raichu-Alola, F|\n|poke|p1|Arctovish|\n|poke|p2|Gigalith, F|\n|poke|p2|Regirock|\n|poke|p2|Stakataka|\n|poke|p2|Tyranitar, F|\n|poke|p2|Nihilego|\n|poke|p2|Diancie|\n|teampreview\n|inactive|Battle timer is ON: inactive players will automatically lose when time's up. (requested by nulgatharchfiend)\n|\n|t:|1700288755\n|start\n|switch|p1a: Raichu|Raichu-Alola, F, shiny|100\/100\n|switch|p1b: Arctovish|Arctovish, shiny|100\/100\n|switch|p2a: Gigalith|Gigalith, F|100\/100\n|switch|p2b: Diancie|Diancie|100\/100\n|-weather|Sandstorm|[from] ability: Sand Stream|[of] p2a: Gigalith\n|turn|1\n|\n|t:|1700288770\n|switch|p1a: Ninetales|Ninetales-Alola, F, shiny|100\/100\n|-weather|Snow|[from] ability: Snow Warning|[of] p1a: Ninetales\n|detailschange|p2b: Diancie|Diancie-Mega\n|-mega|p2b: Diancie|Diancie|Diancite\n|-terastallize|p2a: Gigalith|Ghost\n|move|p1b: Arctovish|Iron Head|p2b: Diancie\n|-supereffective|p2b: Diancie\n|-damage|p2b: Diancie|9\/100\n|cant|p2b: Diancie|flinch\n|move|p2a: Gigalith|Rock Slide|p1b: Arctovish|[spread] p1b\n|-miss|p2a: Gigalith|p1a: Ninetales\n|-supereffective|p1b: Arctovish\n|-damage|p1b: Arctovish|55\/100\n|\n|-weather|Snow|[upkeep]\n|upkeep\n|turn|2\n|\n|t:|1700288797\n|switch|p2b: Stakataka|Stakataka|100\/100\n|move|p1b: Arctovish|Iron Head|p2b: Stakataka\n|-damage|p2b: Stakataka|88\/100\n|move|p1a: Ninetales|Aurora Veil|p1a: Ninetales\n|-sidestart|p1: nulgatharchfiend|move: Aurora Veil\n|move|p2a: Gigalith|Rock Slide|p1b: Arctovish|[spread] p1a,p1b\n|-supereffective|p1a: Ninetales\n|-supereffective|p1b: Arctovish\n|-damage|p1a: Ninetales|69\/100\n|-damage|p1b: Arctovish|25\/100\n|\n|-weather|Snow|[upkeep]\n|upkeep\n|turn|3\n|\n|t:|1700288816\n|switch|p1b: Tapu Koko|Tapu Koko, shiny|100\/100\n|-fieldstart|move: Electric Terrain|[from] ability: Electric Surge|[of] p1b: Tapu Koko\n|move|p1a: Ninetales|Blizzard|p2a: Gigalith|[spread] p2a,p2b\n|-resisted|p2b: Stakataka\n|-damage|p2a: Gigalith|82\/100\n|-damage|p2b: Stakataka|79\/100\n|-status|p2b: Stakataka|frz\n|move|p2a: Gigalith|Iron Head|p1a: Ninetales\n|-supereffective|p1a: Ninetales\n|-damage|p1a: Ninetales|3\/100\n|cant|p2b: Stakataka|frz\n|\n|-weather|Snow|[upkeep]\n|upkeep\n|turn|4\n|\n|t:|1700288835\n|switch|p2b: Tyranitar|Tyranitar, F|100\/100\n|-weather|Sandstorm|[from] ability: Sand Stream|[of] p2b: Tyranitar\n|move|p1a: Ninetales|Protect|p1a: Ninetales\n|-singleturn|p1a: Ninetales|Protect\n|move|p1b: Tapu Koko|U-turn|p2a: Gigalith\n|-resisted|p2a: Gigalith\n|-damage|p2a: Gigalith|76\/100\n|\n|t:|1700288851\n|switch|p1b: Raichu|Raichu-Alola, F, shiny|100\/100|[from] U-turn\n|move|p2a: Gigalith|Iron Head|p1b: Raichu\n|-resisted|p1b: Raichu\n|-damage|p1b: Raichu|78\/100\n|\n|-weather|Sandstorm|[upkeep]\n|-damage|p1b: Raichu|72\/100|[from] Sandstorm\n|-damage|p1a: Ninetales|0 fnt|[from] Sandstorm\n|-damage|p2a: Gigalith|70\/100|[from] Sandstorm\n|faint|p1a: Ninetales\n|upkeep\n|inactive|nulgatharchfiend has 120 seconds left.\n|\n|t:|1700288866\n|switch|p1a: Arctovish|Arctovish, shiny|25\/100\n|turn|5\n|\n|t:|1700288879\n|-terastallize|p1a: Arctovish|Water\n|move|p1b: Raichu|Rising Voltage|p2a: Gigalith\n|-hint|Rising Voltage's BP doubled on grounded target.\n|-damage|p2a: Gigalith|13\/100\n|move|p1a: Arctovish|Fishious Rend|p2b: Tyranitar\n|-supereffective|p2b: Tyranitar\n|-damage|p2b: Tyranitar|0 fnt\n|faint|p2b: Tyranitar\n|move|p2a: Gigalith|Rock Slide|p1b: Raichu|[spread] p1a\n|-miss|p2a: Gigalith|p1b: Raichu\n|-damage|p1a: Arctovish|0 fnt\n|faint|p1a: Arctovish\n|\n|-weather|Sandstorm|[upkeep]\n|-damage|p1b: Raichu|66\/100|[from] Sandstorm\n|-damage|p2a: Gigalith|6\/100|[from] Sandstorm\n|upkeep\n|\n|t:|1700288894\n|switch|p1a: Tapu Koko|Tapu Koko, shiny|100\/100\n|switch|p2b: Diancie|Diancie-Mega|9\/100\n|turn|6\n|\n|t:|1700288910\n|move|p1b: Raichu|Psychic|p2b: Diancie\n|-damage|p2b: Diancie|0 fnt\n|faint|p2b: Diancie\n|move|p1a: Tapu Koko|Electroweb|p2a: Gigalith\n|-damage|p2a: Gigalith|0 fnt\n|faint|p2a: Gigalith\n|\n|-weather|Sandstorm|[upkeep]\n|-damage|p1b: Raichu|60\/100|[from] Sandstorm\n|-damage|p1a: Tapu Koko|94\/100|[from] Sandstorm\n|upkeep\n|\n|t:|1700288914\n|switch|p2b: Nihilego|Nihilego|100\/100\n|switch|p2a: Regirock|Regirock|100\/100\n|turn|7\n|\n|t:|1700288938\n|move|p1b: Raichu|Psychic|p2b: Nihilego\n|-supereffective|p2b: Nihilego\n|-damage|p2b: Nihilego|63\/100\n|move|p2b: Nihilego|Sludge Bomb|p1a: Tapu Koko\n|-supereffective|p1a: Tapu Koko\n|-damage|p1a: Tapu Koko|44\/100\n|move|p1a: Tapu Koko|Electroweb|p2b: Nihilego|[spread] p2a,p2b\n|-damage|p2a: Regirock|93\/100\n|-damage|p2b: Nihilego|54\/100\n|-unboost|p2b: Nihilego|spe|1\n|move|p2a: Regirock|Ice Punch|p1b: Raichu\n|-damage|p1b: Raichu|23\/100\n|\n|-weather|Sandstorm|[upkeep]\n|-damage|p1b: Raichu|17\/100|[from] Sandstorm\n|-damage|p1a: Tapu Koko|38\/100|[from] Sandstorm\n|-fieldend|move: Electric Terrain\n|upkeep\n|turn|8\n|\n|t:|1700288960\n|move|p1a: Tapu Koko|Dazzling Gleam|p2a: Regirock|[spread] p2a,p2b\n|-resisted|p2b: Nihilego\n|-damage|p2a: Regirock|85\/100\n|-damage|p2b: Nihilego|49\/100\n|move|p1b: Raichu|Psychic|p2b: Nihilego\n|-supereffective|p2b: Nihilego\n|-damage|p2b: Nihilego|7\/100\n|move|p2b: Nihilego|Sludge Bomb|p1a: Tapu Koko\n|-supereffective|p1a: Tapu Koko\n|-damage|p1a: Tapu Koko|0 fnt\n|faint|p1a: Tapu Koko\n|-ability|p2b: Nihilego|Beast Boost|boost\n|-boost|p2b: Nihilego|spa|1\n|move|p2a: Regirock|Fire Punch|p1b: Raichu\n|-damage|p1b: Raichu|0 fnt\n|faint|p1b: Raichu\n|\n|-weather|none\n|upkeep\n|\n|t:|1700288969\n|switch|p1a: Electivire|Electivire, M, shiny|100\/100\n|switch|p1b: Rotom|Rotom-Heat, shiny|100\/100\n|turn|9\n|\n|t:|1700288984\n|move|p1b: Rotom|Discharge|p2a: Regirock|[spread] p2a,p2b\n|-ability|p1a: Electivire|Motor Drive|boost\n|-boost|p1a: Electivire|spe|1\n|-damage|p2a: Regirock|68\/100\n|-damage|p2b: Nihilego|0 fnt\n|faint|p2b: Nihilego\n|move|p1a: Electivire|Earthquake|p2a: Regirock|[spread] p2a\n|-immune|p1b: Rotom|[from] ability: Levitate\n|-supereffective|p2a: Regirock\n|-damage|p2a: Regirock|29\/100\n|-damage|p1a: Electivire|91\/100|[from] item: Life Orb\n|move|p2a: Regirock|Fire Punch|p1a: Electivire\n|-damage|p1a: Electivire|65\/100\n|\n|-sideend|p1: nulgatharchfiend|move: Aurora Veil\n|upkeep\n|\n|t:|1700288987\n|switch|p2b: Stakataka|Stakataka|79\/100 frz\n|turn|10\n|-message|Lekkuloler forfeited.\n|\n|win|nulgatharchfiend\n|raw|nulgatharchfiend's rating: 1305 &rarr; <strong>1318<\/strong><br \/>(+13 for winning)\n|raw|Lekkuloler's rating: 1173 &rarr; <strong>1157<\/strong><br \/>(-16 for losing)\n|l|\u2606Lekkuloler\n","uploadtime":1700289005,"views":23,"p1id":"nulgatharchfiend","p2id":"lekkuloler","formatid":"gen9nationaldexdoubles","rating":1157,"private":0,"password":""}