{"id":"gen9nationaldexdoubles-1973633229","p1":"R.para ti","p2":"thundervoltss","format":"[Gen 9] National Dex Doubles","log":"|j|\u2606R.para ti\n|j|\u2606thundervoltss\n|t:|1697998158\n|gametype|doubles\n|player|p1|R.para ti|102|1234\n|player|p2|thundervoltss|elesa-masters|1356\n|teamsize|p1|6\n|teamsize|p2|6\n|gen|9\n|tier|[Gen 9] National Dex Doubles\n|rated|\n|rule|HP Percentage Mod: HP is shown in percentages\n|rule|Endless Battle Clause: Forcing endless battles is banned\n|rule|OHKO Clause: OHKO moves are banned\n|rule|Evasion Moves Clause: Evasion moves are banned\n|rule|Evasion Abilities Clause: Evasion abilities are banned\n|rule|Species Clause: Limit one of each Pok\u00e9mon\n|rule|Gravity Sleep Clause: The combination of sleep-inducing moves with imperfect accuracy and Gravity or Gigantamax Orbeetle are banned\n|clearpoke\n|poke|p1|Meowstic, M|\n|poke|p1|Armarouge, M|\n|poke|p1|Alakazam, M|\n|poke|p1|Chi-Yu|\n|poke|p1|Chandelure, M|\n|poke|p1|Flutter Mane|\n|poke|p2|Grimmsnarl, M|\n|poke|p2|Spectrier|\n|poke|p2|Urshifu-*, F|\n|poke|p2|Rillaboom, M|\n|poke|p2|Incineroar, F|\n|poke|p2|Primarina, F|\n|teampreview\n|\n|t:|1697998179\n|start\n|switch|p1a: Meowstic|Meowstic, M|100\/100\n|switch|p1b: Armarouge|Armarouge, M|100\/100\n|switch|p2a: Pop fizz|Grimmsnarl, M|100\/100\n|switch|p2b: Trap shadow|Spectrier|100\/100\n|turn|1\n|\n|t:|1697998189\n|-terastallize|p1b: Armarouge|Dark\n|move|p2a: Pop fizz|Light Screen|p2a: Pop fizz\n|-sidestart|p2: thundervoltss|move: Light Screen\n|move|p2b: Trap shadow|Taunt|p1a: Meowstic\n|-start|p1a: Meowstic|move: Taunt\n|move|p1a: Meowstic|Power-Up Punch|p1b: Armarouge\n|-supereffective|p1b: Armarouge\n|-damage|p1b: Armarouge|92\/100\n|-boost|p1a: Meowstic|atk|1\n|-ability|p1b: Armarouge|Weak Armor|boost\n|-unboost|p1b: Armarouge|def|1\n|-boost|p1b: Armarouge|spe|2\n|-enditem|p1b: Armarouge|Weakness Policy\n|-boost|p1b: Armarouge|atk|2|[from] item: Weakness Policy\n|-boost|p1b: Armarouge|spa|2|[from] item: Weakness Policy\n|move|p1b: Armarouge|Calm Mind|p1b: Armarouge\n|-boost|p1b: Armarouge|spa|1\n|-boost|p1b: Armarouge|spd|1\n|\n|upkeep\n|turn|2\n|\n|t:|1697998213\n|switch|p1a: Chi-Yu|Chi-Yu|100\/100\n|-ability|p1a: Chi-Yu|Beads of Ruin\n|move|p1b: Armarouge|Heat Wave|p2b: Trap shadow|[spread] p2a,p2b\n|-damage|p2a: Pop fizz|43\/100\n|-damage|p2b: Trap shadow|35\/100\n|-enditem|p2b: Trap shadow|Sitrus Berry|[eat]\n|-heal|p2b: Trap shadow|60\/100|[from] item: Sitrus Berry\n|move|p2b: Trap shadow|Shadow Ball|p1a: Chi-Yu\n|-resisted|p1a: Chi-Yu\n|-damage|p1a: Chi-Yu|79\/100\n|move|p2a: Pop fizz|Spirit Break|p1b: Armarouge\n|-supereffective|p1b: Armarouge\n|-damage|p1b: Armarouge|3\/100\n|-unboost|p1b: Armarouge|spa|1\n|-ability|p1b: Armarouge|Weak Armor|boost\n|-unboost|p1b: Armarouge|def|1\n|-boost|p1b: Armarouge|spe|2\n|\n|upkeep\n|turn|3\n|\n|t:|1697998241\n|switch|p2a: Grave clobber|Urshifu-Rapid-Strike, F|100\/100\n|move|p1b: Armarouge|Heat Wave|p2b: Trap shadow|[spread] p2a,p2b\n|-resisted|p2a: Grave clobber\n|-damage|p2a: Grave clobber|71\/100\n|-damage|p2b: Trap shadow|5\/100\n|move|p2b: Trap shadow|Snarl|p1b: Armarouge|[spread] p1b\n|-miss|p2b: Trap shadow|p1a: Chi-Yu\n|-resisted|p1b: Armarouge\n|-damage|p1b: Armarouge|0 fnt\n|faint|p1b: Armarouge\n|-ability|p2b: Trap shadow|Grim Neigh|boost\n|-boost|p2b: Trap shadow|spa|1\n|move|p1a: Chi-Yu|Heat Wave|p2b: Trap shadow|[spread] p2a,p2b\n|-resisted|p2a: Grave clobber\n|-damage|p2a: Grave clobber|41\/100\n|-damage|p2b: Trap shadow|0 fnt\n|faint|p2b: Trap shadow\n|\n|upkeep\n|\n|t:|1697998264\n|switch|p2b: Turbo charge DK|Rillaboom, M|100\/100\n|switch|p1b: Meowstic|Meowstic, M|100\/100\n|-fieldstart|move: Grassy Terrain|[from] ability: Grassy Surge|[of] p2b: Turbo charge DK\n|turn|4\n|\n|t:|1697998273\n|move|p2b: Turbo charge DK|Fake Out|p1b: Meowstic\n|-crit|p1b: Meowstic\n|-damage|p1b: Meowstic|85\/100\n|cant|p1b: Meowstic|flinch\n|move|p1a: Chi-Yu|Heat Wave|p2b: Turbo charge DK|[spread] p2a,p2b\n|-resisted|p2a: Grave clobber\n|-supereffective|p2b: Turbo charge DK\n|-damage|p2a: Grave clobber|8\/100\n|-damage|p2b: Turbo charge DK|36\/100\n|move|p2a: Grave clobber|Surging Strikes|p1a: Chi-Yu\n|-supereffective|p1a: Chi-Yu\n|-crit|p1a: Chi-Yu\n|-damage|p1a: Chi-Yu|15\/100\n|-supereffective|p1a: Chi-Yu\n|-crit|p1a: Chi-Yu\n|-damage|p1a: Chi-Yu|0 fnt\n|faint|p1a: Chi-Yu\n|-hitcount|p1: Chi-Yu|2\n|\n|-heal|p2a: Grave clobber|14\/100|[from] Grassy Terrain\n|-heal|p1b: Meowstic|91\/100|[from] Grassy Terrain\n|-heal|p1b: Meowstic|98\/100|[from] item: Leftovers\n|-heal|p2b: Turbo charge DK|42\/100|[from] Grassy Terrain\n|upkeep\n|\n|t:|1697998288\n|switch|p1a: Alakazam|Alakazam, M|100\/100\n|turn|5\n|\n|t:|1697998298\n|switch|p2a: Wildfire|Incineroar, F|100\/100\n|-ability|p2a: Wildfire|Intimidate|boost\n|-unboost|p1a: Alakazam|atk|1\n|-unboost|p1b: Meowstic|atk|1\n|detailschange|p1a: Alakazam|Alakazam-Mega, M\n|-mega|p1a: Alakazam|Alakazam|Alakazite\n|-ability|p1a: Alakazam|Intimidate|boost\n|-unboost|p2a: Wildfire|atk|1\n|-unboost|p2b: Turbo charge DK|atk|1\n|-ability|p1a: Alakazam|Intimidate|[from] ability: Trace|[of] p2a: Wildfire\n|move|p1b: Meowstic|Psychic Terrain|p1b: Meowstic\n|-fieldstart|move: Psychic Terrain\n|move|p1a: Alakazam|Expanding Force|p2a: Wildfire|[spread] p2b\n|-immune|p2a: Wildfire\n|-damage|p2b: Turbo charge DK|13\/100\n|move|p2b: Turbo charge DK|U-turn|p1a: Alakazam\n|-supereffective|p1a: Alakazam\n|-damage|p1a: Alakazam|43\/100\n|\n|t:|1697998301\n|switch|p2b: Pop fizz|Grimmsnarl, M|43\/100|[from] U-turn\n|\n|-heal|p1b: Meowstic|100\/100|[from] item: Leftovers\n|upkeep\n|turn|6\n|\n|t:|1697998332\n|move|p1b: Meowstic|Ally Switch|p1b: Meowstic\n|swap|p1b: Meowstic|0|[from] move: Ally Switch\n|move|p1b: Alakazam|Dazzling Gleam|p2a: Wildfire|[spread] p2a,p2b\n|-supereffective|p2b: Pop fizz\n|-damage|p2a: Wildfire|87\/100\n|-damage|p2b: Pop fizz|12\/100\n|move|p2b: Pop fizz|Spirit Break|p1a: Meowstic\n|-damage|p1a: Meowstic|74\/100\n|-unboost|p1a: Meowstic|spa|1\n|move|p2a: Wildfire|Flare Blitz|p1b: Alakazam\n|-damage|p1b: Alakazam|0 fnt\n|faint|p1b: Alakazam\n|-damage|p2a: Wildfire|78\/100|[from] Recoil\n|\n|-heal|p1a: Meowstic|80\/100|[from] item: Leftovers\n|upkeep\n|\n|t:|1697998349\n|switch|p1b: Flutter Mane|Flutter Mane|100\/100\n|turn|7\n|\n|t:|1697998363\n|switch|p2b: Grave clobber|Urshifu-Rapid-Strike, F|14\/100\n|move|p1a: Meowstic|Sunny Day|p1a: Meowstic\n|-weather|SunnyDay\n|-activate|p1b: Flutter Mane|ability: Protosynthesis\n|-start|p1b: Flutter Mane|protosynthesisspe\n|move|p1b: Flutter Mane|Dazzling Gleam|p2a: Wildfire|[spread] p2a,p2b\n|-supereffective|p2b: Grave clobber\n|-damage|p2a: Wildfire|51\/100\n|-damage|p2b: Grave clobber|0 fnt\n|faint|p2b: Grave clobber\n|move|p2a: Wildfire|Flare Blitz|p1b: Flutter Mane\n|-damage|p1b: Flutter Mane|4\/100\n|-damage|p2a: Wildfire|30\/100|[from] Recoil\n|-enditem|p2a: Wildfire|Sitrus Berry|[eat]\n|-heal|p2a: Wildfire|55\/100|[from] item: Sitrus Berry\n|\n|-weather|SunnyDay|[upkeep]\n|-heal|p1a: Meowstic|86\/100|[from] item: Leftovers\n|upkeep\n|\n|t:|1697998371\n|switch|p2b: Turbo charge DK|Rillaboom, M|13\/100\n|-fieldstart|move: Grassy Terrain|[from] ability: Grassy Surge|[of] p2b: Turbo charge DK\n|turn|8\n|\n|t:|1697998384\n|-end|p1b: Flutter Mane|Protosynthesis|[silent]\n|switch|p1b: Chandelure|Chandelure, M|100\/100\n|move|p1a: Meowstic|Psychic Terrain|p1a: Meowstic\n|-fieldstart|move: Psychic Terrain\n|move|p2b: Turbo charge DK|Grassy Glide|p1a: Meowstic\n|-damage|p1a: Meowstic|64\/100\n|move|p2a: Wildfire|Flare Blitz|p1b: Chandelure\n|-start|p1b: Chandelure|ability: Flash Fire\n|\n|-weather|SunnyDay|[upkeep]\n|-heal|p1a: Meowstic|70\/100|[from] item: Leftovers\n|-sideend|p2: thundervoltss|move: Light Screen\n|upkeep\n|turn|9\n|\n|t:|1697998405\n|switch|p2a: Punk Shock|Primarina, F|100\/100\n|move|p1a: Meowstic|Ally Switch|p1a: Meowstic\n|swap|p1a: Meowstic|1|[from] move: Ally Switch\n|move|p2b: Turbo charge DK|Knock Off|p1b: Meowstic\n|-supereffective|p1b: Meowstic\n|-damage|p1b: Meowstic|17\/100\n|-enditem|p1b: Meowstic|Leftovers|[from] move: Knock Off|[of] p2b: Turbo charge DK\n|move|p1a: Chandelure|Fire Blast|p2a: Punk Shock\n|-resisted|p2a: Punk Shock\n|-damage|p2a: Punk Shock|24\/100\n|-damage|p1a: Chandelure|91\/100|[from] item: Life Orb\n|\n|-weather|SunnyDay|[upkeep]\n|upkeep\n|turn|10\n|\n|t:|1697998428\n|move|p1b: Meowstic|Ally Switch||[still]\n|-fail|p1b: Meowstic\n|move|p2b: Turbo charge DK|Knock Off|p1a: Chandelure\n|-supereffective|p1a: Chandelure\n|-damage|p1a: Chandelure|23\/100\n|-enditem|p1a: Chandelure|Life Orb|[from] move: Knock Off|[of] p2b: Turbo charge DK\n|move|p2a: Punk Shock|Hyper Voice|p1b: Meowstic|[spread] p1a,p1b\n|-supereffective|p1a: Chandelure\n|-damage|p1a: Chandelure|0 fnt\n|-damage|p1b: Meowstic|0 fnt\n|faint|p1a: Chandelure\n|faint|p1b: Meowstic\n|-enditem|p2a: Punk Shock|Throat Spray\n|-boost|p2a: Punk Shock|spa|1|[from] item: Throat Spray\n|\n|-weather|SunnyDay|[upkeep]\n|upkeep\n|c|\u2606thundervoltss|gg\n|\n|t:|1697998434\n|switch|p1b: Flutter Mane|Flutter Mane|4\/100\n|-activate|p1b: Flutter Mane|ability: Protosynthesis\n|-start|p1b: Flutter Mane|protosynthesisspe\n|turn|11\n|\n|t:|1697998441\n|switch|p2b: Pop fizz|Grimmsnarl, M|12\/100\n|move|p1b: Flutter Mane|Dazzling Gleam|p2a: Punk Shock|[spread] p2a,p2b\n|-supereffective|p2b: Pop fizz\n|-damage|p2a: Punk Shock|0 fnt\n|-damage|p2b: Pop fizz|0 fnt\n|faint|p2a: Punk Shock\n|faint|p2b: Pop fizz\n|\n|-weather|none\n|-end|p1b: Flutter Mane|Protosynthesis\n|upkeep\n|\n|t:|1697998445\n|switch|p2b: Wildfire|Incineroar, F|55\/100\n|switch|p2a: Turbo charge DK|Rillaboom, M|13\/100\n|-fieldstart|move: Grassy Terrain|[from] ability: Grassy Surge|[of] p2a: Turbo charge DK\n|-ability|p2b: Wildfire|Intimidate|boost\n|-unboost|p1b: Flutter Mane|atk|1\n|turn|12\n|\n|t:|1697998450\n|move|p2a: Turbo charge DK|Grassy Glide|p1b: Flutter Mane\n|-damage|p1b: Flutter Mane|0 fnt\n|faint|p1b: Flutter Mane\n|-end|p1b: Flutter Mane|Protosynthesis|[silent]\n|\n|win|thundervoltss\n|raw|R.para ti's rating: 1234 &rarr; <strong>1217<\/strong><br \/>(-17 for losing)\n|raw|thundervoltss's rating: 1356 &rarr; <strong>1369<\/strong><br \/>(+13 for winning)\n|l|\u2606thundervoltss\n","uploadtime":1697998477,"views":11,"p1id":"rparati","p2id":"thundervoltss","formatid":"gen9nationaldexdoubles","rating":1217,"private":0,"password":""}