{"id":"gen9nationaldexdoubles-1957268750","p1":"NotArusef","p2":"EndoFlame13","format":"[Gen 9] National Dex Doubles","log":"|j|\u2606NotArusef\n|j|\u2606EndoFlame13\n|t:|1696203010\n|gametype|doubles\n|player|p1|NotArusef|clerk-boss|1070\n|player|p2|EndoFlame13|steven|1134\n|teamsize|p1|6\n|teamsize|p2|6\n|gen|9\n|tier|[Gen 9] National Dex Doubles\n|rated|\n|rule|HP Percentage Mod: HP is shown in percentages\n|rule|Endless Battle Clause: Forcing endless battles is banned\n|rule|OHKO Clause: OHKO moves are banned\n|rule|Evasion Moves Clause: Evasion moves are banned\n|rule|Evasion Abilities Clause: Evasion abilities are banned\n|rule|Species Clause: Limit one of each Pok\u00e9mon\n|rule|Gravity Sleep Clause: The combination of sleep-inducing moves with imperfect accuracy and Gravity or Gigantamax Orbeetle are banned\n|clearpoke\n|poke|p1|Stunfisk-Galar, F|\n|poke|p1|Slowking-Galar, M|\n|poke|p1|Slowbro, F|\n|poke|p1|Runerigus, M|\n|poke|p1|Sableye, F|\n|poke|p1|Cradily, M|\n|poke|p2|Palafin, M|\n|poke|p2|Azumarill, F|\n|poke|p2|Flamigo, M|\n|poke|p2|Eevee, F|\n|poke|p2|Kingambit, M|\n|poke|p2|Iron Hands|\n|teampreview\n|inactive|Battle timer is ON: inactive players will automatically lose when time's up. (requested by NotArusef)\n|\n|t:|1696203025\n|start\n|switch|p1a: Cradily|Cradily, M|100\/100\n|switch|p1b: Runerigus|Runerigus, M|100\/100\n|switch|p2a: Palafin|Palafin, M|100\/100\n|switch|p2b: Azumarill|Azumarill, F, shiny|100\/100\n|turn|1\n|\n|t:|1696203037\n|move|p2b: Azumarill|Belly Drum|p2b: Azumarill\n|-damage|p2b: Azumarill|51\/100\n|-setboost|p2b: Azumarill|atk|6|[from] move: Belly Drum\n|move|p2a: Palafin|Flip Turn|p1a: Cradily\n|-activate|p1a: Cradily|ability: Storm Drain\n|-ability|p1a: Cradily|Storm Drain|boost\n|-boost|p1a: Cradily|spa|1\n|move|p1a: Cradily|Giga Drain|p2b: Azumarill\n|-supereffective|p2b: Azumarill\n|-damage|p2b: Azumarill|0 fnt\n|faint|p2b: Azumarill\n|move|p1b: Runerigus|Trick Room|p1b: Runerigus\n|-fieldstart|move: Trick Room|[of] p1b: Runerigus\n|\n|upkeep\n|\n|t:|1696203041\n|switch|p2b: Eevee|Eevee, F, shiny|100\/100\n|turn|2\n|\n|t:|1696203057\n|move|p1b: Runerigus|Shadow Claw|p2a: Palafin\n|-damage|p2a: Palafin|60\/100\n|move|p1a: Cradily|Giga Drain|p2a: Palafin\n|-supereffective|p2a: Palafin\n|-damage|p2a: Palafin|0 fnt\n|faint|p2a: Palafin\n|-zpower|p2b: Eevee\n|move|p2b: Eevee|Extreme Evoboost|p2b: Eevee\n|-boost|p2b: Eevee|atk|2\n|-boost|p2b: Eevee|def|2\n|-boost|p2b: Eevee|spa|2\n|-boost|p2b: Eevee|spd|2\n|-boost|p2b: Eevee|spe|2\n|\n|upkeep\n|\n|t:|1696203062\n|switch|p2a: Flamigo|Flamigo, M|100\/100\n|-copyboost|p2a: Flamigo|p2b: Eevee|[from] ability: Costar\n|turn|3\n|\n|t:|1696203071\n|move|p1b: Runerigus|Haze|p1b: Runerigus\n|-clearallboost\n|move|p1a: Cradily|Leech Seed|p2a: Flamigo\n|-start|p2a: Flamigo|move: Leech Seed\n|move|p2b: Eevee|Baton Pass|p2b: Eevee\n|\n|t:|1696203080\n|switch|p2b: Iron Hands|Iron Hands|100\/100|[from] Baton Pass\n|move|p2a: Flamigo|Liquidation|p1a: Cradily\n|-activate|p1a: Cradily|ability: Storm Drain\n|-ability|p1a: Cradily|Storm Drain|boost\n|-boost|p1a: Cradily|spa|1\n|\n|-damage|p2a: Flamigo|88\/100|[from] Leech Seed|[of] p1a: Cradily\n|upkeep\n|turn|4\n|\n|t:|1696203089\n|move|p1a: Cradily|Protect|p1a: Cradily\n|-singleturn|p1a: Cradily|Protect\n|move|p1b: Runerigus|Earthquake|p2a: Flamigo|[spread] p2b\n|-activate|p1a: Cradily|move: Protect\n|-immune|p2a: Flamigo\n|-supereffective|p2b: Iron Hands\n|-damage|p2b: Iron Hands|61\/100\n|move|p2b: Iron Hands|Earthquake|p1a: Cradily|[spread] p1b\n|-activate|p1a: Cradily|move: Protect\n|-immune|p2a: Flamigo\n|-damage|p1b: Runerigus|72\/100\n|-damage|p2b: Iron Hands|51\/100|[from] item: Life Orb\n|move|p2a: Flamigo|Liquidation|p1a: Cradily\n|-activate|p1a: Cradily|ability: Storm Drain\n|-activate|p1a: Cradily|move: Protect\n|\n|-heal|p2a: Flamigo|94\/100|[from] item: Leftovers\n|-damage|p2a: Flamigo|82\/100|[from] Leech Seed|[of] p1a: Cradily\n|upkeep\n|turn|5\n|\n|t:|1696203109\n|move|p1b: Runerigus|Shadow Claw|p2a: Flamigo\n|-damage|p2a: Flamigo|33\/100\n|move|p1a: Cradily|Ancient Power|p2a: Flamigo\n|-damage|p2a: Flamigo|0 fnt\n|faint|p2a: Flamigo\n|move|p2b: Iron Hands|Ice Punch|p1a: Cradily\n|-supereffective|p1a: Cradily\n|-damage|p1a: Cradily|21\/100\n|-damage|p2b: Iron Hands|41\/100|[from] item: Life Orb\n|\n|-fieldend|move: Trick Room\n|upkeep\n|\n|t:|1696203113\n|switch|p2a: Eevee|Eevee, F, shiny|100\/100\n|turn|6\n|\n|t:|1696203119\n|move|p1a: Cradily|Protect|p1a: Cradily\n|-singleturn|p1a: Cradily|Protect\n|move|p2a: Eevee|Body Slam|p1a: Cradily\n|-activate|p1a: Cradily|move: Protect\n|move|p2b: Iron Hands|Ice Punch|p1b: Runerigus\n|-supereffective|p1b: Runerigus\n|-damage|p1b: Runerigus|11\/100\n|-damage|p2b: Iron Hands|31\/100|[from] item: Life Orb\n|move|p1b: Runerigus|Trick Room|p1b: Runerigus\n|-fieldstart|move: Trick Room|[of] p1b: Runerigus\n|\n|upkeep\n|turn|7\n|\n|t:|1696203136\n|move|p1b: Runerigus|Shadow Claw|p2b: Iron Hands\n|-damage|p2b: Iron Hands|10\/100\n|move|p1a: Cradily|Leech Seed|p2a: Eevee\n|-start|p2a: Eevee|move: Leech Seed\n|move|p2b: Iron Hands|Ice Punch|p1b: Runerigus\n|-supereffective|p1b: Runerigus\n|-damage|p1b: Runerigus|0 fnt\n|faint|p1b: Runerigus\n|-damage|p2b: Iron Hands|0 fnt|[from] item: Life Orb\n|faint|p2b: Iron Hands\n|-end|p2b: Iron Hands|Quark Drive|[silent]\n|move|p2a: Eevee|Body Slam|p1a: Cradily\n|-resisted|p1a: Cradily\n|-damage|p1a: Cradily|1\/100\n|-status|p1a: Cradily|par\n|\n|-damage|p2a: Eevee|88\/100|[from] Leech Seed|[of] p1a: Cradily\n|-heal|p1a: Cradily|15\/100 par|[silent]\n|upkeep\n|\n|t:|1696203150\n|switch|p1b: Stunfisk|Stunfisk-Galar, F|100\/100\n|switch|p2b: Kingambit|Kingambit, M, shiny|100\/100\n|-activate|p2b: Kingambit|ability: Supreme Overlord\n|-start|p2b: Kingambit|fallen4|[silent]\n|turn|8\n|\n|t:|1696203163\n|move|p1a: Cradily|Protect|p1a: Cradily\n|-singleturn|p1a: Cradily|Protect\n|move|p2b: Kingambit|Sucker Punch||[still]\n|-fail|p2b: Kingambit\n|move|p1b: Stunfisk|Curse|p1b: Stunfisk\n|-unboost|p1b: Stunfisk|spe|1\n|-boost|p1b: Stunfisk|atk|1\n|-boost|p1b: Stunfisk|def|1\n|move|p2a: Eevee|Trailblaze|p1b: Stunfisk\n|-damage|p1b: Stunfisk|94\/100\n|-boost|p2a: Eevee|spe|1\n|\n|-damage|p2a: Eevee|76\/100|[from] Leech Seed|[of] p1a: Cradily\n|-heal|p1a: Cradily|29\/100 par|[silent]\n|upkeep\n|turn|9\n|\n|t:|1696203179\n|move|p1a: Cradily|Leech Seed|p2b: Kingambit\n|-start|p2b: Kingambit|move: Leech Seed\n|move|p1b: Stunfisk|Stealth Rock|p2a: Eevee\n|-sidestart|p2: EndoFlame13|move: Stealth Rock\n|move|p2b: Kingambit|Kowtow Cleave|p1b: Stunfisk\n|-damage|p1b: Stunfisk|51\/100\n|move|p2a: Eevee|Body Slam|p1b: Stunfisk\n|-resisted|p1b: Stunfisk\n|-damage|p1b: Stunfisk|41\/100\n|-status|p1b: Stunfisk|par\n|\n|-damage|p2b: Kingambit|88\/100|[from] Leech Seed|[of] p1a: Cradily\n|-heal|p1a: Cradily|46\/100 par|[silent]\n|-damage|p2a: Eevee|63\/100|[from] Leech Seed|[of] p1a: Cradily\n|-heal|p1a: Cradily|59\/100 par|[silent]\n|upkeep\n|turn|10\n|\n|t:|1696203190\n|cant|p1b: Stunfisk|par\n|move|p1a: Cradily|Giga Drain|p2b: Kingambit\n|-resisted|p2b: Kingambit\n|-damage|p2b: Kingambit|71\/100\n|-heal|p1a: Cradily|71\/100 par|[from] drain|[of] p2b: Kingambit\n|move|p2b: Kingambit|Kowtow Cleave|p1b: Stunfisk\n|-damage|p1b: Stunfisk|0 fnt\n|faint|p1b: Stunfisk\n|move|p2a: Eevee|Body Slam|p1a: Cradily\n|-resisted|p1a: Cradily\n|-damage|p1a: Cradily|53\/100 par\n|\n|-damage|p2b: Kingambit|59\/100|[from] Leech Seed|[of] p1a: Cradily\n|-heal|p1a: Cradily|70\/100 par|[silent]\n|-damage|p2a: Eevee|51\/100|[from] Leech Seed|[of] p1a: Cradily\n|-heal|p1a: Cradily|84\/100 par|[silent]\n|-fieldend|move: Trick Room\n|upkeep\n|\n|t:|1696203200\n|switch|p1b: Slowbro|Slowbro, F|100\/100\n|turn|11\n|\n|t:|1696203212\n|move|p2a: Eevee|Trailblaze|p1b: Slowbro\n|-supereffective|p1b: Slowbro\n|-damage|p1b: Slowbro|84\/100\n|-boost|p2a: Eevee|spe|1\n|move|p2b: Kingambit|Kowtow Cleave|p1a: Cradily\n|-damage|p1a: Cradily|5\/100 par\n|cant|p1a: Cradily|par\n|move|p1b: Slowbro|Trick Room|p1b: Slowbro\n|-fieldstart|move: Trick Room|[of] p1b: Slowbro\n|\n|-heal|p1b: Slowbro|90\/100|[from] item: Leftovers\n|-damage|p2b: Kingambit|46\/100|[from] Leech Seed|[of] p1a: Cradily\n|-heal|p1a: Cradily|22\/100 par|[silent]\n|-damage|p2a: Eevee|38\/100|[from] Leech Seed|[of] p1a: Cradily\n|-heal|p1a: Cradily|36\/100 par|[silent]\n|upkeep\n|turn|12\n|\n|t:|1696203224\n|move|p2b: Kingambit|Sucker Punch|p1a: Cradily\n|-damage|p1a: Cradily|0 fnt\n|faint|p1a: Cradily\n|move|p1b: Slowbro|Flamethrower|p2b: Kingambit\n|-supereffective|p2b: Kingambit\n|-damage|p2b: Kingambit|0 fnt\n|faint|p2b: Kingambit\n|-end|p2b: Kingambit|fallen4|[silent]\n|move|p2a: Eevee|Trailblaze|p1b: Slowbro\n|-supereffective|p1b: Slowbro\n|-damage|p1b: Slowbro|73\/100\n|-boost|p2a: Eevee|spe|1\n|\n|-heal|p1b: Slowbro|79\/100|[from] item: Leftovers\n|upkeep\n|\n|t:|1696203231\n|switch|p1a: Sableye|Sableye, F|100\/100\n|turn|13\n|\n|t:|1696203236\n|move|p1b: Slowbro|Hydro Pump|p2a: Eevee\n|-damage|p2a: Eevee|0 fnt\n|faint|p2a: Eevee\n|\n|win|NotArusef\n|raw|NotArusef's rating: 1070 &rarr; <strong>1105<\/strong><br \/>(+35 for winning)\n|raw|EndoFlame13's rating: 1134 &rarr; <strong>1104<\/strong><br \/>(-30 for losing)\n|l|\u2606EndoFlame13\n","uploadtime":1696203242,"views":6,"p1id":"notarusef","p2id":"endoflame13","formatid":"gen9nationaldexdoubles","rating":1104,"private":0,"password":""}