{"id":"gen9nationaldexdoubles-1948956218","p1":"AerixThorn","p2":"Killette2","format":"[Gen 9] National Dex Doubles","log":"|j|\u2606AerixThorn\n|j|\u2606Killette2\n|t:|1695315182\n|gametype|doubles\n|player|p1|AerixThorn|riley|1184\n|player|p2|Killette2|bruno|1269\n|teamsize|p1|6\n|teamsize|p2|6\n|gen|9\n|tier|[Gen 9] National Dex Doubles\n|rated|\n|rule|HP Percentage Mod: HP is shown in percentages\n|rule|Endless Battle Clause: Forcing endless battles is banned\n|rule|OHKO Clause: OHKO moves are banned\n|rule|Evasion Moves Clause: Evasion moves are banned\n|rule|Evasion Abilities Clause: Evasion abilities are banned\n|rule|Species Clause: Limit one of each Pok\u00e9mon\n|rule|Gravity Sleep Clause: The combination of sleep-inducing moves with imperfect accuracy and Gravity or Gigantamax Orbeetle are banned\n|clearpoke\n|poke|p1|Maushold|\n|poke|p1|Kommo-o, F|\n|poke|p1|Grimmsnarl, M|\n|poke|p1|Klefki, F|\n|poke|p1|Amoonguss, M|\n|poke|p1|Veluza, M|\n|poke|p2|Shuckle, L99, F|\n|poke|p2|Blissey, F|\n|poke|p2|Grimmsnarl, M|\n|poke|p2|Cofagrigus, L99, M|\n|poke|p2|Hatterene, L99, F|\n|poke|p2|Rillaboom, M|\n|teampreview\n|inactive|Battle timer is ON: inactive players will automatically lose when time's up. (requested by AerixThorn)\n|\n|t:|1695315200\n|start\n|switch|p1a: Maushold|Maushold|100\/100\n|switch|p1b: Kommo-o|Kommo-o, F|100\/100\n|switch|p2a: Ancient Evil|Cofagrigus, L99, M|100\/100\n|switch|p2b: Krampus|Grimmsnarl, M|100\/100\n|turn|1\n|\n|t:|1695315225\n|move|p2b: Krampus|Fake Out|p1b: Kommo-o\n|-damage|p1b: Kommo-o|89\/100\n|move|p1a: Maushold|Population Bomb|p2b: Krampus\n|-damage|p2b: Krampus|92\/100\n|-damage|p2b: Krampus|83\/100\n|-damage|p2b: Krampus|74\/100\n|-damage|p2b: Krampus|65\/100\n|-damage|p2b: Krampus|57\/100\n|-damage|p2b: Krampus|47\/100\n|-damage|p2b: Krampus|38\/100\n|-crit|p2b: Krampus\n|-damage|p2b: Krampus|25\/100\n|-crit|p2b: Krampus\n|-damage|p2b: Krampus|10\/100\n|-damage|p2b: Krampus|2\/100\n|-hitcount|p2b: Krampus|10\n|cant|p1b: Kommo-o|flinch\n|move|p2a: Ancient Evil|Trick Room|p2a: Ancient Evil\n|-fieldstart|move: Trick Room|[of] p2a: Ancient Evil\n|\n|-heal|p1b: Kommo-o|95\/100|[from] item: Leftovers\n|upkeep\n|turn|2\n|\n|t:|1695315252\n|move|p2b: Krampus|Reflect|p2b: Krampus\n|-sidestart|p2: Killette2|Reflect\n|move|p2a: Ancient Evil|Body Press|p1a: Maushold\n|-supereffective|p1a: Maushold\n|-damage|p1a: Maushold|0 fnt\n|faint|p1a: Maushold\n|move|p1b: Kommo-o|Breaking Swipe|p2a: Ancient Evil|[spread] p2a\n|-immune|p2b: Krampus\n|-damage|p2a: Ancient Evil|89\/100\n|-unboost|p2a: Ancient Evil|atk|1\n|-activate|p2a: Ancient Evil|ability: Mummy|Soundproof|[of] p1b: Kommo-o\n|\n|-heal|p1b: Kommo-o|100\/100|[from] item: Leftovers\n|upkeep\n|inactive|AerixThorn has 120 seconds left.\n|\n|t:|1695315266\n|switch|p1a: Klefki|Klefki, F|100\/100\n|turn|3\n|\n|t:|1695315279\n|switch|p2b: 1ManArmy|Blissey, F|100\/100\n|move|p1a: Klefki|Iron Defense|p1a: Klefki\n|-boost|p1a: Klefki|def|2\n|move|p2a: Ancient Evil|Guard Split|p2b: 1ManArmy\n|-activate|p2a: Ancient Evil|move: Guard Split|[of] p2b: 1ManArmy\n|move|p1b: Kommo-o|Drain Punch|p2b: 1ManArmy\n|-supereffective|p2b: 1ManArmy\n|-damage|p2b: 1ManArmy|78\/100\n|\n|-heal|p2b: 1ManArmy|85\/100|[from] item: Leftovers\n|upkeep\n|turn|4\n|\n|t:|1695315303\n|move|p1a: Klefki|Thunder Wave|p2a: Ancient Evil\n|-status|p2a: Ancient Evil|par\n|move|p2a: Ancient Evil|Will-O-Wisp|p1a: Klefki\n|-status|p1a: Klefki|brn\n|move|p2b: 1ManArmy|Charge Beam|p1a: Klefki|[miss]\n|-miss|p2b: 1ManArmy|p1a: Klefki\n|move|p1b: Kommo-o|Clangorous Soul|p1b: Kommo-o\n|-boost|p1b: Kommo-o|atk|1\n|-boost|p1b: Kommo-o|def|1\n|-boost|p1b: Kommo-o|spa|1\n|-boost|p1b: Kommo-o|spd|1\n|-boost|p1b: Kommo-o|spe|1\n|-damage|p1b: Kommo-o|68\/100\n|\n|-heal|p2b: 1ManArmy|91\/100|[from] item: Leftovers\n|-heal|p1b: Kommo-o|74\/100|[from] item: Leftovers\n|-damage|p1a: Klefki|95\/100 brn|[from] brn\n|upkeep\n|turn|5\n|\n|t:|1695315324\n|move|p1a: Klefki|Calm Mind|p1a: Klefki\n|-boost|p1a: Klefki|spa|1\n|-boost|p1a: Klefki|spd|1\n|move|p2a: Ancient Evil|Will-O-Wisp|p1b: Kommo-o|[miss]\n|-miss|p2a: Ancient Evil|p1b: Kommo-o\n|move|p2b: 1ManArmy|Charge Beam|p1b: Kommo-o\n|-resisted|p1b: Kommo-o\n|-damage|p1b: Kommo-o|69\/100\n|-boost|p2b: 1ManArmy|spa|1\n|move|p1b: Kommo-o|Drain Punch|p2b: 1ManArmy\n|-supereffective|p2b: 1ManArmy\n|-damage|p2b: 1ManArmy|59\/100\n|-heal|p1b: Kommo-o|100\/100|[from] drain|[of] p2b: 1ManArmy\n|\n|-heal|p2b: 1ManArmy|65\/100|[from] item: Leftovers\n|-damage|p1a: Klefki|89\/100 brn|[from] brn\n|-fieldend|move: Trick Room\n|upkeep\n|turn|6\n|\n|t:|1695315347\n|-terastallize|p2b: 1ManArmy|Ghost\n|move|p1a: Klefki|Calm Mind|p1a: Klefki\n|-boost|p1a: Klefki|spa|1\n|-boost|p1a: Klefki|spd|1\n|move|p1b: Kommo-o|Iron Head|p2b: 1ManArmy\n|-damage|p2b: 1ManArmy|54\/100\n|cant|p2b: 1ManArmy|flinch\n|move|p2a: Ancient Evil|Trick Room|p2a: Ancient Evil\n|-fieldstart|move: Trick Room|[of] p2a: Ancient Evil\n|\n|-heal|p2b: 1ManArmy|60\/100|[from] item: Leftovers\n|-damage|p1a: Klefki|83\/100 brn|[from] brn\n|upkeep\n|turn|7\n|\n|t:|1695315364\n|move|p1a: Klefki|Calm Mind|p1a: Klefki\n|-boost|p1a: Klefki|spa|1\n|-boost|p1a: Klefki|spd|1\n|cant|p2a: Ancient Evil|par\n|move|p2b: 1ManArmy|Charge Beam|p1a: Klefki\n|-damage|p1a: Klefki|72\/100 brn\n|-boost|p2b: 1ManArmy|spa|1\n|move|p1b: Kommo-o|Breaking Swipe|p2b: 1ManArmy|[spread] p2a,p2b\n|-damage|p2a: Ancient Evil|64\/100 par\n|-damage|p2b: 1ManArmy|50\/100\n|-unboost|p2a: Ancient Evil|atk|1\n|-unboost|p2b: 1ManArmy|atk|1\n|\n|-heal|p2b: 1ManArmy|56\/100|[from] item: Leftovers\n|-damage|p1a: Klefki|66\/100 brn|[from] brn\n|upkeep\n|turn|8\n|\n|t:|1695315386\n|switch|p2a: Sweeper|Shuckle, L99, F|100\/100\n|move|p1a: Klefki|Thunder Wave|p2b: 1ManArmy\n|-status|p2b: 1ManArmy|par\n|cant|p2b: 1ManArmy|par\n|move|p1b: Kommo-o|Clangorous Soul|p1b: Kommo-o\n|-boost|p1b: Kommo-o|atk|1\n|-boost|p1b: Kommo-o|def|1\n|-boost|p1b: Kommo-o|spa|1\n|-boost|p1b: Kommo-o|spd|1\n|-boost|p1b: Kommo-o|spe|1\n|-damage|p1b: Kommo-o|68\/100\n|\n|-heal|p2b: 1ManArmy|62\/100 par|[from] item: Leftovers\n|-heal|p1b: Kommo-o|74\/100|[from] item: Leftovers\n|-damage|p1a: Klefki|60\/100 brn|[from] brn\n|upkeep\n|turn|9\n|\n|t:|1695315408\n|move|p1a: Klefki|Calm Mind|p1a: Klefki\n|-boost|p1a: Klefki|spa|1\n|-boost|p1a: Klefki|spd|1\n|move|p2a: Sweeper|Power Split|p1b: Kommo-o\n|-activate|p2a: Sweeper|move: Power Split|[of] p1b: Kommo-o\n|cant|p2b: 1ManArmy|par\n|move|p1b: Kommo-o|Drain Punch|p2a: Sweeper\n|-damage|p2a: Sweeper|86\/100\n|-heal|p1b: Kommo-o|80\/100|[from] drain|[of] p2a: Sweeper\n|\n|-heal|p2b: 1ManArmy|69\/100 par|[from] item: Leftovers\n|-heal|p1b: Kommo-o|86\/100|[from] item: Leftovers\n|-damage|p1a: Klefki|54\/100 brn|[from] brn\n|-sideend|p2: Killette2|Reflect\n|upkeep\n|turn|10\n|\n|t:|1695315424\n|move|p2a: Sweeper|Acupressure|p2b: 1ManArmy\n|-boost|p2b: 1ManArmy|spe|2\n|cant|p2b: 1ManArmy|par\n|move|p1a: Klefki|Draining Kiss|p2a: Sweeper\n|-damage|p2a: Sweeper|49\/100\n|-heal|p1a: Klefki|75\/100 brn|[from] drain|[of] p2a: Sweeper\n|move|p1b: Kommo-o|Iron Head|p2a: Sweeper\n|-supereffective|p2a: Sweeper\n|-damage|p2a: Sweeper|19\/100\n|\n|-heal|p2b: 1ManArmy|75\/100 par|[from] item: Leftovers\n|-heal|p1b: Kommo-o|92\/100|[from] item: Leftovers\n|-damage|p1a: Klefki|69\/100 brn|[from] brn\n|-fieldend|move: Trick Room\n|upkeep\n|turn|11\n|c|\u2606Killette2|Gg my team is sucking logs\n|c|\u2606Killette2|I can't do anything with this para it's ridiculous\n|inactive|Killette2 has 120 seconds left.\n|\n|t:|1695315470\n|switch|p2a: Krampus|Grimmsnarl, M|2\/100\n|move|p1b: Kommo-o|Iron Head|p2b: 1ManArmy\n|-damage|p2b: 1ManArmy|63\/100 par\n|move|p1a: Klefki|Draining Kiss|p2a: Krampus\n|-supereffective|p2a: Krampus\n|-crit|p2a: Krampus\n|-damage|p2a: Krampus|0 fnt\n|-heal|p1a: Klefki|70\/100 brn|[from] drain|[of] p2a: Krampus\n|faint|p2a: Krampus\n|move|p2b: 1ManArmy|Rest|p2b: 1ManArmy\n|-status|p2b: 1ManArmy|slp|[from] move: Rest\n|-heal|p2b: 1ManArmy|100\/100 slp|[silent]\n|\n|-heal|p1b: Kommo-o|98\/100|[from] item: Leftovers\n|-damage|p1a: Klefki|64\/100 brn|[from] brn\n|upkeep\n|\n|t:|1695315480\n|switch|p2a: Ancient Evil|Cofagrigus, L99, M|64\/100 par\n|turn|12\n|\n|t:|1695315487\n|move|p1b: Kommo-o|Iron Head|p2a: Ancient Evil\n|-damage|p2a: Ancient Evil|44\/100 par\n|cant|p2b: 1ManArmy|slp\n|move|p1a: Klefki|Draining Kiss|p2a: Ancient Evil\n|-damage|p2a: Ancient Evil|0 fnt\n|-heal|p1a: Klefki|90\/100 brn|[from] drain|[of] p2a: Ancient Evil\n|-activate|p2a: Ancient Evil|ability: Mummy|Prankster|[of] p1a: Klefki\n|faint|p2a: Ancient Evil\n|\n|-heal|p1b: Kommo-o|100\/100|[from] item: Leftovers\n|-damage|p1a: Klefki|84\/100 brn|[from] brn\n|upkeep\n|inactive|Killette2 has 120 seconds left.\n|inactive|Killette2 has 90 seconds left.\n|inactive|Killette2 has 60 seconds left.\n|inactive|Killette2 has 30 seconds left.\n|inactive|Killette2 has 20 seconds left.\n|inactive|Killette2 has 15 seconds left.\n|inactive|Killette2 has 10 seconds left.\n|inactive|Killette2 has 5 seconds left.\n|-message|Killette2 lost due to inactivity.\n|\n|win|AerixThorn\n|raw|AerixThorn's rating: 1184 &rarr; <strong>1215<\/strong><br \/>(+31 for winning)\n|raw|Killette2's rating: 1269 &rarr; <strong>1238<\/strong><br \/>(-31 for losing)\n","uploadtime":1695315660,"views":11,"p1id":"aerixthorn","p2id":"killette2","formatid":"gen9nationaldexdoubles","rating":1215,"private":0,"password":""}