{"id":"gen9nationaldexdoubles-1957140562","p1":"MasterPangolin","p2":"PopperLePenguin","format":"[Gen 9] National Dex Doubles","log":"|j|\u2606MasterPangolin\n|j|\u2606PopperLePenguin\n|t:|1696189797\n|gametype|doubles\n|player|p1|MasterPangolin|milo|1182\n|player|p2|PopperLePenguin|clerkf|1076\n|teamsize|p1|6\n|teamsize|p2|6\n|gen|9\n|tier|[Gen 9] National Dex Doubles\n|rated|\n|rule|HP Percentage Mod: HP is shown in percentages\n|rule|Endless Battle Clause: Forcing endless battles is banned\n|rule|OHKO Clause: OHKO moves are banned\n|rule|Evasion Moves Clause: Evasion moves are banned\n|rule|Evasion Abilities Clause: Evasion abilities are banned\n|rule|Species Clause: Limit one of each Pok\u00e9mon\n|rule|Gravity Sleep Clause: The combination of sleep-inducing moves with imperfect accuracy and Gravity or Gigantamax Orbeetle are banned\n|clearpoke\n|poke|p1|Sableye, F|\n|poke|p1|Terrakion|\n|poke|p1|Armarouge, F|\n|poke|p1|Ogerpon-Wellspring, F|\n|poke|p1|Togekiss, M|\n|poke|p1|Goodra-Hisui, M|\n|poke|p2|Pelipper, F|\n|poke|p2|Overqwil, M|\n|poke|p2|Basculegion-F, F|\n|poke|p2|Zapdos|\n|poke|p2|Beartic, F|\n|poke|p2|Ludicolo, M|\n|teampreview\n|inactive|Battle timer is ON: inactive players will automatically lose when time's up. (requested by MasterPangolin)\n|\n|t:|1696189827\n|start\n|switch|p1a: Sableye|Sableye, F, shiny|100\/100\n|switch|p1b: Ogerpon|Ogerpon-Wellspring, F|100\/100\n|switch|p2a: Pelipper|Pelipper, F|100\/100\n|switch|p2b: Overqwil|Overqwil, M|100\/100\n|-weather|RainDance|[from] ability: Drizzle|[of] p2a: Pelipper\n|turn|1\n|\n|t:|1696189849\n|detailschange|p1a: Sableye|Sableye-Mega, F, shiny\n|-mega|p1a: Sableye|Sableye|Sablenite\n|move|p1b: Ogerpon|Spiky Shield|p1b: Ogerpon\n|-singleturn|p1b: Ogerpon|move: Protect\n|move|p2b: Overqwil|Swords Dance|p2b: Overqwil\n|-boost|p2b: Overqwil|atk|2\n|move|p2a: Pelipper|Hurricane|p1a: Sableye\n|-damage|p1a: Sableye|68\/100\n|move|p1a: Sableye|Dark Pulse|p2a: Pelipper\n|-damage|p2a: Pelipper|64\/100\n|\n|-weather|RainDance|[upkeep]\n|upkeep\n|turn|2\n|\n|t:|1696189874\n|move|p2b: Overqwil|Barb Barrage|p1b: Ogerpon\n|-supereffective|p1b: Ogerpon\n|-crit|p1b: Ogerpon\n|-damage|p1b: Ogerpon|0 fnt\n|faint|p1b: Ogerpon\n|-damage|p2b: Overqwil|91\/100|[from] item: Life Orb\n|move|p2a: Pelipper|Hurricane|p1a: Sableye\n|-damage|p1a: Sableye|38\/100\n|move|p1a: Sableye|Recover|p1a: Sableye\n|-heal|p1a: Sableye|88\/100\n|\n|-weather|RainDance|[upkeep]\n|upkeep\n|\n|t:|1696189888\n|switch|p1b: Terrakion|Terrakion|100\/100\n|turn|3\n|\n|t:|1696189910\n|-terastallize|p2b: Overqwil|Water\n|move|p2b: Overqwil|Liquidation|p1a: Sableye\n|-damage|p1a: Sableye|0 fnt\n|faint|p1a: Sableye\n|-damage|p2b: Overqwil|81\/100|[from] item: Life Orb\n|move|p1b: Terrakion|Earthquake|p2b: Overqwil|[spread] p2b\n|-immune|p2a: Pelipper\n|-damage|p2b: Overqwil|52\/100\n|move|p2a: Pelipper|Scald|p1b: Terrakion\n|-supereffective|p1b: Terrakion\n|-damage|p1b: Terrakion|11\/100\n|-status|p1b: Terrakion|brn\n|\n|-weather|RainDance|[upkeep]\n|-damage|p1b: Terrakion|5\/100 brn|[from] brn\n|upkeep\n|inactive|MasterPangolin has 120 seconds left.\n|\n|t:|1696189926\n|switch|p1a: Goodra|Goodra-Hisui, M|100\/100\n|turn|4\n|\n|t:|1696189951\n|switch|p2a: Beartic|Beartic, F|100\/100\n|move|p1b: Terrakion|Protect|p1b: Terrakion\n|-singleturn|p1b: Terrakion|Protect\n|move|p2b: Overqwil|Crunch|p1a: Goodra\n|-damage|p1a: Goodra|4\/100\n|-damage|p2b: Overqwil|42\/100|[from] item: Life Orb\n|move|p1a: Goodra|Acid Armor|p1a: Goodra\n|-boost|p1a: Goodra|def|2\n|\n|-weather|RainDance|[upkeep]\n|-heal|p1a: Goodra|10\/100|[from] item: Leftovers\n|-damage|p1b: Terrakion|0 fnt|[from] brn\n|faint|p1b: Terrakion\n|upkeep\n|\n|t:|1696189967\n|switch|p1b: Togekiss|Togekiss, M|100\/100\n|turn|5\n|\n|t:|1696189982\n|move|p1b: Togekiss|Follow Me|p1b: Togekiss\n|-singleturn|p1b: Togekiss|move: Follow Me\n|move|p2b: Overqwil|Barb Barrage|p1b: Togekiss\n|-supereffective|p1b: Togekiss\n|-damage|p1b: Togekiss|0 fnt\n|faint|p1b: Togekiss\n|-damage|p2b: Overqwil|32\/100|[from] item: Life Orb\n|move|p2a: Beartic|Close Combat|p1a: Goodra\n|-supereffective|p1a: Goodra\n|-damage|p1a: Goodra|0 fnt\n|-unboost|p2a: Beartic|def|1\n|-unboost|p2a: Beartic|spd|1\n|faint|p1a: Goodra\n|-damage|p2a: Beartic|91\/100|[from] item: Life Orb\n|\n|-weather|RainDance|[upkeep]\n|upkeep\n|\n|t:|1696189991\n|switch|p1b: Armarouge|Armarouge, F|100\/100\n|turn|6\n|-message|MasterPangolin forfeited.\n|\n|win|PopperLePenguin\n|raw|MasterPangolin's rating: 1182 &rarr; <strong>1150<\/strong><br \/>(-32 for losing)\n|raw|PopperLePenguin's rating: 1076 &rarr; <strong>1113<\/strong><br \/>(+37 for winning)\n|l|\u2606MasterPangolin\n","uploadtime":1696190012,"views":12,"p1id":"masterpangolin","p2id":"popperlepenguin","formatid":"gen9nationaldexdoubles","rating":1113,"private":0,"password":""}