{"id":"gen9nationaldexdoubles-1953418451","p1":"trainerredtheog_17","p2":"u enjoy LOSING ?","format":"[Gen 9] National Dex Doubles","log":"|j|\u2606trainerredtheog_17\n|j|\u2606u enjoy LOSING ?\n|t:|1695784534\n|gametype|doubles\n|player|p1|trainerredtheog_17|101|1174\n|player|p2|u enjoy LOSING ?|youngster-gen4dp|1040\n|teamsize|p1|6\n|teamsize|p2|6\n|gen|9\n|tier|[Gen 9] National Dex Doubles\n|rated|\n|rule|HP Percentage Mod: HP is shown in percentages\n|rule|Endless Battle Clause: Forcing endless battles is banned\n|rule|OHKO Clause: OHKO moves are banned\n|rule|Evasion Moves Clause: Evasion moves are banned\n|rule|Evasion Abilities Clause: Evasion abilities are banned\n|rule|Species Clause: Limit one of each Pok\u00e9mon\n|rule|Gravity Sleep Clause: The combination of sleep-inducing moves with imperfect accuracy and Gravity or Gigantamax Orbeetle are banned\n|clearpoke\n|poke|p1|Espeon, F|\n|poke|p1|Indeedee-F, F|\n|poke|p1|Ninetales, F|\n|poke|p1|Leafeon, F|\n|poke|p1|Umbreon, F|\n|poke|p1|Ursaluna-Bloodmoon, M|\n|poke|p2|Blastoise, F|\n|poke|p2|Clefable, F|\n|poke|p2|Indeedee-F, F|\n|poke|p2|Mr. Mime, F|\n|poke|p2|Glastrier|\n|poke|p2|Oranguru, M|\n|teampreview\n|\n|t:|1695784547\n|start\n|switch|p1a: Espeon|Espeon, F|100\/100\n|switch|p1b: Indeedee|Indeedee-F, F|100\/100\n|switch|p2a: Glastrier|Glastrier|100\/100\n|switch|p2b: Mr. Mime|Mr. Mime, F|100\/100\n|-fieldstart|move: Psychic Terrain|[from] ability: Psychic Surge|[of] p1b: Indeedee\n|turn|1\n|\n|t:|1695784561\n|switch|p1b: Ninetales|Ninetales, F|100\/100\n|-weather|SunnyDay|[from] ability: Drought|[of] p1b: Ninetales\n|move|p2b: Mr. Mime|Wide Guard|p2b: Mr. Mime\n|-singleturn|p2b: Mr. Mime|Wide Guard\n|move|p1a: Espeon|Calm Mind|p1a: Espeon\n|-boost|p1a: Espeon|spa|1\n|-boost|p1a: Espeon|spd|1\n|move|p2a: Glastrier|Icicle Spear|p1a: Espeon\n|-damage|p1a: Espeon|69\/100\n|-damage|p1a: Espeon|38\/100\n|-damage|p1a: Espeon|6\/100\n|-damage|p1a: Espeon|0 fnt\n|faint|p1a: Espeon\n|-ability|p2a: Glastrier|Chilling Neigh|boost\n|-boost|p2a: Glastrier|atk|1\n|-hitcount|p1: Espeon|4\n|\n|-weather|SunnyDay|[upkeep]\n|upkeep\n|inactive|Battle timer is ON: inactive players will automatically lose when time's up. (requested by u enjoy LOSING ?)\n|\n|t:|1695784582\n|switch|p1a: Leafeon|Leafeon, F|100\/100\n|turn|2\n|\n|t:|1695784588\n|move|p2b: Mr. Mime|Follow Me|p2b: Mr. Mime\n|-singleturn|p2b: Mr. Mime|move: Follow Me\n|move|p1a: Leafeon|Knock Off|p2b: Mr. Mime\n|-damage|p2b: Mr. Mime|66\/100\n|-enditem|p2b: Mr. Mime|Focus Sash|[from] move: Knock Off|[of] p1a: Leafeon\n|move|p1b: Ninetales|Flamethrower|p2b: Mr. Mime\n|-damage|p2b: Mr. Mime|0 fnt\n|faint|p2b: Mr. Mime\n|move|p2a: Glastrier|Stomping Tantrum|p1b: Ninetales\n|-supereffective|p1b: Ninetales\n|-damage|p1b: Ninetales|0 fnt\n|faint|p1b: Ninetales\n|-ability|p2a: Glastrier|Chilling Neigh|boost\n|-boost|p2a: Glastrier|atk|1\n|\n|-weather|SunnyDay|[upkeep]\n|upkeep\n|\n|t:|1695784607\n|switch|p1b: Indeedee|Indeedee-F, F|100\/100\n|switch|p2b: Indeedee|Indeedee-F, F|100\/100\n|turn|3\n|\n|t:|1695784631\n|move|p2a: Glastrier|Protect|p2a: Glastrier\n|-singleturn|p2a: Glastrier|Protect\n|move|p1a: Leafeon|Knock Off|p2b: Indeedee\n|-supereffective|p2b: Indeedee\n|-damage|p2b: Indeedee|47\/100\n|-enditem|p2b: Indeedee|Focus Sash|[from] move: Knock Off|[of] p1a: Leafeon\n|move|p1b: Indeedee|Expanding Force|p2b: Indeedee|[spread] p2b\n|-activate|p2a: Glastrier|move: Protect\n|-resisted|p2b: Indeedee\n|-damage|p2b: Indeedee|23\/100\n|move|p2b: Indeedee|Trick Room|p2b: Indeedee\n|-fieldstart|move: Trick Room|[of] p2b: Indeedee\n|\n|-weather|SunnyDay|[upkeep]\n|upkeep\n|turn|4\n|\n|t:|1695784651\n|switch|p1a: Ursaluna|Ursaluna-Bloodmoon, M|100\/100\n|move|p2b: Indeedee|Follow Me|p2b: Indeedee\n|-singleturn|p2b: Indeedee|move: Follow Me\n|move|p2a: Glastrier|Icicle Spear|p1b: Indeedee\n|-damage|p1b: Indeedee|60\/100\n|-damage|p1b: Indeedee|17\/100\n|-damage|p1b: Indeedee|0 fnt\n|faint|p1b: Indeedee\n|-ability|p2a: Glastrier|Chilling Neigh|boost\n|-boost|p2a: Glastrier|atk|1\n|-hitcount|p1: Indeedee|3\n|\n|-weather|SunnyDay|[upkeep]\n|upkeep\n|\n|t:|1695784665\n|switch|p1b: Umbreon|Umbreon, F|100\/100\n|turn|5\n|\n|t:|1695784682\n|move|p2b: Indeedee|Follow Me|p2b: Indeedee\n|-singleturn|p2b: Indeedee|move: Follow Me\n|move|p2a: Glastrier|Icicle Spear|p1a: Ursaluna\n|-supereffective|p1a: Ursaluna\n|-damage|p1a: Ursaluna|54\/100\n|-supereffective|p1a: Ursaluna\n|-damage|p1a: Ursaluna|7\/100\n|-supereffective|p1a: Ursaluna\n|-damage|p1a: Ursaluna|0 fnt\n|faint|p1a: Ursaluna\n|-ability|p2a: Glastrier|Chilling Neigh|boost\n|-boost|p2a: Glastrier|atk|1\n|-hitcount|p1: Ursaluna|3\n|move|p1b: Umbreon|Calm Mind|p1b: Umbreon\n|-boost|p1b: Umbreon|spa|1\n|-boost|p1b: Umbreon|spd|1\n|\n|-weather|none\n|-fieldend|move: Psychic Terrain\n|upkeep\n|-message|trainerredtheog_17 forfeited.\n|\n|win|u enjoy LOSING ?\n|raw|trainerredtheog_17's rating: 1174 &rarr; <strong>1140<\/strong><br \/>(-34 for losing)\n|raw|u enjoy LOSING ?'s rating: 1040 &rarr; <strong>1086<\/strong><br \/>(+46 for winning)\n|l|\u2606trainerredtheog_17\n|l|\u2606u enjoy LOSING ?\n|j| Commentator Voice\n|c| Commentator Voice|PUAHAAHAHHA OUTPLAYED AT EVERY TURN\n|c| Commentator Voice|HUMILIATED !\n","uploadtime":1695784714,"views":11,"p1id":"trainerredtheog17","p2id":"uenjoylosing","formatid":"gen9nationaldexdoubles","rating":1086,"private":0,"password":""}