{"id":"gen9nationaldexdoubles-1953878798","p1":"pbjk","p2":"Skeliton Lord","format":"[Gen 9] National Dex Doubles","log":"|j|\u2606pbjk\n|j|\u2606Skeliton Lord\n|t:|1695835158\n|gametype|doubles\n|player|p1|pbjk|brock|1101\n|player|p2|Skeliton Lord|102|1079\n|teamsize|p1|6\n|teamsize|p2|6\n|gen|9\n|tier|[Gen 9] National Dex Doubles\n|rated|\n|rule|HP Percentage Mod: HP is shown in percentages\n|rule|Endless Battle Clause: Forcing endless battles is banned\n|rule|OHKO Clause: OHKO moves are banned\n|rule|Evasion Moves Clause: Evasion moves are banned\n|rule|Evasion Abilities Clause: Evasion abilities are banned\n|rule|Species Clause: Limit one of each Pok\u00e9mon\n|rule|Gravity Sleep Clause: The combination of sleep-inducing moves with imperfect accuracy and Gravity or Gigantamax Orbeetle are banned\n|clearpoke\n|poke|p1|Onix, F|\n|poke|p1|Aerodactyl, F|\n|poke|p1|Golem, M|\n|poke|p1|Kleavor, M|\n|poke|p1|Arcanine-Hisui, M|\n|poke|p1|Tyranitar, F|\n|poke|p2|Venusaur, F|\n|poke|p2|Charizard, M|\n|poke|p2|Flutter Mane|\n|poke|p2|Grimmsnarl, M|\n|poke|p2|Gholdengo|\n|poke|p2|Great Tusk|\n|teampreview\n|inactive|Battle timer is ON: inactive players will automatically lose when time's up. (requested by Skeliton Lord)\n|\n|t:|1695835167\n|start\n|switch|p1a: Onix|Onix, F|100\/100\n|switch|p1b: Tyranitar|Tyranitar, F|100\/100\n|switch|p2a: Charizard|Charizard, M|100\/100\n|switch|p2b: Flutter Mane|Flutter Mane|100\/100\n|-weather|Sandstorm|[from] ability: Sand Stream|[of] p1b: Tyranitar\n|turn|1\n|\n|t:|1695835187\n|detailschange|p2a: Charizard|Charizard-Mega-Y, M\n|-mega|p2a: Charizard|Charizard|Charizardite Y\n|-weather|SunnyDay|[from] ability: Drought|[of] p2a: Charizard\n|-activate|p2b: Flutter Mane|ability: Protosynthesis\n|-start|p2b: Flutter Mane|protosynthesisspe\n|move|p2a: Charizard|Protect|p2a: Charizard\n|-singleturn|p2a: Charizard|Protect\n|move|p2b: Flutter Mane|Dazzling Gleam|p1a: Onix|[spread] p1a,p1b\n|-supereffective|p1b: Tyranitar\n|-damage|p1a: Onix|21\/100\n|-damage|p1b: Tyranitar|2\/100\n|move|p1a: Onix|Stealth Rock|p2b: Flutter Mane\n|-sidestart|p2: Skeliton Lord|move: Stealth Rock\n|move|p1b: Tyranitar|Stone Edge|p2a: Charizard\n|-activate|p2a: Charizard|move: Protect\n|\n|-weather|SunnyDay|[upkeep]\n|upkeep\n|turn|2\n|\n|t:|1695835214\n|switch|p1b: Kleavor|Kleavor, M|100\/100\n|move|p1a: Onix|Protect|p1a: Onix\n|-singleturn|p1a: Onix|Protect\n|move|p2b: Flutter Mane|Dazzling Gleam|p1b: Kleavor|[spread] p1b\n|-activate|p1a: Onix|move: Protect\n|-damage|p1b: Kleavor|17\/100\n|move|p2a: Charizard|Tailwind|p2a: Charizard\n|-sidestart|p2: Skeliton Lord|move: Tailwind\n|\n|-weather|SunnyDay|[upkeep]\n|upkeep\n|turn|3\n|\n|t:|1695835238\n|move|p2b: Flutter Mane|Dazzling Gleam|p1a: Onix|[spread] p1a,p1b\n|-damage|p1a: Onix|0 fnt\n|-damage|p1b: Kleavor|0 fnt\n|faint|p1a: Onix\n|faint|p1b: Kleavor\n|move|p2a: Charizard|Ancient Power|p1: Onix|[notarget]\n|-fail|p2a: Charizard\n|\n|-weather|SunnyDay|[upkeep]\n|upkeep\n|\n|t:|1695835247\n|switch|p1b: Golem|Golem, M|100\/100\n|switch|p1a: Tyranitar|Tyranitar, F|2\/100\n|-weather|Sandstorm|[from] ability: Sand Stream|[of] p1a: Tyranitar\n|-end|p2b: Flutter Mane|Protosynthesis\n|turn|4\n|\n|t:|1695835265\n|move|p2a: Charizard|Protect|p2a: Charizard\n|-singleturn|p2a: Charizard|Protect\n|move|p2b: Flutter Mane|Dazzling Gleam|p1a: Tyranitar|[spread] p1a,p1b\n|-supereffective|p1a: Tyranitar\n|-damage|p1a: Tyranitar|0 fnt\n|-damage|p1b: Golem|70\/100\n|faint|p1a: Tyranitar\n|move|p1b: Golem|Rock Slide|p2a: Charizard|[spread] p2b\n|-activate|p2a: Charizard|move: Protect\n|-damage|p2b: Flutter Mane|44\/100\n|\n|-weather|Sandstorm|[upkeep]\n|-damage|p2b: Flutter Mane|38\/100|[from] Sandstorm\n|-damage|p2a: Charizard|94\/100|[from] Sandstorm\n|upkeep\n|\n|t:|1695835279\n|switch|p1a: Arcanine|Arcanine-Hisui, M|100\/100\n|-ability|p1a: Arcanine|Intimidate|boost\n|-unboost|p2a: Charizard|atk|1\n|-unboost|p2b: Flutter Mane|atk|1\n|turn|5\n|\n|t:|1695835291\n|-end|p2b: Flutter Mane|Protosynthesis|[silent]\n|switch|p2b: Venusaur|Venusaur, F|100\/100\n|-damage|p2b: Venusaur|88\/100|[from] Stealth Rock\n|switch|p2a: Grimmsnarl|Grimmsnarl, M|100\/100\n|-damage|p2a: Grimmsnarl|88\/100|[from] Stealth Rock\n|switch|p1b: Aerodactyl|Aerodactyl, F|100\/100\n|-ability|p1b: Aerodactyl|Pressure\n|move|p1a: Arcanine|Rock Slide|p2b: Venusaur|[spread] p2a,p2b\n|-damage|p2a: Grimmsnarl|49\/100\n|-damage|p2b: Venusaur|45\/100\n|\n|-weather|Sandstorm|[upkeep]\n|-damage|p2b: Venusaur|39\/100|[from] Sandstorm\n|-damage|p2a: Grimmsnarl|43\/100|[from] Sandstorm\n|-sideend|p2: Skeliton Lord|move: Tailwind\n|upkeep\n|turn|6\n|inactive|pbjk has 120 seconds left.\n|\n|t:|1695835322\n|switch|p1a: Golem|Golem, M|70\/100\n|detailschange|p1b: Aerodactyl|Aerodactyl-Mega, F\n|-mega|p1b: Aerodactyl|Aerodactyl|Aerodactylite\n|move|p2a: Grimmsnarl|Reflect|p2a: Grimmsnarl\n|-sidestart|p2: Skeliton Lord|Reflect\n|move|p1b: Aerodactyl|Dual Wingbeat|p2b: Venusaur\n|-supereffective|p2b: Venusaur\n|-damage|p2b: Venusaur|0 fnt\n|faint|p2b: Venusaur\n|-hitcount|p2: Venusaur|1\n|\n|-weather|Sandstorm|[upkeep]\n|-damage|p2a: Grimmsnarl|37\/100|[from] Sandstorm\n|upkeep\n|\n|t:|1695835333\n|switch|p2b: Charizard|Charizard-Mega-Y, M|94\/100\n|-damage|p2b: Charizard|45\/100|[from] Stealth Rock\n|-weather|SunnyDay|[from] ability: Drought|[of] p2b: Charizard\n|turn|7\n|\n|t:|1695835346\n|move|p2b: Charizard|Protect|p2b: Charizard\n|-singleturn|p2b: Charizard|Protect\n|move|p2a: Grimmsnarl|Parting Shot|p1b: Aerodactyl\n|-unboost|p1b: Aerodactyl|atk|1\n|-unboost|p1b: Aerodactyl|spa|1\n|\n|t:|1695835351\n|switch|p2a: Great Tusk|Great Tusk|100\/100|[from] Parting Shot\n|-damage|p2a: Great Tusk|98\/100|[from] Stealth Rock\n|-activate|p2a: Great Tusk|ability: Protosynthesis\n|-start|p2a: Great Tusk|protosynthesisatk\n|move|p1b: Aerodactyl|Dual Wingbeat|p2b: Charizard\n|-activate|p2b: Charizard|move: Protect\n|move|p1a: Golem|Rock Slide|p2b: Charizard|[spread] p2a\n|-activate|p2b: Charizard|move: Protect\n|-resisted|p2a: Great Tusk\n|-damage|p2a: Great Tusk|94\/100\n|\n|-weather|SunnyDay|[upkeep]\n|upkeep\n|turn|8\n|\n|t:|1695835373\n|switch|p1a: Arcanine|Arcanine-Hisui, M|100\/100\n|-ability|p1a: Arcanine|Intimidate|boost\n|-unboost|p2a: Great Tusk|atk|1\n|-enditem|p2a: Great Tusk|Eject Pack\n|-unboost|p2b: Charizard|atk|1\n|\n|t:|1695835381\n|-end|p2a: Great Tusk|Protosynthesis|[silent]\n|switch|p2a: Grimmsnarl|Grimmsnarl, M|37\/100\n|-damage|p2a: Grimmsnarl|24\/100|[from] Stealth Rock\n|move|p1b: Aerodactyl|Dual Wingbeat|p2a: Grimmsnarl\n|-crit|p2a: Grimmsnarl\n|-damage|p2a: Grimmsnarl|0 fnt\n|faint|p2a: Grimmsnarl\n|-hitcount|p2: Grimmsnarl|1\n|move|p2b: Charizard|Ancient Power|p1b: Aerodactyl\n|-supereffective|p1b: Aerodactyl\n|-damage|p1b: Aerodactyl|43\/100\n|\n|-weather|SunnyDay|[upkeep]\n|upkeep\n|\n|t:|1695835384\n|switch|p2a: Flutter Mane|Flutter Mane|38\/100\n|-damage|p2a: Flutter Mane|26\/100|[from] Stealth Rock\n|-activate|p2a: Flutter Mane|ability: Protosynthesis\n|-start|p2a: Flutter Mane|protosynthesisspe\n|turn|9\n|\n|t:|1695835410\n|switch|p1b: Golem|Golem, M|70\/100\n|move|p2b: Charizard|Protect|p2b: Charizard\n|-singleturn|p2b: Charizard|Protect\n|move|p2a: Flutter Mane|Dazzling Gleam|p1b: Golem|[spread] p1a,p1b\n|-resisted|p1a: Arcanine\n|-damage|p1a: Arcanine|71\/100\n|-damage|p1b: Golem|29\/100\n|move|p1a: Arcanine|Rock Slide|p2a: Flutter Mane|[spread] p2a\n|-activate|p2b: Charizard|move: Protect\n|-damage|p2a: Flutter Mane|0 fnt\n|faint|p2a: Flutter Mane\n|-end|p2a: Flutter Mane|Protosynthesis|[silent]\n|\n|-weather|SunnyDay|[upkeep]\n|upkeep\n|\n|t:|1695835413\n|switch|p2a: Gholdengo|Gholdengo|100\/100\n|-damage|p2a: Gholdengo|94\/100|[from] Stealth Rock\n|turn|10\n|\n|t:|1695835430\n|switch|p1a: Aerodactyl|Aerodactyl-Mega, F|43\/100\n|move|p2a: Gholdengo|Make It Rain|p1b: Golem|[spread] p1a,p1b\n|-supereffective|p1a: Aerodactyl\n|-supereffective|p1b: Golem\n|-damage|p1a: Aerodactyl|0 fnt\n|-damage|p1b: Golem|0 fnt\n|-unboost|p2a: Gholdengo|spa|1\n|faint|p1a: Aerodactyl\n|faint|p1b: Golem\n|move|p2b: Charizard|Tailwind|p2b: Charizard\n|-sidestart|p2: Skeliton Lord|move: Tailwind\n|\n|-weather|SunnyDay|[upkeep]\n|upkeep\n|\n|t:|1695835445\n|switch|p1b: Arcanine|Arcanine-Hisui, M|71\/100\n|-ability|p1b: Arcanine|Intimidate|boost\n|-unboost|p2a: Gholdengo|atk|1\n|-unboost|p2b: Charizard|atk|1\n|turn|11\n|\n|t:|1695835453\n|move|p2a: Gholdengo|Make It Rain|p1b: Arcanine\n|-damage|p1b: Arcanine|22\/100\n|-unboost|p2a: Gholdengo|spa|1\n|move|p2b: Charizard|Ancient Power|p1b: Arcanine\n|-supereffective|p1b: Arcanine\n|-damage|p1b: Arcanine|0 fnt\n|-boost|p2b: Charizard|atk|1\n|-boost|p2b: Charizard|def|1\n|-boost|p2b: Charizard|spa|1\n|-boost|p2b: Charizard|spd|1\n|-boost|p2b: Charizard|spe|1\n|faint|p1b: Arcanine\n|\n|win|Skeliton Lord\n|raw|pbjk's rating: 1101 &rarr; <strong>1074<\/strong><br \/>(-27 for losing)\n|raw|Skeliton Lord's rating: 1079 &rarr; <strong>1109<\/strong><br \/>(+30 for winning)\n|c|\u2606pbjk|gg\n|c|\u2606Skeliton Lord|gg\n|l|\u2606pbjk\n","uploadtime":1695835467,"views":10,"p1id":"pbjk","p2id":"skelitonlord","formatid":"gen9nationaldexdoubles","rating":1074,"private":0,"password":""}