{"id":"gen9nationaldexdoubles-1952852639","p1":"Luck0795","p2":"Shido464","format":"[Gen 9] National Dex Doubles","log":"|j|\u2606Luck0795\n|j|\u2606Shido464\n|t:|1695735169\n|gametype|doubles\n|player|p1|Luck0795|blackbelt-gen4dp|1000\n|player|p2|Shido464|shadowtriad|1089\n|teamsize|p1|6\n|teamsize|p2|6\n|gen|9\n|tier|[Gen 9] National Dex Doubles\n|rated|\n|rule|HP Percentage Mod: HP is shown in percentages\n|rule|Endless Battle Clause: Forcing endless battles is banned\n|rule|OHKO Clause: OHKO moves are banned\n|rule|Evasion Moves Clause: Evasion moves are banned\n|rule|Evasion Abilities Clause: Evasion abilities are banned\n|rule|Species Clause: Limit one of each Pok\u00e9mon\n|rule|Gravity Sleep Clause: The combination of sleep-inducing moves with imperfect accuracy and Gravity or Gigantamax Orbeetle are banned\n|clearpoke\n|poke|p1|Cinderace, F|\n|poke|p1|Regieleki|\n|poke|p1|Floatzel, M|\n|poke|p1|Hippowdon, F|\n|poke|p1|Maushold-Four|\n|poke|p1|Rillaboom, M|\n|poke|p2|Sceptile, M|\n|poke|p2|Pelipper, M|\n|poke|p2|Basculegion, M|\n|poke|p2|Scizor, M|\n|poke|p2|Goodra-Hisui, M|\n|poke|p2|Muk-Alola, M|\n|teampreview\n|\n|t:|1695735185\n|start\n|switch|p1a: Regieleki|Regieleki|100\/100\n|switch|p1b: Rillaboom|Rillaboom, M|100\/100\n|switch|p2a: Sceptile|Sceptile, M|100\/100\n|switch|p2b: Pelipper|Pelipper, M|100\/100\n|-fieldstart|move: Grassy Terrain|[from] ability: Grassy Surge|[of] p1b: Rillaboom\n|-weather|RainDance|[from] ability: Drizzle|[of] p2b: Pelipper\n|turn|1\n|\n|t:|1695735201\n|detailschange|p2a: Sceptile|Sceptile-Mega, M\n|-mega|p2a: Sceptile|Sceptile|Sceptilite\n|move|p1b: Rillaboom|Fake Out|p2a: Sceptile\n|-damage|p2a: Sceptile|80\/100\n|move|p1a: Regieleki|Thunder Cage|p2a: Sceptile\n|-activate|p2a: Sceptile|ability: Lightning Rod\n|-ability|p2a: Sceptile|Lightning Rod|boost\n|-boost|p2a: Sceptile|spa|1\n|cant|p2a: Sceptile|flinch\n|move|p2b: Pelipper|Hurricane|p1b: Rillaboom\n|-supereffective|p1b: Rillaboom\n|-damage|p1b: Rillaboom|15\/100\n|\n|-weather|RainDance|[upkeep]\n|-heal|p2a: Sceptile|86\/100|[from] Grassy Terrain\n|-heal|p1b: Rillaboom|21\/100|[from] Grassy Terrain\n|upkeep\n|turn|2\n|\n|t:|1695735229\n|switch|p1b: Hippowdon|Hippowdon, F|100\/100\n|move|p1a: Regieleki|Light Screen|p1a: Regieleki\n|-sidestart|p1: Luck0795|move: Light Screen\n|move|p2a: Sceptile|Dragon Pulse|p1b: Hippowdon\n|-damage|p1b: Hippowdon|58\/100\n|move|p2b: Pelipper|Tailwind|p2b: Pelipper\n|-sidestart|p2: Shido464|move: Tailwind\n|\n|-weather|RainDance|[upkeep]\n|-heal|p2a: Sceptile|92\/100|[from] Grassy Terrain\n|-heal|p1b: Hippowdon|64\/100|[from] Grassy Terrain\n|-heal|p1b: Hippowdon|70\/100|[from] item: Leftovers\n|upkeep\n|turn|3\n|\n|t:|1695735262\n|switch|p1a: Maushold|Maushold-Four|100\/100\n|move|p2a: Sceptile|Giga Drain|p1b: Hippowdon\n|-supereffective|p1b: Hippowdon\n|-damage|p1b: Hippowdon|0 fnt\n|-heal|p2a: Sceptile|100\/100|[from] drain|[of] p1b: Hippowdon\n|faint|p1b: Hippowdon\n|move|p2b: Pelipper|Defog|p1a: Maushold\n|-unboost|p1a: Maushold|evasion|1\n|-sideend|p1: Luck0795|move: Light Screen\n|-fieldend|move: Grassy Terrain\n|\n|-weather|RainDance|[upkeep]\n|upkeep\n|\n|t:|1695735270\n|switch|p1b: Floatzel|Floatzel, M|100\/100\n|turn|4\n|\n|t:|1695735284\n|move|p2a: Sceptile|Giga Drain|p1b: Floatzel\n|-supereffective|p1b: Floatzel\n|-damage|p1b: Floatzel|0 fnt\n|faint|p1b: Floatzel\n|move|p1a: Maushold|Super Fang|p2a: Sceptile\n|-damage|p2a: Sceptile|51\/100\n|move|p2b: Pelipper|Surf|p1a: Maushold|[spread] p2a,p1a\n|-resisted|p2a: Sceptile\n|-damage|p2a: Sceptile|35\/100\n|-damage|p1a: Maushold|34\/100\n|\n|-weather|RainDance|[upkeep]\n|upkeep\n|\n|t:|1695735300\n|switch|p1b: Rillaboom|Rillaboom, M|21\/100\n|-fieldstart|move: Grassy Terrain|[from] ability: Grassy Surge|[of] p1b: Rillaboom\n|turn|5\n|\n|t:|1695735311\n|move|p2a: Sceptile|Protect|p2a: Sceptile\n|-singleturn|p2a: Sceptile|Protect\n|move|p1b: Rillaboom|Fake Out|p2a: Sceptile\n|-activate|p2a: Sceptile|move: Protect\n|move|p1a: Maushold|Beat Up|p2a: Sceptile\n|-activate|p2a: Sceptile|move: Protect\n|move|p2b: Pelipper|Surf|p1b: Rillaboom|[spread] p1a,p1b\n|-activate|p2a: Sceptile|move: Protect\n|-crit|p1a: Maushold\n|-resisted|p1b: Rillaboom\n|-damage|p1a: Maushold|0 fnt\n|-damage|p1b: Rillaboom|8\/100\n|faint|p1a: Maushold\n|\n|-weather|none\n|-heal|p2a: Sceptile|41\/100|[from] Grassy Terrain\n|-heal|p1b: Rillaboom|14\/100|[from] Grassy Terrain\n|-sideend|p2: Shido464|move: Tailwind\n|upkeep\n|-message|Luck0795 forfeited.\n|\n|win|Shido464\n|raw|Luck0795's rating: 1000 &rarr; <strong>1000<\/strong><br \/>(+0 for losing)\n|raw|Shido464's rating: 1089 &rarr; <strong>1109<\/strong><br \/>(+20 for winning)\n|l|\u2606Luck0795\n","uploadtime":1695735323,"views":22,"p1id":"luck0795","p2id":"shido464","formatid":"gen9nationaldexdoubles","rating":1000,"private":0,"password":""}