{"id":"gen9nationaldexdoubles-1969455557","p1":"xuxuxux999","p2":"user58342485","format":"[Gen 9] National Dex Doubles","log":"|j|\u2606xuxuxux999\n|j|\u2606user58342485\n|t:|1697534094\n|gametype|doubles\n|player|p1|xuxuxux999|1|1348\n|player|p2|user58342485|pokemaniac|1627\n|teamsize|p1|6\n|teamsize|p2|6\n|gen|9\n|tier|[Gen 9] National Dex Doubles\n|rated|\n|rule|HP Percentage Mod: HP is shown in percentages\n|rule|Endless Battle Clause: Forcing endless battles is banned\n|rule|OHKO Clause: OHKO moves are banned\n|rule|Evasion Moves Clause: Evasion moves are banned\n|rule|Evasion Abilities Clause: Evasion abilities are banned\n|rule|Species Clause: Limit one of each Pok\u00e9mon\n|rule|Gravity Sleep Clause: The combination of sleep-inducing moves with imperfect accuracy and Gravity or Gigantamax Orbeetle are banned\n|clearpoke\n|poke|p1|Oranguru, M|\n|poke|p1|Indeedee, M|\n|poke|p1|Chi-Yu|\n|poke|p1|Lucario, F|\n|poke|p1|Flutter Mane|\n|poke|p1|Iron Bundle|\n|poke|p2|Salamence, F|\n|poke|p2|Zygarde|\n|poke|p2|Tapu Fini|\n|poke|p2|Rillaboom, M|\n|poke|p2|Iron Hands|\n|poke|p2|Jirachi|\n|teampreview\n|inactive|Battle timer is ON: inactive players will automatically lose when time's up. (requested by user58342485)\n|\n|t:|1697534118\n|start\n|switch|p1a: Chi-Yu|Chi-Yu|100\/100\n|switch|p1b: Oranguru|Oranguru, M|100\/100\n|switch|p2a: \u30b8\u30e9\u30fc\u30c1|Jirachi|100\/100\n|switch|p2b: \u30b8\u30ac\u30eb\u30c7|Zygarde|100\/100\n|-ability|p1a: Chi-Yu|Beads of Ruin\n|-ability|p2b: \u30b8\u30ac\u30eb\u30c7|Aura Break\n|turn|1\n|inactive|user58342485 has 120 seconds left.\n|\n|t:|1697534154\n|switch|p2a: \u30ab\u30d7\u30fb\u30ec\u30d2\u30ec|Tapu Fini|100\/100\n|-fieldstart|move: Misty Terrain|[from] ability: Misty Surge|[of] p2a: \u30ab\u30d7\u30fb\u30ec\u30d2\u30ec\n|-terastallize|p2b: \u30b8\u30ac\u30eb\u30c7|Fire\n|move|p1a: Chi-Yu|Heat Wave|p2b: \u30b8\u30ac\u30eb\u30c7|[spread] p2b\n|-miss|p1a: Chi-Yu|p2a: \u30ab\u30d7\u30fb\u30ec\u30d2\u30ec\n|-resisted|p2b: \u30b8\u30ac\u30eb\u30c7\n|-damage|p2b: \u30b8\u30ac\u30eb\u30c7|76\/100\n|move|p1b: Oranguru|Instruct|p1a: Chi-Yu\n|-singleturn|p1a: Chi-Yu|move: Instruct|[of] p1b: Oranguru\n|move|p1a: Chi-Yu|Heat Wave|p2b: \u30b8\u30ac\u30eb\u30c7|[spread] p2a,p2b\n|-resisted|p2a: \u30ab\u30d7\u30fb\u30ec\u30d2\u30ec\n|-resisted|p2b: \u30b8\u30ac\u30eb\u30c7\n|-damage|p2a: \u30ab\u30d7\u30fb\u30ec\u30d2\u30ec|73\/100\n|-damage|p2b: \u30b8\u30ac\u30eb\u30c7|49\/100\n|move|p2b: \u30b8\u30ac\u30eb\u30c7|Dragon Dance|p2b: \u30b8\u30ac\u30eb\u30c7\n|-boost|p2b: \u30b8\u30ac\u30eb\u30c7|atk|1\n|-boost|p2b: \u30b8\u30ac\u30eb\u30c7|spe|1\n|\n|upkeep\n|turn|2\n|inactive|user58342485 has 120 seconds left.\n|\n|t:|1697534177\n|switch|p1b: Flutter Mane|Flutter Mane|100\/100\n|move|p1a: Chi-Yu|Heat Wave|p2b: \u30b8\u30ac\u30eb\u30c7|[spread] p2a,p2b\n|-resisted|p2a: \u30ab\u30d7\u30fb\u30ec\u30d2\u30ec\n|-resisted|p2b: \u30b8\u30ac\u30eb\u30c7\n|-crit|p2b: \u30b8\u30ac\u30eb\u30c7\n|-damage|p2a: \u30ab\u30d7\u30fb\u30ec\u30d2\u30ec|46\/100\n|-damage|p2b: \u30b8\u30ac\u30eb\u30c7|9\/100\n|move|p2a: \u30ab\u30d7\u30fb\u30ec\u30d2\u30ec|Muddy Water|p1a: Chi-Yu|[spread] p1a,p1b\n|-supereffective|p1a: Chi-Yu\n|-damage|p1a: Chi-Yu|36\/100\n|-damage|p1b: Flutter Mane|60\/100\n|move|p2b: \u30b8\u30ac\u30eb\u30c7|Thousand Arrows|p1a: Chi-Yu|[spread] p1a,p1b\n|-supereffective|p1a: Chi-Yu\n|-damage|p1a: Chi-Yu|0 fnt\n|-damage|p1b: Flutter Mane|0 fnt\n|faint|p1a: Chi-Yu\n|faint|p1b: Flutter Mane\n|-end|p1b: Flutter Mane|Protosynthesis|[silent]\n|\n|upkeep\n|inactive|xuxuxux999 has 120 seconds left.\n|\n|t:|1697534196\n|switch|p1b: Lucario|Lucario, F|100\/100\n|switch|p1a: Indeedee|Indeedee, M|100\/100\n|-fieldstart|move: Psychic Terrain|[from] ability: Psychic Surge|[of] p1a: Indeedee\n|turn|3\n|\n|t:|1697534212\n|detailschange|p1b: Lucario|Lucario-Mega, F\n|-mega|p1b: Lucario|Lucario|Lucarionite\n|move|p2a: \u30ab\u30d7\u30fb\u30ec\u30d2\u30ec|Muddy Water|p1a: Indeedee|[spread] p1a,p1b\n|-damage|p1a: Indeedee|62\/100\n|-damage|p1b: Lucario|57\/100\n|-unboost|p1b: Lucario|accuracy|1\n|move|p1a: Indeedee|Expanding Force|p2a: \u30ab\u30d7\u30fb\u30ec\u30d2\u30ec|[spread] p2a,p2b\n|-damage|p2a: \u30ab\u30d7\u30fb\u30ec\u30d2\u30ec|0 fnt\n|-damage|p2b: \u30b8\u30ac\u30eb\u30c7|0 fnt\n|faint|p2a: \u30ab\u30d7\u30fb\u30ec\u30d2\u30ec\n|faint|p2b: \u30b8\u30ac\u30eb\u30c7\n|move|p1b: Lucario|Close Combat|p2: \u30ab\u30d7\u30fb\u30ec\u30d2\u30ec|[notarget]\n|-fail|p1b: Lucario\n|\n|upkeep\n|\n|t:|1697534225\n|switch|p2a: \u30b4\u30ea\u30e9\u30f3\u30c0\u30fc|Rillaboom, M|100\/100\n|switch|p2b: \u30dc\u30fc\u30de\u30f3\u30c0|Salamence, F|100\/100\n|-ability|p2b: \u30dc\u30fc\u30de\u30f3\u30c0|Intimidate|boost\n|-unboost|p1a: Indeedee|atk|1\n|-unboost|p1b: Lucario|atk|1\n|-fieldstart|move: Grassy Terrain|[from] ability: Grassy Surge|[of] p2a: \u30b4\u30ea\u30e9\u30f3\u30c0\u30fc\n|turn|4\n|\n|t:|1697534242\n|switch|p1b: Iron Bundle|Iron Bundle|100\/100\n|detailschange|p2b: \u30dc\u30fc\u30de\u30f3\u30c0|Salamence-Mega, F\n|-mega|p2b: \u30dc\u30fc\u30de\u30f3\u30c0|Salamence|Salamencite\n|move|p2a: \u30b4\u30ea\u30e9\u30f3\u30c0\u30fc|Fake Out|p1b: Iron Bundle\n|-damage|p1b: Iron Bundle|85\/100\n|move|p1a: Indeedee|Expanding Force|p2b: \u30dc\u30fc\u30de\u30f3\u30c0\n|-damage|p2b: \u30dc\u30fc\u30de\u30f3\u30c0|59\/100\n|move|p2b: \u30dc\u30fc\u30de\u30f3\u30c0|Tailwind|p2b: \u30dc\u30fc\u30de\u30f3\u30c0\n|-sidestart|p2: user58342485|move: Tailwind\n|\n|-heal|p1a: Indeedee|68\/100|[from] Grassy Terrain\n|-heal|p1b: Iron Bundle|91\/100|[from] Grassy Terrain\n|upkeep\n|turn|5\n|\n|t:|1697534267\n|-end|p1b: Iron Bundle|Quark Drive|[silent]\n|switch|p1b: Lucario|Lucario-Mega, F|57\/100\n|move|p2a: \u30b4\u30ea\u30e9\u30f3\u30c0\u30fc|Grassy Glide|p1b: Lucario\n|-resisted|p1b: Lucario\n|-damage|p1b: Lucario|35\/100\n|move|p2b: \u30dc\u30fc\u30de\u30f3\u30c0|Frustration|p1a: Indeedee\n|-damage|p1a: Indeedee|0 fnt\n|faint|p1a: Indeedee\n|\n|-heal|p1b: Lucario|41\/100|[from] Grassy Terrain\n|upkeep\n|inactive|xuxuxux999 has 120 seconds left.\n|\n|t:|1697534281\n|switch|p1a: Iron Bundle|Iron Bundle|91\/100\n|turn|6\n|\n|t:|1697534291\n|move|p2a: \u30b4\u30ea\u30e9\u30f3\u30c0\u30fc|Grassy Glide|p1a: Iron Bundle\n|-supereffective|p1a: Iron Bundle\n|-damage|p1a: Iron Bundle|8\/100\n|move|p1b: Lucario|Bullet Punch|p2b: \u30dc\u30fc\u30de\u30f3\u30c0\n|-crit|p2b: \u30dc\u30fc\u30de\u30f3\u30c0\n|-damage|p2b: \u30dc\u30fc\u30de\u30f3\u30c0|15\/100\n|move|p2b: \u30dc\u30fc\u30de\u30f3\u30c0|Frustration|p1b: Lucario\n|-damage|p1b: Lucario|0 fnt\n|faint|p1b: Lucario\n|move|p1a: Iron Bundle|Freeze-Dry|p2b: \u30dc\u30fc\u30de\u30f3\u30c0\n|-supereffective|p2b: \u30dc\u30fc\u30de\u30f3\u30c0\n|-damage|p2b: \u30dc\u30fc\u30de\u30f3\u30c0|0 fnt\n|faint|p2b: \u30dc\u30fc\u30de\u30f3\u30c0\n|\n|-heal|p1a: Iron Bundle|14\/100|[from] Grassy Terrain\n|upkeep\n|\n|t:|1697534312\n|switch|p2b: \u30b8\u30e9\u30fc\u30c1|Jirachi|100\/100\n|switch|p1b: Oranguru|Oranguru, M|100\/100\n|turn|7\n|\n|t:|1697534320\n|move|p2a: \u30b4\u30ea\u30e9\u30f3\u30c0\u30fc|Grassy Glide|p1a: Iron Bundle\n|-supereffective|p1a: Iron Bundle\n|-damage|p1a: Iron Bundle|0 fnt\n|faint|p1a: Iron Bundle\n|-end|p1a: Iron Bundle|Quark Drive|[silent]\n|move|p2b: \u30b8\u30e9\u30fc\u30c1|Iron Head|p1b: Oranguru\n|-damage|p1b: Oranguru|64\/100\n|cant|p1b: Oranguru|flinch\n|\n|-heal|p1b: Oranguru|70\/100|[from] Grassy Terrain\n|-sideend|p2: user58342485|move: Tailwind\n|upkeep\n|turn|8\n|-message|xuxuxux999 forfeited.\n|\n|win|user58342485\n|raw|xuxuxux999's rating: 1348 &rarr; <strong>1341<\/strong><br \/>(-7 for losing)\n|raw|user58342485's rating: 1627 &rarr; <strong>1634<\/strong><br \/>(+7 for winning)\n|l|\u2606xuxuxux999\n","uploadtime":1697534337,"views":15,"p1id":"xuxuxux999","p2id":"user58342485","formatid":"gen9nationaldexdoubles","rating":1341,"private":0,"password":""}