{"id":"gen9nationaldexdoubles-1947440395","p1":"FroaklintheFroakie","p2":"ewbrammer91","format":"[Gen 9] National Dex Doubles","log":"|j|\u2606FroaklintheFroakie\n|j|\u2606ewbrammer91\n|t:|1695160924\n|gametype|doubles\n|player|p1|FroaklintheFroakie|n|1000\n|player|p2|ewbrammer91|brock|1172\n|teamsize|p1|6\n|teamsize|p2|6\n|gen|9\n|tier|[Gen 9] National Dex Doubles\n|rated|\n|rule|HP Percentage Mod: HP is shown in percentages\n|rule|Endless Battle Clause: Forcing endless battles is banned\n|rule|OHKO Clause: OHKO moves are banned\n|rule|Evasion Moves Clause: Evasion moves are banned\n|rule|Evasion Abilities Clause: Evasion abilities are banned\n|rule|Species Clause: Limit one of each Pok\u00e9mon\n|rule|Gravity Sleep Clause: The combination of sleep-inducing moves with imperfect accuracy and Gravity or Gigantamax Orbeetle are banned\n|clearpoke\n|poke|p1|Basculegion, M|\n|poke|p1|Ursaluna-Bloodmoon, M|\n|poke|p1|Tatsugiri, M|\n|poke|p1|Dondozo, M|\n|poke|p1|Cramorant, M|\n|poke|p1|Amoonguss, M|\n|poke|p2|Tyranitar, M|\n|poke|p2|Glimmora, M|\n|poke|p2|Kleavor, F|\n|poke|p2|Lycanroc-Dusk, F|\n|poke|p2|Arcanine-Hisui, M|\n|poke|p2|Tyrantrum, M|\n|teampreview\n|inactive|Battle timer is ON: inactive players will automatically lose when time's up. (requested by ewbrammer91)\n|inactive|FroaklintheFroakie also wants the timer to be on.\n|c|\u2606FroaklintheFroakie|Rock mono, cool\n|\n|t:|1695160943\n|start\n|switch|p1a: Smol Feesh|Tatsugiri, M|100\/100\n|switch|p1b: Birb|Cramorant, M|100\/100\n|switch|p2a: Tyranitar|Tyranitar, M|100\/100\n|switch|p2b: Kleavor|Kleavor, F|100\/100\n|-weather|Sandstorm|[from] ability: Sand Stream|[of] p2a: Tyranitar\n|turn|1\n|\n|t:|1695160960\n|move|p2a: Tyranitar|Knock Off|p1a: Smol Feesh\n|-damage|p1a: Smol Feesh|5\/100\n|-enditem|p1a: Smol Feesh|Wise Glasses|[from] move: Knock Off|[of] p2a: Tyranitar\n|move|p1b: Birb|Tailwind|p1b: Birb\n|-sidestart|p1: FroaklintheFroakie|move: Tailwind\n|move|p1a: Smol Feesh|Taunt|p2a: Tyranitar\n|-start|p2a: Tyranitar|move: Taunt\n|move|p2b: Kleavor|Stone Axe|p1b: Birb\n|-supereffective|p1b: Birb\n|-damage|p1b: Birb|0 fnt\n|-sidestart|p1: FroaklintheFroakie|move: Stealth Rock\n|faint|p1b: Birb\n|\n|-weather|Sandstorm|[upkeep]\n|-damage|p1a: Smol Feesh|0 fnt|[from] Sandstorm\n|faint|p1a: Smol Feesh\n|upkeep\n|\n|t:|1695160978\n|switch|p1b: Uhhhhhhh\u2026|Ursaluna-Bloodmoon, M|100\/100\n|switch|p1a: Big feesh|Dondozo, M, shiny|100\/100\n|-damage|p1b: Uhhhhhhh\u2026|94\/100|[from] Stealth Rock\n|-damage|p1a: Big feesh|88\/100|[from] Stealth Rock\n|turn|2\n|\n|t:|1695161007\n|move|p2a: Tyranitar|Knock Off|p1b: Uhhhhhhh\u2026\n|-crit|p1b: Uhhhhhhh\u2026\n|-damage|p1b: Uhhhhhhh\u2026|40\/100\n|-enditem|p1b: Uhhhhhhh\u2026|Leftovers|[from] move: Knock Off|[of] p2a: Tyranitar\n|move|p1b: Uhhhhhhh\u2026|Earth Power|p2a: Tyranitar\n|-supereffective|p2a: Tyranitar\n|-damage|p2a: Tyranitar|27\/100\n|move|p2b: Kleavor|Aerial Ace|p1b: Uhhhhhhh\u2026\n|-damage|p1b: Uhhhhhhh\u2026|17\/100\n|move|p1a: Big feesh|Liquidation|p2b: Kleavor\n|-supereffective|p2b: Kleavor\n|-enditem|p2b: Kleavor|Focus Sash\n|-damage|p2b: Kleavor|1\/100\n|\n|-weather|Sandstorm|[upkeep]\n|-damage|p1a: Big feesh|82\/100|[from] Sandstorm\n|-heal|p1a: Big feesh|88\/100|[from] item: Leftovers\n|upkeep\n|turn|3\n|c|\u2606ewbrammer91|Thanks.  Gl\n|\n|t:|1695161032\n|move|p2a: Tyranitar|Knock Off|p1a: Big feesh\n|-damage|p1a: Big feesh|59\/100\n|-enditem|p1a: Big feesh|Leftovers|[from] move: Knock Off|[of] p2a: Tyranitar\n|move|p1b: Uhhhhhhh\u2026|Blood Moon|p2a: Tyranitar\n|-resisted|p2a: Tyranitar\n|-damage|p2a: Tyranitar|0 fnt\n|faint|p2a: Tyranitar\n|move|p2b: Kleavor|X-Scissor|p1b: Uhhhhhhh\u2026\n|-damage|p1b: Uhhhhhhh\u2026|0 fnt\n|faint|p1b: Uhhhhhhh\u2026\n|move|p1a: Big feesh|Curse|p1a: Big feesh\n|-unboost|p1a: Big feesh|spe|1\n|-boost|p1a: Big feesh|atk|1\n|-boost|p1a: Big feesh|def|1\n|\n|-weather|Sandstorm|[upkeep]\n|-damage|p1a: Big feesh|53\/100|[from] Sandstorm\n|upkeep\n|\n|t:|1695161050\n|switch|p2a: Tyrantrum|Tyrantrum, M|100\/100\n|switch|p1b: Among us|Amoonguss, M, shiny|100\/100\n|-damage|p1b: Among us|88\/100|[from] Stealth Rock\n|turn|4\n|\n|t:|1695161066\n|move|p2b: Kleavor|X-Scissor|p1b: Among us\n|-damage|p1b: Among us|14\/100\n|-status|p2b: Kleavor|par|[from] ability: Effect Spore|[of] p1b: Among us\n|move|p1b: Among us|Clear Smog|p2b: Kleavor\n|-resisted|p2b: Kleavor\n|-damage|p2b: Kleavor|0 fnt\n|-clearboost|p2b: Kleavor\n|faint|p2b: Kleavor\n|move|p1a: Big feesh|Liquidation|p2a: Tyrantrum\n|-damage|p2a: Tyrantrum|53\/100\n|-unboost|p2a: Tyrantrum|def|1\n|move|p2a: Tyrantrum|Dragon Tail|p1a: Big feesh\n|-damage|p1a: Big feesh|41\/100\n|drag|p1a: Feesh|Basculegion, M, shiny|100\/100\n|-damage|p1a: Feesh|88\/100|[from] Stealth Rock\n|\n|-weather|Sandstorm|[upkeep]\n|-damage|p1a: Feesh|82\/100|[from] Sandstorm\n|-damage|p1b: Among us|8\/100|[from] Sandstorm\n|-heal|p1b: Among us|14\/100|[from] item: Black Sludge\n|-sideend|p1: FroaklintheFroakie|move: Tailwind\n|upkeep\n|\n|t:|1695161092\n|switch|p2b: Arcanine|Arcanine-Hisui, M|100\/100\n|turn|5\n|\n|t:|1695161104\n|move|p2b: Arcanine|Extreme Speed|p1b: Among us\n|-damage|p1b: Among us|0 fnt\n|-status|p2b: Arcanine|slp|[from] ability: Effect Spore|[of] p1b: Among us\n|faint|p1b: Among us\n|-damage|p2b: Arcanine|91\/100 slp|[from] item: Life Orb\n|move|p1a: Feesh|Agility|p1a: Feesh\n|-boost|p1a: Feesh|spe|2\n|move|p2a: Tyrantrum|Dragon Tail|p1a: Feesh\n|-damage|p1a: Feesh|42\/100\n|drag|p1a: Big feesh|Dondozo, M, shiny|41\/100\n|-damage|p1a: Big feesh|28\/100|[from] Stealth Rock\n|\n|-weather|none\n|upkeep\n|\n|t:|1695161120\n|switch|p1b: Feesh|Basculegion, M, shiny|42\/100\n|-damage|p1b: Feesh|30\/100|[from] Stealth Rock\n|turn|6\n|\n|t:|1695161132\n|-terastallize|p1b: Feesh|Ghost\n|cant|p2b: Arcanine|slp\n|move|p1b: Feesh|Last Respects|p2a: Tyrantrum\n|-damage|p2a: Tyrantrum|0 fnt\n|faint|p2a: Tyrantrum\n|move|p1a: Big feesh|Liquidation|p2b: Arcanine\n|-supereffective|p2b: Arcanine\n|-damage|p2b: Arcanine|0 fnt\n|faint|p2b: Arcanine\n|\n|upkeep\n|\n|t:|1695161145\n|switch|p2b: Lycanroc|Lycanroc-Dusk, F|100\/100\n|switch|p2a: Glimmora|Glimmora, M|100\/100\n|turn|7\n|\n|t:|1695161165\n|move|p2b: Lycanroc|Accelerock|p1b: Feesh\n|-damage|p1b: Feesh|0 fnt\n|faint|p1b: Feesh\n|move|p2a: Glimmora|Energy Ball|p1a: Big feesh\n|-supereffective|p1a: Big feesh\n|-damage|p1a: Big feesh|0 fnt\n|faint|p1a: Big feesh\n|\n|win|ewbrammer91\n|raw|FroaklintheFroakie's rating: 1000 &rarr; <strong>1000<\/strong><br \/>(+0 for losing)\n|raw|ewbrammer91's rating: 1172 &rarr; <strong>1186<\/strong><br \/>(+14 for winning)\n","uploadtime":1695161178,"views":5,"p1id":"froaklinthefroakie","p2id":"ewbrammer91","formatid":"gen9nationaldexdoubles","rating":1000,"private":0,"password":""}