{"id":"gen9nationaldexdoubles-1960744258","p1":"seta0052","p2":"Mudkiped","format":"[Gen 9] National Dex Doubles","log":"|j|\u2606seta0052\n|j|\u2606Mudkiped\n|t:|1696551957\n|gametype|doubles\n|player|p1|seta0052|pokemaniac|\n|player|p2|Mudkiped|crasherwake|\n|teamsize|p1|6\n|teamsize|p2|6\n|gen|9\n|tier|[Gen 9] National Dex Doubles\n|rule|HP Percentage Mod: HP is shown in percentages\n|rule|Endless Battle Clause: Forcing endless battles is banned\n|rule|OHKO Clause: OHKO moves are banned\n|rule|Evasion Moves Clause: Evasion moves are banned\n|rule|Evasion Abilities Clause: Evasion abilities are banned\n|rule|Species Clause: Limit one of each Pok\u00e9mon\n|rule|Gravity Sleep Clause: The combination of sleep-inducing moves with imperfect accuracy and Gravity or Gigantamax Orbeetle are banned\n|clearpoke\n|poke|p1|Salamence, F|\n|poke|p1|Rillaboom, M|\n|poke|p1|Volcanion|\n|poke|p1|Flutter Mane|\n|poke|p1|Chien-Pao|\n|poke|p1|Ogerpon-Cornerstone, F|\n|poke|p2|Wo-Chien|\n|poke|p2|Sinistcha-Masterpiece|\n|poke|p2|Baxcalibur, F|\n|poke|p2|Tinkaton, F|\n|poke|p2|Ninetales-Alola, F|\n|poke|p2|Landorus, M|\n|teampreview\n|j| cr46290\n|j| caeden0330\n|\n|t:|1696552068\n|start\n|switch|p1a: Ogerpon|Ogerpon-Cornerstone, F|100\/100\n|switch|p1b: Flutter Mane|Flutter Mane|100\/100\n|switch|p2a: Baxcalibur|Baxcalibur, F|100\/100\n|switch|p2b: Tinkaton|Tinkaton, F|100\/100\n|-ability|p2b: Tinkaton|Mold Breaker\n|turn|1\n|\n|t:|1696552121\n|-terastallize|p2a: Baxcalibur|Flying\n|move|p2b: Tinkaton|Fake Out|p1a: Ogerpon\n|-resisted|p1a: Ogerpon\n|-damage|p1a: Ogerpon|94\/100\n|move|p1b: Flutter Mane|Moonblast|p2a: Baxcalibur\n|-damage|p2a: Baxcalibur|29\/100\n|cant|p1a: Ogerpon|flinch\n|move|p2a: Baxcalibur|Scale Shot|p1a: Ogerpon\n|-damage|p1a: Ogerpon|73\/100\n|-damage|p1a: Ogerpon|51\/100\n|-crit|p1a: Ogerpon\n|-damage|p1a: Ogerpon|21\/100\n|-damage|p1a: Ogerpon|2\/100\n|-damage|p1a: Ogerpon|0 fnt\n|faint|p1a: Ogerpon\n|-hitcount|p1: Ogerpon|5\n|-unboost|p2a: Baxcalibur|def|1\n|-boost|p2a: Baxcalibur|spe|1\n|\n|upkeep\n|\n|t:|1696552142\n|switch|p1a: Salamence|Salamence, F|100\/100\n|-ability|p1a: Salamence|Intimidate|boost\n|-unboost|p2a: Baxcalibur|atk|1\n|-unboost|p2b: Tinkaton|atk|1\n|turn|2\n|\n|t:|1696552194\n|-end|p1b: Flutter Mane|Protosynthesis|[silent]\n|switch|p1b: Volcanion|Volcanion|100\/100\n|detailschange|p1a: Salamence|Salamence-Mega, F\n|-mega|p1a: Salamence|Salamence|Salamencite\n|move|p1a: Salamence|Frustration|p2a: Baxcalibur\n|-damage|p2a: Baxcalibur|0 fnt\n|faint|p2a: Baxcalibur\n|move|p2b: Tinkaton|Gigaton Hammer|p1b: Volcanion\n|-resisted|p1b: Volcanion\n|-damage|p1b: Volcanion|92\/100\n|\n|upkeep\n|\n|t:|1696552239\n|switch|p2a: Wheres My Tea?|Landorus, M|100\/100\n|turn|3\n|\n|t:|1696552304\n|move|p1a: Salamence|Dragon Dance|p1a: Salamence\n|-boost|p1a: Salamence|atk|1\n|-boost|p1a: Salamence|spe|1\n|-enditem|p2a: Wheres My Tea?|Mirror Herb\n|-boost|p2a: Wheres My Tea?|atk|1|[from] item: Mirror Herb\n|-boost|p2a: Wheres My Tea?|spe|1|[from] item: Mirror Herb\n|move|p2a: Wheres My Tea?|Sandsear Storm|p1a: Salamence|[spread] \n|-immune|p1a: Salamence\n|-miss|p2a: Wheres My Tea?|p1b: Volcanion\n|move|p2b: Tinkaton|Knock Off|p1b: Volcanion\n|-damage|p1b: Volcanion|80\/100\n|-enditem|p1b: Volcanion|Assault Vest|[from] move: Knock Off|[of] p2b: Tinkaton\n|move|p1b: Volcanion|Hidden Power|p2a: Wheres My Tea?\n|-supereffective|p2a: Wheres My Tea?\n|-damage|p2a: Wheres My Tea?|0 fnt\n|faint|p2a: Wheres My Tea?\n|\n|upkeep\n|\n|t:|1696552321\n|switch|p2a: Mc Cloud|Ninetales-Alola, F|100\/100\n|-weather|Snow|[from] ability: Snow Warning|[of] p2a: Mc Cloud\n|turn|4\n|\n|t:|1696552355\n|switch|p2b: Lich's Big W|Wo-Chien|100\/100\n|-ability|p2b: Lich's Big W|Tablets of Ruin\n|move|p2a: Mc Cloud|Protect|p2a: Mc Cloud\n|-singleturn|p2a: Mc Cloud|Protect\n|move|p1a: Salamence|Frustration|p2a: Mc Cloud\n|-activate|p2a: Mc Cloud|move: Protect\n|move|p1b: Volcanion|Heat Wave|p2a: Mc Cloud|[spread] p2b\n|-activate|p2a: Mc Cloud|move: Protect\n|-supereffective|p2b: Lich's Big W\n|-damage|p2b: Lich's Big W|53\/100\n|\n|-weather|Snow|[upkeep]\n|-heal|p2b: Lich's Big W|60\/100|[from] item: Leftovers\n|upkeep\n|turn|5\n|\n|t:|1696552378\n|switch|p1b: Chien-Pao|Chien-Pao|100\/100\n|-ability|p1b: Chien-Pao|Sword of Ruin\n|move|p1a: Salamence|Frustration|p2a: Mc Cloud\n|-damage|p2a: Mc Cloud|20\/100\n|move|p2a: Mc Cloud|Aurora Veil|p2a: Mc Cloud\n|-sidestart|p2: Mudkiped|move: Aurora Veil\n|move|p2b: Lich's Big W|Foul Play|p1a: Salamence\n|-damage|p1a: Salamence|31\/100\n|\n|-weather|Snow|[upkeep]\n|-heal|p2b: Lich's Big W|66\/100|[from] item: Leftovers\n|upkeep\n|turn|6\n|\n|t:|1696552409\n|switch|p2a: Let Em Cook|Sinistcha-Masterpiece, shiny|100\/100\n|-heal|p2b: Lich's Big W|91\/100|[from] ability: Hospitality|[of] p2a: Let Em Cook\n|move|p1a: Salamence|Protect|p1a: Salamence\n|-singleturn|p1a: Salamence|Protect\n|move|p1b: Chien-Pao|Sacred Sword|p2a: Let Em Cook\n|-immune|p2a: Let Em Cook\n|move|p2b: Lich's Big W|Foul Play|p1a: Salamence\n|-activate|p1a: Salamence|move: Protect\n|\n|-weather|Snow|[upkeep]\n|-heal|p2b: Lich's Big W|97\/100|[from] item: Leftovers\n|upkeep\n|turn|7\n|\n|t:|1696552431\n|move|p2a: Let Em Cook|Rage Powder|p2a: Let Em Cook\n|-singleturn|p2a: Let Em Cook|move: Rage Powder\n|move|p1a: Salamence|Frustration|p2a: Let Em Cook\n|-supereffective|p2a: Let Em Cook\n|-damage|p2a: Let Em Cook|0 fnt\n|faint|p2a: Let Em Cook\n|move|p1b: Chien-Pao|Ice Spinner|p2b: Lich's Big W\n|-supereffective|p2b: Lich's Big W\n|-damage|p2b: Lich's Big W|57\/100\n|move|p2b: Lich's Big W|Foul Play|p1a: Salamence\n|-damage|p1a: Salamence|0 fnt\n|faint|p1a: Salamence\n|\n|-weather|Snow|[upkeep]\n|-heal|p2b: Lich's Big W|63\/100|[from] item: Leftovers\n|upkeep\n|\n|t:|1696552447\n|switch|p1a: Flutter Mane|Flutter Mane|100\/100\n|switch|p2a: Tinkaton|Tinkaton, F|100\/100\n|-ability|p2a: Tinkaton|Mold Breaker\n|turn|8\n|\n|t:|1696552464\n|-end|p1a: Flutter Mane|Protosynthesis|[silent]\n|switch|p1a: Volcanion|Volcanion|80\/100\n|move|p1b: Chien-Pao|Protect|p1b: Chien-Pao\n|-singleturn|p1b: Chien-Pao|Protect\n|move|p2b: Lich's Big W|Protect|p2b: Lich's Big W\n|-singleturn|p2b: Lich's Big W|Protect\n|move|p2a: Tinkaton|Gigaton Hammer|p1b: Chien-Pao\n|-activate|p1b: Chien-Pao|move: Protect\n|\n|-weather|none\n|-heal|p2b: Lich's Big W|69\/100|[from] item: Leftovers\n|upkeep\n|turn|9\n|\n|t:|1696552497\n|move|p2b: Lich's Big W|Protect||[still]\n|-fail|p2b: Lich's Big W\n|move|p1b: Chien-Pao|Sacred Sword|p2b: Lich's Big W\n|-supereffective|p2b: Lich's Big W\n|-damage|p2b: Lich's Big W|40\/100\n|move|p2a: Tinkaton|Knock Off|p1b: Chien-Pao\n|-resisted|p1b: Chien-Pao\n|-damage|p1b: Chien-Pao|90\/100\n|-enditem|p1b: Chien-Pao|Focus Sash|[from] move: Knock Off|[of] p2a: Tinkaton\n|move|p1a: Volcanion|Heat Wave|p2a: Tinkaton|[spread] p2a,p2b\n|-supereffective|p2a: Tinkaton\n|-supereffective|p2b: Lich's Big W\n|-damage|p2a: Tinkaton|46\/100\n|-damage|p2b: Lich's Big W|10\/100\n|-status|p2a: Tinkaton|brn\n|\n|-heal|p2a: Tinkaton|53\/100 brn|[from] item: Leftovers\n|-heal|p2b: Lich's Big W|16\/100|[from] item: Leftovers\n|-damage|p2a: Tinkaton|46\/100 brn|[from] brn\n|upkeep\n|turn|10\n|\n|t:|1696552528\n|move|p1b: Chien-Pao|Protect|p1b: Chien-Pao\n|-singleturn|p1b: Chien-Pao|Protect\n|move|p2b: Lich's Big W|Protect|p2b: Lich's Big W\n|-singleturn|p2b: Lich's Big W|Protect\n|move|p2a: Tinkaton|Gigaton Hammer|p1b: Chien-Pao\n|-activate|p1b: Chien-Pao|move: Protect\n|move|p1a: Volcanion|Heat Wave|p2b: Lich's Big W|[spread] p2a\n|-activate|p2b: Lich's Big W|move: Protect\n|-supereffective|p2a: Tinkaton\n|-damage|p2a: Tinkaton|0 fnt\n|faint|p2a: Tinkaton\n|\n|-heal|p2b: Lich's Big W|22\/100|[from] item: Leftovers\n|upkeep\n|\n|t:|1696552539\n|switch|p2a: Mc Cloud|Ninetales-Alola, F|20\/100\n|-weather|Snow|[from] ability: Snow Warning|[of] p2a: Mc Cloud\n|turn|11\n|\n|t:|1696552553\n|move|p1b: Chien-Pao|Sacred Sword|p2a: Mc Cloud\n|-damage|p2a: Mc Cloud|2\/100\n|move|p2a: Mc Cloud|Moonblast|p1b: Chien-Pao\n|-supereffective|p1b: Chien-Pao\n|-damage|p1b: Chien-Pao|0 fnt\n|faint|p1b: Chien-Pao\n|move|p1a: Volcanion|Heat Wave|p2b: Lich's Big W|[spread] p2a,p2b\n|-supereffective|p2a: Mc Cloud\n|-supereffective|p2b: Lich's Big W\n|-damage|p2a: Mc Cloud|0 fnt\n|-damage|p2b: Lich's Big W|0 fnt\n|faint|p2a: Mc Cloud\n|faint|p2b: Lich's Big W\n|\n|win|seta0052\n|l| caeden0330\n|l|\u2606Mudkiped\n","uploadtime":1696552571,"views":41,"p1id":"seta0052","p2id":"mudkiped","formatid":"gen9nationaldexdoubles","rating":0,"private":0,"password":""}