{"id":"gen9nationaldexdoubles-1985120898","p1":"crawler69","p2":"fumbari 24","format":"[Gen 9] National Dex Doubles","log":"|j|\u2606crawler69\n|j|\u2606fumbari 24\n|t:|1699333803\n|gametype|doubles\n|player|p1|crawler69|169|1014\n|player|p2|fumbari 24|hilbert|1127\n|teamsize|p1|6\n|teamsize|p2|6\n|gen|9\n|tier|[Gen 9] National Dex Doubles\n|rated|\n|rule|HP Percentage Mod: HP is shown in percentages\n|rule|Endless Battle Clause: Forcing endless battles is banned\n|rule|OHKO Clause: OHKO moves are banned\n|rule|Evasion Moves Clause: Evasion moves are banned\n|rule|Evasion Abilities Clause: Evasion abilities are banned\n|rule|Species Clause: Limit one of each Pok\u00e9mon\n|rule|Gravity Sleep Clause: The combination of sleep-inducing moves with imperfect accuracy and Gravity or Gigantamax Orbeetle are banned\n|clearpoke\n|poke|p1|Ursaluna-Bloodmoon, M|\n|poke|p1|Farigiraf, F|\n|poke|p1|Chansey, F|\n|poke|p1|Zoroark-Hisui, M|\n|poke|p1|Amoonguss, M|\n|poke|p1|Grimmsnarl, M|\n|poke|p2|Manectric, M|\n|poke|p2|Crobat, F|\n|poke|p2|Boltund, M|\n|poke|p2|Lucario, M|\n|poke|p2|Tinkaton, F|\n|poke|p2|Arboliva, F|\n|teampreview\n|\n|t:|1699333817\n|start\n|switch|p1a: Amoonguss|Amoonguss, M, shiny|100\/100\n|switch|p1b: Ursaluna|Ursaluna-Bloodmoon, M|100\/100\n|switch|p2a: Lucario|Lucario, M|100\/100\n|switch|p2b: Crobat|Crobat, F, shiny|100\/100\n|turn|1\n|\n|t:|1699333837\n|-terastallize|p2a: Lucario|Fighting\n|move|p2b: Crobat|Taunt|p1a: Amoonguss\n|-start|p1a: Amoonguss|move: Taunt\n|move|p1b: Ursaluna|Confuse Ray|p2b: Crobat\n|-start|p2b: Crobat|confusion\n|move|p2a: Lucario|Metal Sound|p1b: Ursaluna\n|-unboost|p1b: Ursaluna|spd|2\n|-enditem|p2a: Lucario|Throat Spray\n|-boost|p2a: Lucario|spa|1|[from] item: Throat Spray\n|cant|p1a: Amoonguss|move: Taunt|Spore\n|\n|upkeep\n|turn|2\n|\n|t:|1699333857\n|switch|p1a: Grimmsnarl|Grimmsnarl, M|100\/100\n|move|p2a: Lucario|Vacuum Wave|p1b: Ursaluna\n|-immune|p1b: Ursaluna\n|-activate|p2b: Crobat|confusion\n|move|p2b: Crobat|Brave Bird|p1a: Grimmsnarl\n|-damage|p1a: Grimmsnarl|62\/100\n|-damage|p2b: Crobat|87\/100|[from] Recoil\n|move|p1b: Ursaluna|Nasty Plot|p1b: Ursaluna\n|-boost|p1b: Ursaluna|spa|2\n|\n|upkeep\n|turn|3\n|\n|t:|1699333874\n|move|p1a: Grimmsnarl|Fake Out|p2a: Lucario\n|-damage|p2a: Lucario|86\/100\n|-activate|p2b: Crobat|confusion\n|-damage|p2b: Crobat|78\/100|[from] confusion\n|move|p1b: Ursaluna|Flamethrower|p2a: Lucario\n|-damage|p2a: Lucario|1\/100\n|move|p2a: Lucario|Flash Cannon|p1b: Ursaluna\n|-enditem|p1b: Ursaluna|Focus Sash\n|-damage|p1b: Ursaluna|1\/100\n|replace|p1b: Zoroark|Zoroark-Hisui, M, shiny\n|-end|p1b: Zoroark|Illusion\n|\n|upkeep\n|turn|4\n|inactive|Battle timer is ON: inactive players will automatically lose when time's up. (requested by fumbari 24)\n|\n|t:|1699333900\n|move|p2a: Lucario|Vacuum Wave|p1a: Grimmsnarl\n|-damage|p1a: Grimmsnarl|33\/100\n|move|p1a: Grimmsnarl|Reflect|p1a: Grimmsnarl\n|-sidestart|p1: crawler69|Reflect\n|-end|p2b: Crobat|confusion\n|move|p2b: Crobat|U-turn|p1b: Zoroark\n|-resisted|p1b: Zoroark\n|-damage|p1b: Zoroark|0 fnt\n|faint|p1b: Zoroark\n|\n|t:|1699333909\n|switch|p2b: Tinkaton|Tinkaton, F|100\/100|[from] U-turn\n|-ability|p2b: Tinkaton|Mold Breaker\n|\n|upkeep\n|\n|t:|1699333919\n|switch|p1b: Farigiraf|Farigiraf, F, shiny|100\/100\n|turn|5\n|\n|t:|1699333931\n|move|p1a: Grimmsnarl|Light Screen|p1a: Grimmsnarl\n|-sidestart|p1: crawler69|move: Light Screen\n|move|p2b: Tinkaton|Gigaton Hammer|p1a: Grimmsnarl\n|-supereffective|p1a: Grimmsnarl\n|-damage|p1a: Grimmsnarl|0 fnt\n|faint|p1a: Grimmsnarl\n|move|p2a: Lucario|Flash Cannon|p1b: Farigiraf\n|-damage|p1b: Farigiraf|74\/100\n|move|p1b: Farigiraf|Trick Room|p1b: Farigiraf\n|-fieldstart|move: Trick Room|[of] p1b: Farigiraf\n|\n|-heal|p1b: Farigiraf|80\/100|[from] item: Leftovers\n|upkeep\n|\n|t:|1699333945\n|switch|p1a: Ursaluna|Ursaluna-Bloodmoon, M|100\/100\n|turn|6\n|\n|t:|1699333963\n|-terastallize|p1a: Ursaluna|Ghost\n|move|p1a: Ursaluna|Calm Mind|p1a: Ursaluna\n|-boost|p1a: Ursaluna|spa|1\n|-boost|p1a: Ursaluna|spd|1\n|move|p1b: Farigiraf|Dazzling Gleam|p2b: Tinkaton|[spread] p2a,p2b\n|-supereffective|p2a: Lucario\n|-resisted|p2b: Tinkaton\n|-damage|p2a: Lucario|0 fnt\n|-damage|p2b: Tinkaton|94\/100\n|faint|p2a: Lucario\n|move|p2b: Tinkaton|Skill Swap|p1b: Farigiraf\n|-activate|p2b: Tinkaton|move: Skill Swap|Armor Tail|Mold Breaker|[of] p1b: Farigiraf\n|-ability|p1b: Farigiraf|Mold Breaker\n|\n|-heal|p1b: Farigiraf|86\/100|[from] item: Leftovers\n|upkeep\n|\n|t:|1699333972\n|switch|p2a: Olivia|Arboliva, F|100\/100\n|turn|7\n|\n|t:|1699333986\n|switch|p1b: Amoonguss|Amoonguss, M, shiny|100\/100\n|move|p2a: Olivia|Giga Drain|p1a: Ursaluna\n|-damage|p1a: Ursaluna|85\/100\n|move|p1a: Ursaluna|Calm Mind|p1a: Ursaluna\n|-boost|p1a: Ursaluna|spa|1\n|-boost|p1a: Ursaluna|spd|1\n|move|p2b: Tinkaton|Encore|p1a: Ursaluna\n|-start|p1a: Ursaluna|Encore\n|\n|upkeep\n|turn|8\n|\n|t:|1699334002\n|move|p2a: Olivia|Giga Drain|p1a: Ursaluna\n|-damage|p1a: Ursaluna|75\/100\n|move|p1b: Amoonguss|Spore|p2b: Tinkaton\n|-activate|p2b: Tinkaton|item: Safety Goggles|Spore\n|move|p1a: Ursaluna|Calm Mind|p1a: Ursaluna\n|-boost|p1a: Ursaluna|spa|1\n|-boost|p1a: Ursaluna|spd|1\n|move|p2b: Tinkaton|Gigaton Hammer|p1a: Ursaluna\n|-damage|p1a: Ursaluna|53\/100\n|\n|upkeep\n|turn|9\n|\n|t:|1699334023\n|move|p1b: Amoonguss|Rage Powder|p1b: Amoonguss\n|-singleturn|p1b: Amoonguss|move: Rage Powder\n|move|p2a: Olivia|Giga Drain|p1a: Ursaluna\n|-damage|p1a: Ursaluna|44\/100\n|move|p1a: Ursaluna|Calm Mind|p1a: Ursaluna\n|-boost|p1a: Ursaluna|spa|1\n|-boost|p1a: Ursaluna|spd|1\n|move|p2b: Tinkaton|Encore|p1b: Amoonguss\n|-start|p1b: Amoonguss|Encore\n|\n|-fieldend|move: Trick Room\n|upkeep\n|turn|10\n|\n|t:|1699334041\n|switch|p1b: Chansey|Chansey, F, shiny|100\/100\n|move|p2b: Tinkaton|Gigaton Hammer|p1a: Ursaluna\n|-damage|p1a: Ursaluna|24\/100\n|move|p1a: Ursaluna|Calm Mind|p1a: Ursaluna\n|-boost|p1a: Ursaluna|spa|1\n|-boost|p1a: Ursaluna|spd|1\n|move|p2a: Olivia|Giga Drain|p1a: Ursaluna\n|-damage|p1a: Ursaluna|17\/100\n|\n|-end|p1a: Ursaluna|Encore\n|upkeep\n|turn|11\n|\n|t:|1699334060\n|move|p2b: Tinkaton|Encore|p1a: Ursaluna\n|-start|p1a: Ursaluna|Encore\n|move|p1a: Ursaluna|Calm Mind|p1a: Ursaluna\n|-boost|p1a: Ursaluna|spa|1\n|-boost|p1a: Ursaluna|spd|1\n|move|p1b: Chansey|Heal Pulse|p1a: Ursaluna\n|-heal|p1a: Ursaluna|67\/100\n|move|p2a: Olivia|Giga Drain|p1a: Ursaluna\n|-damage|p1a: Ursaluna|61\/100\n|\n|-sideend|p1: crawler69|Reflect\n|upkeep\n|turn|12\n|inactive|fumbari 24 has 120 seconds left.\n|\n|t:|1699334090\n|move|p2b: Tinkaton|Gigaton Hammer|p1b: Chansey\n|-damage|p1b: Chansey|23\/100\n|move|p1a: Ursaluna|Calm Mind|p1a: Ursaluna\n|-boost|p1a: Ursaluna|spa|0\n|-boost|p1a: Ursaluna|spd|0\n|move|p1b: Chansey|Toxic|p2a: Olivia\n|-status|p2a: Olivia|tox\n|move|p2a: Olivia|Giga Drain|p1b: Chansey\n|-damage|p1b: Chansey|17\/100\n|\n|-damage|p2a: Olivia|94\/100 tox|[from] psn\n|-sideend|p1: crawler69|move: Light Screen\n|upkeep\n|turn|13\n|\n|t:|1699334108\n|switch|p1b: Amoonguss|Amoonguss, M, shiny|100\/100\n|move|p2b: Tinkaton|Encore||[still]\n|-fail|p2b: Tinkaton\n|move|p1a: Ursaluna|Calm Mind|p1a: Ursaluna\n|-boost|p1a: Ursaluna|spa|0\n|-boost|p1a: Ursaluna|spd|0\n|move|p2a: Olivia|Giga Drain|p1a: Ursaluna\n|-damage|p1a: Ursaluna|51\/100\n|-heal|p2a: Olivia|99\/100 tox|[from] drain|[of] p1a: Ursaluna\n|\n|-heal|p2a: Olivia|100\/100 tox|[from] item: Leftovers\n|-damage|p2a: Olivia|88\/100 tox|[from] psn\n|-end|p1a: Ursaluna|Encore\n|upkeep\n|turn|14\n|\n|t:|1699334131\n|move|p1b: Amoonguss|Rage Powder|p1b: Amoonguss\n|-singleturn|p1b: Amoonguss|move: Rage Powder\n|move|p2b: Tinkaton|Encore|p1a: Ursaluna\n|-start|p1a: Ursaluna|Encore\n|move|p1a: Ursaluna|Calm Mind|p1a: Ursaluna\n|-boost|p1a: Ursaluna|spa|0\n|-boost|p1a: Ursaluna|spd|0\n|move|p2a: Olivia|Giga Drain|p1a: Ursaluna\n|-damage|p1a: Ursaluna|42\/100\n|-heal|p2a: Olivia|94\/100 tox|[from] drain|[of] p1a: Ursaluna\n|\n|-heal|p2a: Olivia|99\/100 tox|[from] item: Leftovers\n|-damage|p2a: Olivia|81\/100 tox|[from] psn\n|upkeep\n|turn|15\n|\n|t:|1699334147\n|switch|p2a: Crobat|Crobat, F, shiny|78\/100\n|move|p2b: Tinkaton|Gigaton Hammer|p1a: Ursaluna\n|-damage|p1a: Ursaluna|10\/100\n|move|p1a: Ursaluna|Calm Mind|p1a: Ursaluna\n|-boost|p1a: Ursaluna|spa|0\n|-boost|p1a: Ursaluna|spd|0\n|move|p1b: Amoonguss|Pollen Puff|p1a: Ursaluna\n|-heal|p1a: Ursaluna|60\/100\n|\n|upkeep\n|turn|16\n|\n|t:|1699334176\n|move|p2a: Crobat|Brave Bird|p1b: Amoonguss\n|-supereffective|p1b: Amoonguss\n|-damage|p1b: Amoonguss|35\/100\n|-damage|p2a: Crobat|54\/100|[from] Recoil\n|move|p2b: Tinkaton|Encore|p1b: Amoonguss\n|-start|p1b: Amoonguss|Encore\n|move|p1a: Ursaluna|Calm Mind|p1a: Ursaluna\n|-boost|p1a: Ursaluna|spa|0\n|-boost|p1a: Ursaluna|spd|0\n|move|p1b: Amoonguss|Pollen Puff|p1a: Ursaluna\n|-heal|p1a: Ursaluna|100\/100\n|\n|-heal|p1b: Amoonguss|42\/100|[from] item: Leftovers\n|-end|p1a: Ursaluna|Encore\n|upkeep\n|turn|17\n|\n|t:|1699334202\n|move|p2a: Crobat|Brave Bird|p1b: Amoonguss\n|-supereffective|p1b: Amoonguss\n|-damage|p1b: Amoonguss|0 fnt\n|faint|p1b: Amoonguss\n|-damage|p2a: Crobat|39\/100|[from] Recoil\n|move|p2b: Tinkaton|Encore|p1a: Ursaluna\n|-start|p1a: Ursaluna|Encore\n|move|p1a: Ursaluna|Calm Mind|p1a: Ursaluna\n|-boost|p1a: Ursaluna|spa|0\n|-boost|p1a: Ursaluna|spd|0\n|\n|upkeep\n|inactive|crawler69 has 120 seconds left.\n|-message|crawler69 forfeited.\n|\n|win|fumbari 24\n|raw|crawler69's rating: 1014 &rarr; <strong>1006<\/strong><br \/>(-8 for losing)\n|raw|fumbari 24's rating: 1127 &rarr; <strong>1144<\/strong><br \/>(+17 for winning)\n|l|\u2606crawler69\n","uploadtime":1699334224,"views":7,"p1id":"crawler69","p2id":"fumbari24","formatid":"gen9nationaldexdoubles","rating":1006,"private":0,"password":""}