{"id":"gen9nationaldexdoubles-1994394749","p1":"Old McBruh","p2":"El Ryuk456","format":"[Gen 9] National Dex Doubles","log":"|j|\u2606Old McBruh\n|j|\u2606El Ryuk456\n|t:|1700438967\n|gametype|doubles\n|player|p1|Old McBruh|colress|1645\n|player|p2|El Ryuk456|ingo|1382\n|teamsize|p1|6\n|teamsize|p2|6\n|gen|9\n|tier|[Gen 9] National Dex Doubles\n|rated|\n|rule|HP Percentage Mod: HP is shown in percentages\n|rule|Endless Battle Clause: Forcing endless battles is banned\n|rule|OHKO Clause: OHKO moves are banned\n|rule|Evasion Moves Clause: Evasion moves are banned\n|rule|Evasion Abilities Clause: Evasion abilities are banned\n|rule|Species Clause: Limit one of each Pok\u00e9mon\n|rule|Gravity Sleep Clause: The combination of sleep-inducing moves with imperfect accuracy and Gravity or Gigantamax Orbeetle are banned\n|clearpoke\n|poke|p1|Charizard, M|\n|poke|p1|Walking Wake|\n|poke|p1|Whimsicott, F|\n|poke|p1|Flutter Mane|\n|poke|p1|Rillaboom, M|\n|poke|p1|Marshadow|\n|poke|p2|Lucario, M|\n|poke|p2|Ogerpon, F|\n|poke|p2|Tapu Lele|\n|poke|p2|Crobat, F|\n|poke|p2|Tinkaton, F|\n|poke|p2|Luxray, M|\n|teampreview\n|\n|t:|1700438983\n|start\n|switch|p1a: Annoying Fluffball|Whimsicott, F, shiny|100\/100\n|switch|p1b: Favoritism|Charizard, M, shiny|100\/100\n|switch|p2a: Tinkaton|Tinkaton, F|100\/100\n|switch|p2b: Tapu Lele|Tapu Lele, shiny|100\/100\n|-ability|p2a: Tinkaton|Mold Breaker\n|-fieldstart|move: Psychic Terrain|[from] ability: Psychic Surge|[of] p2b: Tapu Lele\n|turn|1\n|inactive|Battle timer is ON: inactive players will automatically lose when time's up. (requested by El Ryuk456)\n|\n|t:|1700439001\n|detailschange|p1b: Favoritism|Charizard-Mega-Y, M, shiny\n|-mega|p1b: Favoritism|Charizard|Charizardite Y\n|-weather|SunnyDay|[from] ability: Drought|[of] p1b: Favoritism\n|move|p2a: Tinkaton|Fake Out|p1b: Favoritism\n|-hint|Psychic Terrain doesn't affect Pok\u00e9mon immune to Ground.\n|-damage|p1b: Favoritism|91\/100\n|move|p1a: Annoying Fluffball|Tailwind|p1a: Annoying Fluffball\n|-sidestart|p1: Old McBruh|move: Tailwind\n|cant|p1b: Favoritism|flinch\n|-zpower|p2b: Tapu Lele\n|move|p2b: Tapu Lele|Shattered Psyche|p1b: Favoritism|[zeffect]\n|-damage|p1b: Favoritism|0 fnt\n|faint|p1b: Favoritism\n|\n|-weather|SunnyDay|[upkeep]\n|upkeep\n|\n|t:|1700439012\n|switch|p1b: Waterboards you|Walking Wake|100\/100\n|-activate|p1b: Waterboards you|ability: Protosynthesis\n|-start|p1b: Waterboards you|protosynthesisspe\n|turn|2\n|\n|t:|1700439027\n|move|p1b: Waterboards you|Hydro Steam|p2b: Tapu Lele\n|-damage|p2b: Tapu Lele|31\/100\n|-damage|p1b: Waterboards you|91\/100|[from] item: Life Orb\n|move|p1a: Annoying Fluffball|Moonblast|p2b: Tapu Lele\n|-damage|p2b: Tapu Lele|5\/100\n|move|p2a: Tinkaton|Gigaton Hammer|p1b: Waterboards you\n|-resisted|p1b: Waterboards you\n|-damage|p1b: Waterboards you|65\/100\n|move|p2b: Tapu Lele|Moonblast|p1b: Waterboards you\n|-supereffective|p1b: Waterboards you\n|-damage|p1b: Waterboards you|0 fnt\n|faint|p1b: Waterboards you\n|-end|p1b: Waterboards you|Protosynthesis|[silent]\n|\n|-weather|SunnyDay|[upkeep]\n|upkeep\n|\n|t:|1700439040\n|switch|p1b: you will die|Flutter Mane|100\/100\n|-activate|p1b: you will die|ability: Protosynthesis\n|-start|p1b: you will die|protosynthesisspe\n|turn|3\n|\n|t:|1700439052\n|switch|p2b: Crobat|Crobat, F, shiny|100\/100\n|move|p1b: you will die|Shadow Ball|p2a: Tinkaton\n|-damage|p2a: Tinkaton|54\/100\n|-damage|p1b: you will die|91\/100|[from] item: Life Orb\n|move|p1a: Annoying Fluffball|Moonblast|p2b: Crobat\n|-resisted|p2b: Crobat\n|-damage|p2b: Crobat|85\/100\n|move|p2a: Tinkaton|Rock Tomb|p1b: you will die\n|-damage|p1b: you will die|65\/100\n|-unboost|p1b: you will die|spe|1\n|\n|-weather|SunnyDay|[upkeep]\n|upkeep\n|turn|4\n|\n|t:|1700439066\n|move|p1b: you will die|Protect|p1b: you will die\n|-singleturn|p1b: you will die|Protect\n|move|p1a: Annoying Fluffball|Taunt|p2b: Crobat\n|-start|p2b: Crobat|move: Taunt\n|cant|p2b: Crobat|move: Taunt|Tailwind\n|move|p2a: Tinkaton|Gigaton Hammer|p1b: you will die\n|-activate|p1b: you will die|move: Protect\n|\n|-weather|SunnyDay|[upkeep]\n|-sideend|p1: Old McBruh|move: Tailwind\n|upkeep\n|turn|5\n|\n|t:|1700439083\n|move|p1b: you will die|Shadow Ball|p2a: Tinkaton\n|-damage|p2a: Tinkaton|0 fnt\n|faint|p2a: Tinkaton\n|-damage|p1b: you will die|55\/100|[from] item: Life Orb\n|move|p2b: Crobat|Brave Bird|p1b: you will die\n|-damage|p1b: you will die|0 fnt\n|faint|p1b: you will die\n|-end|p1b: you will die|Protosynthesis|[silent]\n|-damage|p2b: Crobat|73\/100|[from] Recoil\n|move|p1a: Annoying Fluffball|Moonblast|p2b: Crobat\n|-resisted|p2b: Crobat\n|-damage|p2b: Crobat|58\/100\n|\n|-weather|none\n|-fieldend|move: Psychic Terrain\n|upkeep\n|\n|t:|1700439106\n|switch|p1b: Gimme da boosts|Marshadow|100\/100\n|switch|p2a: Luxray|Luxray, M|100\/100\n|-ability|p2a: Luxray|Intimidate|boost\n|-unboost|p1a: Annoying Fluffball|atk|1\n|-unboost|p1b: Gimme da boosts|atk|1\n|turn|6\n|\n|t:|1700439116\n|move|p1a: Annoying Fluffball|Tailwind|p1a: Annoying Fluffball\n|-sidestart|p1: Old McBruh|move: Tailwind\n|move|p2a: Luxray|Baby-Doll Eyes|p1b: Gimme da boosts\n|-unboost|p1b: Gimme da boosts|atk|1\n|-zpower|p1b: Gimme da boosts\n|move|p1b: Gimme da boosts|Soul-Stealing 7-Star Strike|p2b: Crobat|[zeffect]\n|-damage|p2b: Crobat|5\/100\n|move|p2b: Crobat|Brave Bird|p1b: Gimme da boosts\n|-supereffective|p1b: Gimme da boosts\n|-damage|p1b: Gimme da boosts|0 fnt\n|faint|p1b: Gimme da boosts\n|-damage|p2b: Crobat|0 fnt|[from] Recoil\n|faint|p2b: Crobat\n|\n|upkeep\n|-message|Old McBruh forfeited.\n|\n|win|El Ryuk456\n|raw|Old McBruh's rating: 1645 &rarr; <strong>1612<\/strong><br \/>(-33 for losing)\n|raw|El Ryuk456's rating: 1382 &rarr; <strong>1415<\/strong><br \/>(+33 for winning)\n|l|\u2606Old McBruh\n","uploadtime":1700439140,"views":14,"p1id":"oldmcbruh","p2id":"elryuk456","formatid":"gen9nationaldexdoubles","rating":1415,"private":0,"password":""}