{"id":"gen9nationaldexdoubles-1953363909","p1":"Theadonia","p2":"AceTheInadequate","format":"[Gen 9] National Dex Doubles","log":"|j|\u2606Theadonia\n|j|\u2606AceTheInadequate\n|t:|1695778583\n|gametype|doubles\n|player|p1|Theadonia|caitlin|1172\n|player|p2|AceTheInadequate|guitarist|1158\n|teamsize|p1|6\n|teamsize|p2|6\n|gen|9\n|tier|[Gen 9] National Dex Doubles\n|rated|\n|rule|HP Percentage Mod: HP is shown in percentages\n|rule|Endless Battle Clause: Forcing endless battles is banned\n|rule|OHKO Clause: OHKO moves are banned\n|rule|Evasion Moves Clause: Evasion moves are banned\n|rule|Evasion Abilities Clause: Evasion abilities are banned\n|rule|Species Clause: Limit one of each Pok\u00e9mon\n|rule|Gravity Sleep Clause: The combination of sleep-inducing moves with imperfect accuracy and Gravity or Gigantamax Orbeetle are banned\n|clearpoke\n|poke|p1|Delphox, M|\n|poke|p1|Oricorio-Sensu, F|\n|poke|p1|Kommo-o, F|\n|poke|p1|Smeargle, M|\n|poke|p1|Comfey, M|\n|poke|p1|Manaphy|\n|poke|p2|Volcarona, M|\n|poke|p2|Scizor, M|\n|poke|p2|Slither Wing|\n|poke|p2|Kleavor, M|\n|poke|p2|Vikavolt, F|\n|poke|p2|Shuckle, M|\n|teampreview\n|\n|t:|1695778606\n|start\n|switch|p1a: Delphox|Delphox, M|100\/100\n|switch|p1b: Oricorio|Oricorio-Sensu, F|100\/100\n|switch|p2a: Fuckle|Shuckle, M|100\/100\n|switch|p2b: Squidgy|Kleavor, M|100\/100\n|turn|1\n|\n|t:|1695778620\n|move|p1a: Delphox|Role Play|p1b: Oricorio\n|-endability|p1a: Delphox|Magician|[from] move: Role Play\n|-ability|p1a: Delphox|Dancer|[from] move: Role Play|[of] p1b: Oricorio\n|move|p2b: Squidgy|Stone Axe|p1a: Delphox\n|-supereffective|p1a: Delphox\n|-damage|p1a: Delphox|0 fnt\n|faint|p1a: Delphox\n|move|p1b: Oricorio|Quiver Dance|p1b: Oricorio\n|-boost|p1b: Oricorio|spa|1\n|-boost|p1b: Oricorio|spd|1\n|-boost|p1b: Oricorio|spe|1\n|move|p2a: Fuckle|Sticky Web|p1b: Oricorio\n|-sidestart|p1: Theadonia|move: Sticky Web\n|\n|upkeep\n|\n|t:|1695778624\n|switch|p1a: Smeargle|Smeargle, M|100\/100\n|-activate|p1a: Smeargle|move: Sticky Web\n|-unboost|p1a: Smeargle|spe|1\n|turn|2\n|\n|t:|1695778640\n|move|p1b: Oricorio|Substitute|p1b: Oricorio\n|-start|p1b: Oricorio|Substitute\n|-damage|p1b: Oricorio|75\/100\n|move|p2b: Squidgy|Close Combat|p1a: Smeargle\n|-supereffective|p1a: Smeargle\n|-damage|p1a: Smeargle|0 fnt\n|-unboost|p2b: Squidgy|def|1\n|-unboost|p2b: Squidgy|spd|1\n|faint|p1a: Smeargle\n|move|p2a: Fuckle|Toxic||[still]\n|-fail|p2a: Fuckle\n|\n|upkeep\n|\n|t:|1695778648\n|switch|p1a: Kommo-o|Kommo-o, F|100\/100\n|-activate|p1a: Kommo-o|move: Sticky Web\n|-unboost|p1a: Kommo-o|spe|1\n|turn|3\n|-activate|p2b: Squidgy|item: Quick Claw\n|\n|t:|1695778664\n|move|p2b: Squidgy|Stone Axe|p1b: Oricorio|[miss]\n|-miss|p2b: Squidgy|p1b: Oricorio\n|move|p1b: Oricorio|Quiver Dance|p1b: Oricorio\n|-boost|p1b: Oricorio|spa|1\n|-boost|p1b: Oricorio|spd|1\n|-boost|p1b: Oricorio|spe|1\n|move|p1a: Kommo-o|Clangorous Soul|p1a: Kommo-o\n|-boost|p1a: Kommo-o|atk|1\n|-boost|p1a: Kommo-o|def|1\n|-boost|p1a: Kommo-o|spa|1\n|-boost|p1a: Kommo-o|spd|1\n|-boost|p1a: Kommo-o|spe|1\n|-damage|p1a: Kommo-o|68\/100\n|-activate|p1b: Oricorio|ability: Dancer\n|move|p1b: Oricorio|Clangorous Soul|p1b: Oricorio|[from]ability: Dancer\n|-boost|p1b: Oricorio|atk|1\n|-boost|p1b: Oricorio|def|1\n|-boost|p1b: Oricorio|spa|1\n|-boost|p1b: Oricorio|spd|1\n|-boost|p1b: Oricorio|spe|1\n|-damage|p1b: Oricorio|43\/100\n|move|p2a: Fuckle|Toxic|p1a: Kommo-o\n|-status|p1a: Kommo-o|tox\n|\n|-damage|p1a: Kommo-o|61\/100 tox|[from] psn\n|upkeep\n|turn|4\n|\n|t:|1695778694\n|move|p1b: Oricorio|Roost|p1b: Oricorio\n|-heal|p1b: Oricorio|93\/100\n|-singleturn|p1b: Oricorio|move: Roost\n|-zpower|p1a: Kommo-o\n|move|p1a: Kommo-o|Clangorous Soulblaze|p2b: Squidgy|[zeffect]|[spread] p2a,p2b\n|-damage|p2a: Fuckle|61\/100\n|-damage|p2b: Squidgy|0 fnt\n|faint|p2b: Squidgy\n|-boost|p1a: Kommo-o|atk|1\n|-boost|p1a: Kommo-o|def|1\n|-boost|p1a: Kommo-o|spa|1\n|-boost|p1a: Kommo-o|spd|1\n|-boost|p1a: Kommo-o|spe|1\n|move|p2a: Fuckle|Infestation|p1a: Kommo-o\n|-resisted|p1a: Kommo-o\n|-damage|p1a: Kommo-o|61\/100 tox\n|-activate|p1a: Kommo-o|move: Infestation|[of] p2a: Fuckle\n|\n|-damage|p1a: Kommo-o|48\/100 tox|[from] psn\n|-damage|p1a: Kommo-o|36\/100 tox|[from] move: Infestation|[partiallytrapped]\n|upkeep\n|\n|t:|1695778718\n|switch|p2b: GasGasGas!!!|Scizor, M|100\/100\n|turn|5\n|\n|t:|1695778730\n|switch|p2a: Pew Pew!!|Vikavolt, F|100\/100\n|-terastallize|p2b: GasGasGas!!!|Steel\n|move|p2b: GasGasGas!!!|Bullet Punch|p1a: Kommo-o\n|-damage|p1a: Kommo-o|13\/100 tox\n|-damage|p2b: GasGasGas!!!|91\/100|[from] item: Life Orb\n|move|p1b: Oricorio|Revelation Dance|p2a: Pew Pew!!\n|-damage|p2a: Pew Pew!!|7\/100\n|move|p1a: Kommo-o|Drain Punch|p2b: GasGasGas!!!\n|-supereffective|p2b: GasGasGas!!!\n|-damage|p2b: GasGasGas!!!|0 fnt\n|-heal|p1a: Kommo-o|66\/100 tox|[from] drain|[of] p2b: GasGasGas!!!\n|faint|p2b: GasGasGas!!!\n|\n|-damage|p1a: Kommo-o|47\/100 tox|[from] psn\n|-end|p1a: Kommo-o|Infestation|[partiallytrapped]|[silent]\n|upkeep\n|\n|t:|1695778740\n|switch|p2b: \ud83d\udc41\ufe0f\ud83d\udc44\ud83d\udc41\ufe0f|Volcarona, M|100\/100\n|turn|6\n|\n|t:|1695778754\n|move|p1b: Oricorio|Quiver Dance|p1b: Oricorio\n|-boost|p1b: Oricorio|spa|1\n|-boost|p1b: Oricorio|spd|1\n|-boost|p1b: Oricorio|spe|1\n|move|p1a: Kommo-o|Clangorous Soul|p1a: Kommo-o\n|-boost|p1a: Kommo-o|atk|1\n|-boost|p1a: Kommo-o|def|1\n|-boost|p1a: Kommo-o|spa|1\n|-boost|p1a: Kommo-o|spd|1\n|-boost|p1a: Kommo-o|spe|1\n|-damage|p1a: Kommo-o|14\/100 tox\n|-activate|p1b: Oricorio|ability: Dancer\n|move|p1b: Oricorio|Clangorous Soul|p1b: Oricorio|[from]ability: Dancer\n|-boost|p1b: Oricorio|atk|1\n|-boost|p1b: Oricorio|def|1\n|-boost|p1b: Oricorio|spa|1\n|-boost|p1b: Oricorio|spd|1\n|-boost|p1b: Oricorio|spe|1\n|-damage|p1b: Oricorio|60\/100\n|move|p2b: \ud83d\udc41\ufe0f\ud83d\udc44\ud83d\udc41\ufe0f|Heat Wave|p1b: Oricorio|[spread] p1a,p1b\n|-activate|p1b: Oricorio|move: Substitute|[damage]\n|-resisted|p1a: Kommo-o\n|-damage|p1a: Kommo-o|3\/100 tox\n|move|p2a: Pew Pew!!|Air Slash|p1a: Kommo-o\n|-supereffective|p1a: Kommo-o\n|-damage|p1a: Kommo-o|0 fnt\n|faint|p1a: Kommo-o\n|\n|upkeep\n|\n|t:|1695778777\n|switch|p1a: Comfey|Comfey, M|100\/100\n|-activate|p1a: Comfey|move: Sticky Web\n|-unboost|p1a: Comfey|spe|1\n|turn|7\n|\n|t:|1695778787\n|move|p1b: Oricorio|Roost|p1b: Oricorio\n|-heal|p1b: Oricorio|100\/100\n|-singleturn|p1b: Oricorio|move: Roost\n|move|p2b: \ud83d\udc41\ufe0f\ud83d\udc44\ud83d\udc41\ufe0f|Heat Wave|p1b: Oricorio|[spread] p1a,p1b\n|-end|p1b: Oricorio|Substitute\n|-damage|p1a: Comfey|44\/100\n|move|p1a: Comfey|Role Play|p1b: Oricorio\n|-endability|p1a: Comfey|Triage|[from] move: Role Play\n|-ability|p1a: Comfey|Dancer|[from] move: Role Play|[of] p1b: Oricorio\n|move|p2a: Pew Pew!!|Air Slash|p1a: Comfey\n|-damage|p1a: Comfey|2\/100\n|\n|-heal|p1a: Comfey|8\/100|[from] item: Leftovers\n|upkeep\n|turn|8\n|\n|t:|1695778806\n|move|p1b: Oricorio|Revelation Dance|p2b: \ud83d\udc41\ufe0f\ud83d\udc44\ud83d\udc41\ufe0f\n|-damage|p2b: \ud83d\udc41\ufe0f\ud83d\udc44\ud83d\udc41\ufe0f|0 fnt\n|faint|p2b: \ud83d\udc41\ufe0f\ud83d\udc44\ud83d\udc41\ufe0f\n|-activate|p1a: Comfey|ability: Dancer\n|move|p1a: Comfey|Revelation Dance|p2a: Pew Pew!!|[from]ability: Dancer\n|-damage|p2a: Pew Pew!!|0 fnt\n|faint|p2a: Pew Pew!!\n|move|p1a: Comfey|Draining Kiss|p2: Pew Pew!!|[notarget]\n|-fail|p1a: Comfey\n|\n|-heal|p1a: Comfey|14\/100|[from] item: Leftovers\n|upkeep\n|\n|t:|1695778817\n|switch|p2b: Fuckle|Shuckle, M|61\/100\n|switch|p2a: Vegeta|Slither Wing|100\/100\n|-enditem|p2a: Vegeta|Booster Energy\n|-activate|p2a: Vegeta|ability: Protosynthesis|[fromitem]\n|-start|p2a: Vegeta|protosynthesisatk\n|turn|9\n|\n|t:|1695778823\n|move|p1b: Oricorio|Revelation Dance|p2b: Fuckle\n|-damage|p2b: Fuckle|5\/100\n|-activate|p1a: Comfey|ability: Dancer\n|move|p1a: Comfey|Revelation Dance|p2b: Fuckle|[from]ability: Dancer\n|-damage|p2b: Fuckle|0 fnt\n|faint|p2b: Fuckle\n|move|p2a: Vegeta|Earthquake|p1b: Oricorio|[spread] p1a\n|-immune|p1b: Oricorio\n|-damage|p1a: Comfey|0 fnt\n|faint|p1a: Comfey\n|\n|upkeep\n|\n|t:|1695778830\n|switch|p1a: Manaphy|Manaphy|100\/100\n|-activate|p1a: Manaphy|move: Sticky Web\n|-unboost|p1a: Manaphy|spe|1\n|turn|10\n|\n|t:|1695778841\n|-terastallize|p1b: Oricorio|Fairy\n|move|p1b: Oricorio|Revelation Dance|p2a: Vegeta\n|-supereffective|p2a: Vegeta\n|-damage|p2a: Vegeta|0 fnt\n|faint|p2a: Vegeta\n|-end|p2a: Vegeta|Protosynthesis|[silent]\n|\n|win|Theadonia\n|raw|Theadonia's rating: 1172 &rarr; <strong>1196<\/strong><br \/>(+24 for winning)\n|raw|AceTheInadequate's rating: 1158 &rarr; <strong>1134<\/strong><br \/>(-24 for losing)\n|l|\u2606AceTheInadequate\n","uploadtime":1695778853,"views":8,"p1id":"theadonia","p2id":"acetheinadequate","formatid":"gen9nationaldexdoubles","rating":1134,"private":0,"password":""}