{"id":"gen9nationaldexdoubles-1992469690","p1":"CrisWWE","p2":"skjsj","format":"[Gen 9] National Dex Doubles","log":"|j|\u2606CrisWWE\n|j|\u2606skjsj\n|t:|1700191445\n|gametype|doubles\n|player|p1|CrisWWE|shadowtriad|1182\n|player|p2|skjsj|169|1213\n|teamsize|p1|6\n|teamsize|p2|6\n|gen|9\n|tier|[Gen 9] National Dex Doubles\n|rated|\n|rule|HP Percentage Mod: HP is shown in percentages\n|rule|Endless Battle Clause: Forcing endless battles is banned\n|rule|OHKO Clause: OHKO moves are banned\n|rule|Evasion Moves Clause: Evasion moves are banned\n|rule|Evasion Abilities Clause: Evasion abilities are banned\n|rule|Species Clause: Limit one of each Pok\u00e9mon\n|rule|Gravity Sleep Clause: The combination of sleep-inducing moves with imperfect accuracy and Gravity or Gigantamax Orbeetle are banned\n|clearpoke\n|poke|p1|Tapu Koko|\n|poke|p1|Charizard, F|\n|poke|p1|Tornadus, M|\n|poke|p1|Marshadow|\n|poke|p1|Iron Hands|\n|poke|p1|Flutter Mane|\n|poke|p2|Kangaskhan, F|\n|poke|p2|Rillaboom, M|\n|poke|p2|Kyurem-Black|\n|poke|p2|Jirachi|\n|poke|p2|Urshifu-*, M|\n|poke|p2|Zeraora|\n|teampreview\n|inactive|Battle timer is ON: inactive players will automatically lose when time's up. (requested by skjsj)\n|\n|t:|1700191465\n|start\n|switch|p1a: Tapu Koko|Tapu Koko|100\/100\n|switch|p1b: Tornadus|Tornadus, M|100\/100\n|switch|p2a: Kangaskhan|Kangaskhan, F|100\/100\n|switch|p2b: Zeraora|Zeraora|100\/100\n|-fieldstart|move: Electric Terrain|[from] ability: Electric Surge|[of] p1a: Tapu Koko\n|turn|1\n|\n|t:|1700191486\n|move|p1b: Tornadus|Protect|p1b: Tornadus\n|-singleturn|p1b: Tornadus|Protect\n|move|p1a: Tapu Koko|Protect|p1a: Tapu Koko\n|-singleturn|p1a: Tapu Koko|Protect\n|move|p2b: Zeraora|Fake Out|p1a: Tapu Koko\n|-activate|p1a: Tapu Koko|move: Protect\n|move|p2a: Kangaskhan|Fake Out|p1b: Tornadus\n|-activate|p1b: Tornadus|move: Protect\n|\n|upkeep\n|turn|2\n|\n|t:|1700191511\n|detailschange|p2a: Kangaskhan|Kangaskhan-Mega, F\n|-mega|p2a: Kangaskhan|Kangaskhan|Kangaskhanite\n|move|p1b: Tornadus|Tailwind|p1b: Tornadus\n|-sidestart|p1: CrisWWE|move: Tailwind\n|move|p1a: Tapu Koko|Dazzling Gleam|p2a: Kangaskhan|[spread] p2a,p2b\n|-damage|p2a: Kangaskhan|80\/100\n|-damage|p2b: Zeraora|68\/100\n|-zpower|p2b: Zeraora\n|move|p2b: Zeraora|Gigavolt Havoc|p1b: Tornadus|[zeffect]\n|-supereffective|p1b: Tornadus\n|-enditem|p1b: Tornadus|Focus Sash\n|-damage|p1b: Tornadus|1\/100\n|move|p2a: Kangaskhan|Shadow Claw|p1a: Tapu Koko\n|-damage|p1a: Tapu Koko|64\/100\n|-damage|p1a: Tapu Koko|56\/100\n|-hitcount|p1a: Tapu Koko|2\n|\n|upkeep\n|turn|3\n|\n|t:|1700191537\n|move|p1b: Tornadus|Taunt|p2a: Kangaskhan\n|-start|p2a: Kangaskhan|move: Taunt\n|move|p1a: Tapu Koko|Nature's Madness|p2a: Kangaskhan\n|-damage|p2a: Kangaskhan|40\/100\n|move|p2b: Zeraora|Plasma Fists|p1b: Tornadus\n|-supereffective|p1b: Tornadus\n|-damage|p1b: Tornadus|0 fnt\n|-fieldactivate|move: Ion Deluge\n|-hint|Normal-type moves become Electric-type after using Plasma Fists.\n|faint|p1b: Tornadus\n|move|p2a: Kangaskhan|Shadow Claw|p1a: Tapu Koko\n|-damage|p1a: Tapu Koko|23\/100\n|-damage|p1a: Tapu Koko|15\/100\n|-hitcount|p1a: Tapu Koko|2\n|\n|upkeep\n|\n|t:|1700191556\n|switch|p1b: Charizard|Charizard, F|100\/100\n|turn|4\n|\n|t:|1700191564\n|detailschange|p1b: Charizard|Charizard-Mega-Y, F\n|-mega|p1b: Charizard|Charizard|Charizardite Y\n|-weather|SunnyDay|[from] ability: Drought|[of] p1b: Charizard\n|move|p1a: Tapu Koko|Nature's Madness|p2b: Zeraora\n|-damage|p2b: Zeraora|34\/100\n|move|p1b: Charizard|Solar Beam||[still]\n|-prepare|p1b: Charizard|Solar Beam\n|-anim|p1b: Charizard|Solar Beam|p2a: Kangaskhan\n|-damage|p2a: Kangaskhan|0 fnt\n|faint|p2a: Kangaskhan\n|move|p2b: Zeraora|Plasma Fists|p1b: Charizard\n|-supereffective|p1b: Charizard\n|-damage|p1b: Charizard|0 fnt\n|-fieldactivate|move: Ion Deluge\n|-hint|Normal-type moves become Electric-type after using Plasma Fists.\n|faint|p1b: Charizard\n|\n|-weather|SunnyDay|[upkeep]\n|upkeep\n|\n|t:|1700191577\n|switch|p1b: Flutter Mane|Flutter Mane|100\/100\n|switch|p2a: Urshifu|Urshifu-Rapid-Strike, M|100\/100\n|-activate|p1b: Flutter Mane|ability: Protosynthesis\n|-start|p1b: Flutter Mane|protosynthesisspe\n|turn|5\n|inactive|skjsj has 120 seconds left.\n|\n|t:|1700191626\n|move|p1b: Flutter Mane|Dazzling Gleam|p2b: Zeraora|[spread] p2a,p2b\n|-supereffective|p2a: Urshifu\n|-damage|p2a: Urshifu|0 fnt\n|-damage|p2b: Zeraora|0 fnt\n|faint|p2a: Urshifu\n|faint|p2b: Zeraora\n|move|p1a: Tapu Koko|Volt Switch|p2: Urshifu|[notarget]\n|-fail|p1a: Tapu Koko\n|\n|-weather|SunnyDay|[upkeep]\n|-sideend|p1: CrisWWE|move: Tailwind\n|upkeep\n|\n|t:|1700191635\n|switch|p2b: Jirachi|Jirachi|100\/100\n|switch|p2a: Rillaboom|Rillaboom, M|100\/100\n|-fieldstart|move: Grassy Terrain|[from] ability: Grassy Surge|[of] p2a: Rillaboom\n|turn|6\n|inactive|skjsj has 120 seconds left.\n|\n|t:|1700191660\n|-end|p1b: Flutter Mane|Protosynthesis|[silent]\n|switch|p1b: Iron Hands|Iron Hands|100\/100\n|move|p2a: Rillaboom|Fake Out|p1a: Tapu Koko\n|-damage|p1a: Tapu Koko|0 fnt\n|faint|p1a: Tapu Koko\n|move|p2b: Jirachi|Iron Head|p1b: Iron Hands\n|-resisted|p1b: Iron Hands\n|-damage|p1b: Iron Hands|92\/100\n|\n|-weather|SunnyDay|[upkeep]\n|-heal|p1b: Iron Hands|99\/100|[from] Grassy Terrain\n|upkeep\n|\n|t:|1700191668\n|switch|p1a: Marshadow|Marshadow|100\/100\n|turn|7\n|inactive|skjsj has 120 seconds left.\n|\n|t:|1700191707\n|move|p1b: Iron Hands|Fake Out|p2a: Rillaboom\n|-crit|p2a: Rillaboom\n|-damage|p2a: Rillaboom|70\/100\n|-damage|p1b: Iron Hands|89\/100|[from] item: Life Orb\n|move|p2b: Jirachi|Follow Me|p2b: Jirachi\n|-singleturn|p2b: Jirachi|move: Follow Me\n|cant|p2a: Rillaboom|flinch\n|move|p1a: Marshadow|Spectral Thief|p2b: Jirachi\n|-supereffective|p2b: Jirachi\n|-damage|p2b: Jirachi|31\/100\n|\n|-weather|SunnyDay|[upkeep]\n|-heal|p2b: Jirachi|37\/100|[from] Grassy Terrain\n|-heal|p2a: Rillaboom|76\/100|[from] Grassy Terrain\n|-heal|p1b: Iron Hands|95\/100|[from] Grassy Terrain\n|upkeep\n|turn|8\n|inactive|skjsj has 120 seconds left.\n|\n|t:|1700191729\n|move|p2a: Rillaboom|Grassy Glide|p1a: Marshadow\n|-damage|p1a: Marshadow|53\/100\n|move|p1a: Marshadow|Spectral Thief|p2b: Jirachi\n|-supereffective|p2b: Jirachi\n|-damage|p2b: Jirachi|0 fnt\n|faint|p2b: Jirachi\n|move|p1b: Iron Hands|Ice Punch|p2a: Rillaboom\n|-supereffective|p2a: Rillaboom\n|-damage|p2a: Rillaboom|7\/100\n|-damage|p1b: Iron Hands|85\/100|[from] item: Life Orb\n|\n|-weather|none\n|-heal|p1a: Marshadow|59\/100|[from] Grassy Terrain\n|-heal|p2a: Rillaboom|13\/100|[from] Grassy Terrain\n|-heal|p1b: Iron Hands|91\/100|[from] Grassy Terrain\n|upkeep\n|\n|t:|1700191732\n|switch|p2b: Kyurem|Kyurem-Black|100\/100\n|-ability|p2b: Kyurem|Teravolt\n|turn|9\n|\n|t:|1700191749\n|move|p1a: Marshadow|Shadow Sneak|p2a: Rillaboom\n|-damage|p2a: Rillaboom|0 fnt\n|faint|p2a: Rillaboom\n|move|p2b: Kyurem|Dragon Dance|p2b: Kyurem\n|-boost|p2b: Kyurem|atk|1\n|-boost|p2b: Kyurem|spe|1\n|move|p1b: Iron Hands|Play Rough|p2b: Kyurem\n|-supereffective|p2b: Kyurem\n|-damage|p2b: Kyurem|28\/100\n|-damage|p1b: Iron Hands|81\/100|[from] item: Life Orb\n|\n|-heal|p1a: Marshadow|65\/100|[from] Grassy Terrain\n|-heal|p2b: Kyurem|34\/100|[from] Grassy Terrain\n|-heal|p1b: Iron Hands|87\/100|[from] Grassy Terrain\n|upkeep\n|turn|10\n|\n|t:|1700191761\n|-end|p1b: Iron Hands|Quark Drive|[silent]\n|switch|p1b: Flutter Mane|Flutter Mane|100\/100\n|move|p1a: Marshadow|Spectral Thief||[still]\n|-clearpositiveboost|p2b: Kyurem|p1a: Marshadow|move: Spectral Thief\n|-boost|p1a: Marshadow|atk|1\n|-boost|p1a: Marshadow|spe|1\n|-anim|p1a: Marshadow|Spectral Thief|p2b: Kyurem\n|-damage|p2b: Kyurem|0 fnt\n|faint|p2b: Kyurem\n|\n|win|CrisWWE\n|raw|CrisWWE's rating: 1182 &rarr; <strong>1209<\/strong><br \/>(+27 for winning)\n|raw|skjsj's rating: 1213 &rarr; <strong>1186<\/strong><br \/>(-27 for losing)\n|l|\u2606skjsj\n","uploadtime":1700191776,"views":7,"p1id":"criswwe","p2id":"skjsj","formatid":"gen9nationaldexdoubles","rating":1186,"private":0,"password":""}