{"id":"gen9nationaldexdoubles-1970475475","p1":"disconnectSME","p2":"Chumpette","format":"[Gen 9] National Dex Doubles","log":"|j|\u2606disconnectSME\n|j|\u2606Chumpette\n|t:|1697641910\n|gametype|doubles\n|player|p1|disconnectSME|karen|\n|player|p2|Chumpette|boarder|\n|teamsize|p1|6\n|teamsize|p2|6\n|gen|9\n|tier|[Gen 9] National Dex Doubles\n|rule|HP Percentage Mod: HP is shown in percentages\n|rule|Endless Battle Clause: Forcing endless battles is banned\n|rule|OHKO Clause: OHKO moves are banned\n|rule|Evasion Moves Clause: Evasion moves are banned\n|rule|Evasion Abilities Clause: Evasion abilities are banned\n|rule|Species Clause: Limit one of each Pok\u00e9mon\n|rule|Gravity Sleep Clause: The combination of sleep-inducing moves with imperfect accuracy and Gravity or Gigantamax Orbeetle are banned\n|clearpoke\n|poke|p1|Blastoise, M|\n|poke|p1|Tentacruel, F|\n|poke|p1|Rillaboom, F|\n|poke|p1|Dragapult, M|\n|poke|p1|Hawlucha, F|\n|poke|p1|Volcarona, M|\n|poke|p2|Ninetales-Alola, M|\n|poke|p2|Togekiss, M|\n|poke|p2|Vanilluxe, M|\n|poke|p2|Cloyster, F|\n|poke|p2|Jolteon, M|\n|poke|p2|Sandslash-Alola, F|\n|teampreview\n|\n|t:|1697641970\n|start\n|switch|p1a: Blastoise|Blastoise, M|100\/100\n|switch|p1b: Volcarona|Volcarona, M|100\/100\n|switch|p2a: Sycophant|Togekiss, M|100\/100\n|switch|p2b: MC Hammer|Jolteon, M|100\/100\n|turn|1\n|j| Clabeh\n|\n|t:|1697642009\n|move|p2a: Sycophant|Helping Hand|p2b: MC Hammer\n|-singleturn|p2b: MC Hammer|Helping Hand|[of] p2a: Sycophant\n|move|p1a: Blastoise|Fake Out|p2b: MC Hammer\n|-damage|p2b: MC Hammer|84\/100\n|cant|p2b: MC Hammer|flinch\n|move|p1b: Volcarona|Will-O-Wisp|p2a: Sycophant\n|-status|p2a: Sycophant|brn\n|\n|-damage|p2a: Sycophant|94\/100 brn|[from] brn\n|upkeep\n|turn|2\n|\n|t:|1697642040\n|switch|p1a: Rillaboom|Rillaboom, F|100\/100\n|-fieldstart|move: Grassy Terrain|[from] ability: Grassy Surge|[of] p1a: Rillaboom\n|move|p2a: Sycophant|Helping Hand|p2b: MC Hammer\n|-singleturn|p2b: MC Hammer|Helping Hand|[of] p2a: Sycophant\n|move|p2b: MC Hammer|Volt Switch|p1a: Rillaboom\n|-resisted|p1a: Rillaboom\n|-damage|p1a: Rillaboom|81\/100\n|\n|t:|1697642089\n|switch|p2b: Vanilla Ice|Vanilluxe, M|100\/100|[from] Volt Switch\n|-weather|Snow|[from] ability: Snow Warning|[of] p2b: Vanilla Ice\n|move|p1b: Volcarona|Heat Wave|p2b: Vanilla Ice|[spread] p2a,p2b\n|-supereffective|p2b: Vanilla Ice\n|-damage|p2a: Sycophant|76\/100 brn\n|-damage|p2b: Vanilla Ice|58\/100\n|\n|-weather|Snow|[upkeep]\n|-heal|p1a: Rillaboom|87\/100|[from] Grassy Terrain\n|-heal|p2b: Vanilla Ice|64\/100|[from] Grassy Terrain\n|-damage|p2a: Sycophant|69\/100 brn|[from] brn\n|upkeep\n|turn|3\n|\n|t:|1697642126\n|move|p1a: Rillaboom|Fake Out|p2b: Vanilla Ice\n|-damage|p2b: Vanilla Ice|53\/100\n|move|p2a: Sycophant|Follow Me|p2a: Sycophant\n|-singleturn|p2a: Sycophant|move: Follow Me\n|move|p1b: Volcarona|Heat Wave|p2b: Vanilla Ice|[spread] p2a,p2b\n|-supereffective|p2b: Vanilla Ice\n|-damage|p2a: Sycophant|51\/100 brn\n|-damage|p2b: Vanilla Ice|11\/100\n|cant|p2b: Vanilla Ice|flinch\n|\n|-weather|Snow|[upkeep]\n|-heal|p1a: Rillaboom|94\/100|[from] Grassy Terrain\n|-heal|p2b: Vanilla Ice|17\/100|[from] Grassy Terrain\n|-damage|p2a: Sycophant|45\/100 brn|[from] brn\n|upkeep\n|turn|4\n|\n|t:|1697642160\n|move|p2a: Sycophant|Follow Me|p2a: Sycophant\n|-singleturn|p2a: Sycophant|move: Follow Me\n|move|p1a: Rillaboom|Grassy Glide|p2a: Sycophant\n|-resisted|p2a: Sycophant\n|-damage|p2a: Sycophant|26\/100 brn\n|-damage|p1a: Rillaboom|77\/100|[from] item: Rocky Helmet|[of] p2a: Sycophant\n|move|p1b: Volcarona|Heat Wave|p2a: Sycophant|[spread] p2a,p2b\n|-crit|p2a: Sycophant\n|-supereffective|p2b: Vanilla Ice\n|-damage|p2a: Sycophant|0 fnt\n|-damage|p2b: Vanilla Ice|0 fnt\n|faint|p2a: Sycophant\n|faint|p2b: Vanilla Ice\n|\n|-weather|Snow|[upkeep]\n|-heal|p1a: Rillaboom|83\/100|[from] Grassy Terrain\n|upkeep\n|\n|t:|1697642184\n|switch|p2a: Judas|Cloyster, F|100\/100\n|switch|p2b: The Messiah|Sandslash-Alola, F|100\/100\n|turn|5\n|\n|t:|1697642198\n|move|p1a: Rillaboom|Grassy Glide|p2a: Judas\n|-supereffective|p2a: Judas\n|-damage|p2a: Judas|53\/100\n|move|p2b: The Messiah|Triple Axel|p1a: Rillaboom\n|-supereffective|p1a: Rillaboom\n|-damage|p1a: Rillaboom|66\/100\n|-supereffective|p1a: Rillaboom\n|-damage|p1a: Rillaboom|35\/100\n|-supereffective|p1a: Rillaboom\n|-damage|p1a: Rillaboom|0 fnt\n|faint|p1a: Rillaboom\n|-hitcount|p1: Rillaboom|3\n|move|p1b: Volcarona|Heat Wave|p2b: The Messiah|[spread] p2a,p2b\n|-supereffective|p2b: The Messiah\n|-damage|p2a: Judas|0 fnt\n|-damage|p2b: The Messiah|0 fnt\n|faint|p2a: Judas\n|faint|p2b: The Messiah\n|\n|-weather|Snow|[upkeep]\n|upkeep\n|\n|t:|1697642237\n|switch|p2b: Winter|Ninetales-Alola, M|100\/100\n|switch|p2a: MC Hammer|Jolteon, M|84\/100\n|switch|p1a: Hawlucha|Hawlucha, F|100\/100\n|-enditem|p1a: Hawlucha|Grassy Seed\n|-boost|p1a: Hawlucha|def|1|[from] item: Grassy Seed\n|turn|6\n|\n|t:|1697642258\n|move|p1a: Hawlucha|Acrobatics|p2a: MC Hammer\n|-resisted|p2a: MC Hammer\n|-damage|p2a: MC Hammer|33\/100\n|move|p2a: MC Hammer|Thunderbolt|p1b: Volcarona\n|-damage|p1b: Volcarona|64\/100\n|move|p2b: Winter|Moonblast|p1a: Hawlucha\n|-supereffective|p1a: Hawlucha\n|-damage|p1a: Hawlucha|0 fnt\n|faint|p1a: Hawlucha\n|move|p1b: Volcarona|Heat Wave|p2b: Winter|[spread] p2a,p2b\n|-supereffective|p2b: Winter\n|-damage|p2a: MC Hammer|0 fnt\n|-damage|p2b: Winter|19\/100\n|faint|p2a: MC Hammer\n|\n|-weather|none\n|-heal|p2b: Winter|25\/100|[from] Grassy Terrain\n|-heal|p1b: Volcarona|71\/100|[from] Grassy Terrain\n|-fieldend|move: Grassy Terrain\n|upkeep\n|\n|t:|1697642276\n|switch|p1a: Dragapult|Dragapult, M|100\/100\n|turn|7\n|\n|t:|1697642282\n|move|p1a: Dragapult|Protect|p1a: Dragapult\n|-singleturn|p1a: Dragapult|Protect\n|move|p2b: Winter|Moonblast|p1a: Dragapult\n|-activate|p1a: Dragapult|move: Protect\n|move|p1b: Volcarona|Heat Wave|p2b: Winter\n|-supereffective|p2b: Winter\n|-crit|p2b: Winter\n|-damage|p2b: Winter|0 fnt\n|faint|p2b: Winter\n|\n|win|disconnectSME\n","uploadtime":1697642299,"views":18,"p1id":"disconnectsme","p2id":"chumpette","formatid":"gen9nationaldexdoubles","rating":0,"private":0,"password":""}