{"id":"gen9nationaldexdoubles-1967239177","p1":"Just B3A$T","p2":"Begula on SD","format":"[Gen 9] National Dex Doubles","log":"|j|\u2606Just B3A$T\n|j|\u2606Begula on SD\n|t:|1697277064\n|gametype|doubles\n|player|p1|Just B3A$T|noland|\n|player|p2|Begula on SD|barry|\n|teamsize|p1|6\n|teamsize|p2|6\n|gen|9\n|tier|[Gen 9] National Dex Doubles\n|rule|HP Percentage Mod: HP is shown in percentages\n|rule|Endless Battle Clause: Forcing endless battles is banned\n|rule|OHKO Clause: OHKO moves are banned\n|rule|Evasion Moves Clause: Evasion moves are banned\n|rule|Evasion Abilities Clause: Evasion abilities are banned\n|rule|Species Clause: Limit one of each Pok\u00e9mon\n|rule|Gravity Sleep Clause: The combination of sleep-inducing moves with imperfect accuracy and Gravity or Gigantamax Orbeetle are banned\n|clearpoke\n|poke|p1|Iron Hands|\n|poke|p1|Zamazenta-*|\n|poke|p1|Kommo-o, M|\n|poke|p1|Gholdengo|\n|poke|p1|Clodsire, F|\n|poke|p1|Hatterene, F|\n|poke|p2|Alakazam, F|\n|poke|p2|Indeedee, M|\n|poke|p2|Munkidori, M|\n|poke|p2|Hoopa-Unbound|\n|poke|p2|Metagross|\n|poke|p2|Iron Hands|\n|teampreview\n|inactive|Battle timer is ON: inactive players will automatically lose when time's up. (requested by Just B3A$T)\n|inactive|Begula on SD also wants the timer to be on.\n|c|\u2606Just B3A$T|Psychic Terrain\n|c|\u2606Just B3A$T|lovely\n|c|\u2606Just B3A$T|glhf ig\n|inactive|Just B3A$T has 270 seconds left.\n|c|\u2606Begula on SD|U2\n|\n|t:|1697277098\n|start\n|switch|p1a: BIG BOY|Iron Hands|100\/100\n|switch|p1b: Dimitrescu|Hatterene, F|100\/100\n|switch|p2a: Alakazam|Alakazam, F|100\/100\n|switch|p2b: Indeedee|Indeedee, M|100\/100\n|-fieldstart|move: Psychic Terrain|[from] ability: Psychic Surge|[of] p2b: Indeedee\n|turn|1\n|\n|t:|1697277111\n|move|p2a: Alakazam|Protect|p2a: Alakazam\n|-singleturn|p2a: Alakazam|Protect\n|move|p1b: Dimitrescu|Protect|p1b: Dimitrescu\n|-singleturn|p1b: Dimitrescu|Protect\n|move|p2b: Indeedee|Expanding Force|p1a: BIG BOY|[spread] p1a\n|-activate|p1b: Dimitrescu|move: Protect\n|-supereffective|p1a: BIG BOY\n|-damage|p1a: BIG BOY|35\/100\n|move|p1a: BIG BOY|Thunder Punch|p2a: Alakazam\n|-activate|p2a: Alakazam|move: Protect\n|\n|upkeep\n|turn|2\n|inactive|Begula on SD has 270 seconds left.\n|\n|t:|1697277145\n|detailschange|p2a: Alakazam|Alakazam-Mega, F\n|-mega|p2a: Alakazam|Alakazam|Alakazite\n|-ability|p2a: Alakazam|Magic Bounce|[from] ability: Trace|[of] p1b: Dimitrescu\n|move|p2a: Alakazam|Expanding Force|p1a: BIG BOY|[spread] p1a,p1b\n|-supereffective|p1a: BIG BOY\n|-resisted|p1b: Dimitrescu\n|-damage|p1a: BIG BOY|0 fnt\n|-damage|p1b: Dimitrescu|70\/100\n|faint|p1a: BIG BOY\n|-end|p1a: BIG BOY|Quark Drive|[silent]\n|move|p2b: Indeedee|Expanding Force|p1b: Dimitrescu\n|-resisted|p1b: Dimitrescu\n|-damage|p1b: Dimitrescu|44\/100\n|move|p1b: Dimitrescu|Nuzzle|p2b: Indeedee\n|-damage|p2b: Indeedee|91\/100\n|-status|p2b: Indeedee|par\n|\n|-heal|p1b: Dimitrescu|50\/100|[from] item: Leftovers\n|upkeep\n|c|\u2606Just B3A$T|Megas exist?\n|c|\u2606Just B3A$T|damn\n|c|\u2606Just B3A$T|wish I knew that\n|inactive|Just B3A$T has 270 seconds left.\n|\n|t:|1697277176\n|switch|p1a: Profit!|Gholdengo|100\/100\n|-item|p1a: Profit!|Air Balloon\n|turn|3\n|\n|t:|1697277183\n|move|p2a: Alakazam|Protect|p2a: Alakazam\n|-singleturn|p2a: Alakazam|Protect\n|move|p1b: Dimitrescu|Protect|p1b: Dimitrescu\n|-singleturn|p1b: Dimitrescu|Protect\n|move|p1a: Profit!|Shadow Ball|p2a: Alakazam\n|-activate|p2a: Alakazam|move: Protect\n|move|p2b: Indeedee|Mystical Fire|p1a: Profit!\n|-supereffective|p1a: Profit!\n|-damage|p1a: Profit!|54\/100\n|-unboost|p1a: Profit!|spa|1\n|-enditem|p1a: Profit!|Air Balloon\n|\n|-heal|p1b: Dimitrescu|56\/100|[from] item: Leftovers\n|upkeep\n|turn|4\n|\n|t:|1697277199\n|switch|p2a: Iron Hands|Iron Hands|100\/100\n|move|p1a: Profit!|Shadow Ball|p2a: Iron Hands\n|-damage|p2a: Iron Hands|71\/100\n|move|p2b: Indeedee|Mystical Fire|p1a: Profit!\n|-supereffective|p1a: Profit!\n|-damage|p1a: Profit!|7\/100\n|-unboost|p1a: Profit!|spa|1\n|move|p1b: Dimitrescu|Draining Kiss|p2a: Iron Hands\n|-supereffective|p2a: Iron Hands\n|-damage|p2a: Iron Hands|29\/100\n|-heal|p1b: Dimitrescu|100\/100|[from] drain|[of] p2a: Iron Hands\n|\n|upkeep\n|turn|5\n|\n|t:|1697277212\n|move|p1a: Profit!|Recover|p1a: Profit!\n|-heal|p1a: Profit!|57\/100\n|move|p2b: Indeedee|Expanding Force|p1b: Dimitrescu|[spread] p1a,p1b\n|-resisted|p1a: Profit!\n|-resisted|p1b: Dimitrescu\n|-damage|p1a: Profit!|34\/100\n|-damage|p1b: Dimitrescu|82\/100\n|move|p2a: Iron Hands|Volt Switch|p1b: Dimitrescu\n|-damage|p1b: Dimitrescu|69\/100\n|-damage|p2a: Iron Hands|19\/100|[from] item: Life Orb\n|\n|t:|1697277218\n|-end|p2a: Iron Hands|Quark Drive|[silent]\n|switch|p2a: Alakazam|Alakazam-Mega, F|100\/100|[from] Volt Switch\n|-ability|p2a: Alakazam|Magic Bounce|[from] ability: Trace|[of] p1b: Dimitrescu\n|move|p1b: Dimitrescu|Draining Kiss|p2a: Alakazam\n|-damage|p2a: Alakazam|73\/100\n|-heal|p1b: Dimitrescu|86\/100|[from] drain|[of] p2a: Alakazam\n|\n|-heal|p1b: Dimitrescu|92\/100|[from] item: Leftovers\n|upkeep\n|turn|6\n|c|\u2606Just B3A$T|VOLT SWITCH\n|c|\u2606Just B3A$T|based\n|\n|t:|1697277237\n|move|p2a: Alakazam|Expanding Force|p1a: Profit!|[spread] p1a,p1b\n|-resisted|p1a: Profit!\n|-resisted|p1b: Dimitrescu\n|-damage|p1a: Profit!|0 fnt\n|-damage|p1b: Dimitrescu|65\/100\n|faint|p1a: Profit!\n|move|p2b: Indeedee|Expanding Force|p1b: Dimitrescu\n|-resisted|p1b: Dimitrescu\n|-damage|p1b: Dimitrescu|38\/100\n|move|p1b: Dimitrescu|Draining Kiss|p2b: Indeedee\n|-damage|p2b: Indeedee|59\/100 par\n|-heal|p1b: Dimitrescu|57\/100|[from] drain|[of] p2b: Indeedee\n|\n|-heal|p1b: Dimitrescu|63\/100|[from] item: Leftovers\n|upkeep\n|\n|t:|1697277244\n|switch|p1a: Samba!|Kommo-o, M|100\/100\n|turn|7\n|\n|t:|1697277258\n|switch|p2b: Munkidori|Munkidori, M|100\/100\n|move|p1b: Dimitrescu|Protect|p1b: Dimitrescu\n|-singleturn|p1b: Dimitrescu|Protect\n|move|p2a: Alakazam|Expanding Force|p1b: Dimitrescu|[spread] p1a\n|-activate|p1b: Dimitrescu|move: Protect\n|-supereffective|p1a: Samba!\n|-damage|p1a: Samba!|0 fnt\n|faint|p1a: Samba!\n|\n|-heal|p1b: Dimitrescu|69\/100|[from] item: Leftovers\n|upkeep\n|c|\u2606Just B3A$T|I thought I Terad?\n|c|\u2606Just B3A$T|what\n|inactive|Just B3A$T has 270 seconds left.\n|\n|t:|1697277293\n|switch|p1a: the true lechonk|Clodsire, F|100\/100\n|turn|8\n|c|\u2606Begula on SD|Nope U didn't\n|\n|t:|1697277309\n|move|p2a: Alakazam|Expanding Force|p1b: Dimitrescu|[spread] p1a,p1b\n|-supereffective|p1a: the true lechonk\n|-resisted|p1b: Dimitrescu\n|-damage|p1a: the true lechonk|16\/100\n|-damage|p1b: Dimitrescu|38\/100\n|move|p2b: Munkidori|Sludge Bomb|p1b: Dimitrescu\n|-supereffective|p1b: Dimitrescu\n|-damage|p1b: Dimitrescu|0 fnt\n|faint|p1b: Dimitrescu\n|-damage|p2b: Munkidori|91\/100|[from] item: Life Orb\n|move|p1a: the true lechonk|Earthquake|p2b: Munkidori|[spread] p2a,p2b\n|-supereffective|p2b: Munkidori\n|-damage|p2a: Alakazam|35\/100\n|-damage|p2b: Munkidori|24\/100\n|\n|-heal|p1a: the true lechonk|22\/100|[from] item: Black Sludge\n|-fieldend|move: Psychic Terrain\n|upkeep\n|\n|t:|1697277315\n|switch|p1b: Wulf|Zamazenta|100\/100\n|-ability|p1b: Wulf|Dauntless Shield|boost\n|-boost|p1b: Wulf|def|1\n|turn|9\n|\n|t:|1697277336\n|switch|p2a: Indeedee|Indeedee, M|59\/100 par\n|-fieldstart|move: Psychic Terrain|[from] ability: Psychic Surge|[of] p2a: Indeedee\n|-terastallize|p1b: Wulf|Ghost\n|move|p1a: the true lechonk|Protect|p1a: the true lechonk\n|-singleturn|p1a: the true lechonk|Protect\n|move|p1b: Wulf|Crunch|p2b: Munkidori\n|-supereffective|p2b: Munkidori\n|-damage|p2b: Munkidori|0 fnt\n|faint|p2b: Munkidori\n|\n|-heal|p1a: the true lechonk|29\/100|[from] item: Black Sludge\n|upkeep\n|c|\u2606Just B3A$T|bruh\n|c|\u2606Just B3A$T|stg I Terad\n|\n|t:|1697277350\n|switch|p2b: Metagross|Metagross|100\/100\n|turn|10\n|c|\u2606Just B3A$T|that is probably why I lose now\n|\n|t:|1697277362\n|move|p1b: Wulf|Crunch|p2b: Metagross\n|-supereffective|p2b: Metagross\n|-damage|p2b: Metagross|38\/100\n|move|p2b: Metagross|Meteor Mash|p1b: Wulf\n|-damage|p1b: Wulf|64\/100\n|move|p2a: Indeedee|Expanding Force|p1b: Wulf|[spread] p1a,p1b\n|-supereffective|p1a: the true lechonk\n|-crit|p1a: the true lechonk\n|-damage|p1a: the true lechonk|0 fnt\n|-damage|p1b: Wulf|12\/100\n|faint|p1a: the true lechonk\n|\n|upkeep\n|turn|11\n|\n|t:|1697277376\n|move|p1b: Wulf|Crunch|p2b: Metagross\n|-supereffective|p2b: Metagross\n|-damage|p2b: Metagross|0 fnt\n|faint|p2b: Metagross\n|cant|p2a: Indeedee|par\n|\n|upkeep\n|\n|t:|1697277383\n|switch|p2b: Hoopa|Hoopa-Unbound|100\/100\n|turn|12\n|\n|t:|1697277388\n|move|p1b: Wulf|Crunch|p2a: Indeedee\n|-supereffective|p2a: Indeedee\n|-damage|p2a: Indeedee|0 fnt\n|faint|p2a: Indeedee\n|move|p2b: Hoopa|Psychic|p1b: Wulf\n|-damage|p1b: Wulf|0 fnt\n|faint|p1b: Wulf\n|-damage|p2b: Hoopa|91\/100|[from] item: Life Orb\n|\n|win|Begula on SD\n|c|\u2606Just B3A$T|dangit\n|c|\u2606Begula on SD|Ggs\n|c|\u2606Just B3A$T|gg\n","uploadtime":1697277400,"views":14,"p1id":"justb3at","p2id":"begulaonsd","formatid":"gen9nationaldexdoubles","rating":0,"private":0,"password":""}