{"id":"gen9nationaldexdoubles-1965230089","p1":"beasknees","p2":"TigerSpace02","format":"[Gen 9] National Dex Doubles","log":"|j|\u2606beasknees\n|j|\u2606TigerSpace02\n|t:|1697052840\n|gametype|doubles\n|player|p1|beasknees|170|\n|player|p2|TigerSpace02|giovanni|\n|teamsize|p1|6\n|teamsize|p2|6\n|gen|9\n|tier|[Gen 9] National Dex Doubles\n|rule|HP Percentage Mod: HP is shown in percentages\n|rule|Endless Battle Clause: Forcing endless battles is banned\n|rule|OHKO Clause: OHKO moves are banned\n|rule|Evasion Moves Clause: Evasion moves are banned\n|rule|Evasion Abilities Clause: Evasion abilities are banned\n|rule|Species Clause: Limit one of each Pok\u00e9mon\n|rule|Gravity Sleep Clause: The combination of sleep-inducing moves with imperfect accuracy and Gravity or Gigantamax Orbeetle are banned\n|clearpoke\n|poke|p1|Ferrothorn, F|\n|poke|p1|Whimsicott, F|\n|poke|p1|Trevenant, M|\n|poke|p1|Dipplin, M|\n|poke|p1|Rotom-Mow|\n|poke|p1|Meowscarada, M|\n|poke|p2|Ursaluna, F|\n|poke|p2|Amoonguss, F|\n|poke|p2|Indeedee-F, F|\n|poke|p2|Armarouge, F|\n|poke|p2|Kingambit, F|\n|poke|p2|Dragonite, M|\n|teampreview\n|c|\u2606TigerSpace02|g;hf\n|\n|t:|1697052861\n|start\n|switch|p1a: Whimsicott|Whimsicott, F|100\/100\n|switch|p1b: Rotom|Rotom-Mow|100\/100\n|switch|p2a: Armarouge|Armarouge, F|100\/100\n|switch|p2b: Indeedee|Indeedee-F, F|100\/100\n|-fieldstart|move: Psychic Terrain|[from] ability: Psychic Surge|[of] p2b: Indeedee\n|turn|1\n|\n|t:|1697052882\n|move|p1a: Whimsicott|Protect|p1a: Whimsicott\n|-singleturn|p1a: Whimsicott|Protect\n|move|p2b: Indeedee|Follow Me|p2b: Indeedee\n|-singleturn|p2b: Indeedee|move: Follow Me\n|move|p2a: Armarouge|Heat Wave|p1b: Rotom|[spread] p1b\n|-activate|p1a: Whimsicott|move: Protect\n|-supereffective|p1b: Rotom\n|-damage|p1b: Rotom|12\/100\n|move|p1b: Rotom|Shadow Ball|p2b: Indeedee\n|-immune|p2b: Indeedee\n|\n|upkeep\n|turn|2\n|\n|t:|1697052896\n|move|p2b: Indeedee|Follow Me|p2b: Indeedee\n|-singleturn|p2b: Indeedee|move: Follow Me\n|move|p2a: Armarouge|Heat Wave|p1a: Whimsicott|[spread] p1a,p1b\n|-supereffective|p1a: Whimsicott\n|-supereffective|p1b: Rotom\n|-damage|p1a: Whimsicott|0 fnt\n|-damage|p1b: Rotom|0 fnt\n|faint|p1a: Whimsicott\n|faint|p1b: Rotom\n|\n|upkeep\n|inactive|Battle timer is ON: inactive players will automatically lose when time's up. (requested by beasknees)\n|\n|t:|1697052902\n|switch|p1a: Trevenant|Trevenant, M|100\/100\n|switch|p1b: Ferrothorn|Ferrothorn, F|100\/100\n|turn|3\n|\n|t:|1697052920\n|move|p2b: Indeedee|Follow Me|p2b: Indeedee\n|-singleturn|p2b: Indeedee|move: Follow Me\n|move|p2a: Armarouge|Heat Wave|p1a: Trevenant|[spread] p1a,p1b\n|-supereffective|p1a: Trevenant\n|-crit|p1a: Trevenant\n|-supereffective|p1b: Ferrothorn\n|-damage|p1a: Trevenant|7\/100\n|-damage|p1b: Ferrothorn|8\/100\n|move|p1b: Ferrothorn|Gyro Ball|p2b: Indeedee\n|-damage|p2b: Indeedee|28\/100\n|move|p1a: Trevenant|Trick Room|p1a: Trevenant\n|-fieldstart|move: Trick Room|[of] p1a: Trevenant\n|\n|-heal|p1a: Trevenant|13\/100|[from] item: Leftovers\n|upkeep\n|turn|4\n|\n|t:|1697052933\n|move|p2b: Indeedee|Follow Me|p2b: Indeedee\n|-singleturn|p2b: Indeedee|move: Follow Me\n|move|p1b: Ferrothorn|Gyro Ball|p2b: Indeedee\n|-damage|p2b: Indeedee|0 fnt\n|faint|p2b: Indeedee\n|move|p1a: Trevenant|Pain Split|p2a: Armarouge\n|-sethp|p2a: Armarouge|57\/100|[from] move: Pain Split|[silent]\n|-sethp|p1a: Trevenant|57\/100|[from] move: Pain Split\n|move|p2a: Armarouge|Heat Wave|p1b: Ferrothorn|[spread] p1b\n|-miss|p2a: Armarouge|p1a: Trevenant\n|-supereffective|p1b: Ferrothorn\n|-damage|p1b: Ferrothorn|0 fnt\n|faint|p1b: Ferrothorn\n|\n|-heal|p1a: Trevenant|63\/100|[from] item: Leftovers\n|upkeep\n|\n|t:|1697052949\n|switch|p1b: Dipplin|Dipplin, M|100\/100\n|switch|p2b: Dragonite|Dragonite, M|100\/100\n|-ability|p1b: Dipplin|Supersweet Syrup\n|-ability|p1b: Dipplin|Supersweet Syrup|boost\n|-unboost|p2a: Armarouge|evasion|1\n|-unboost|p2b: Dragonite|evasion|1\n|turn|5\n|\n|t:|1697052965\n|move|p1b: Dipplin|Dragon Pulse|p2b: Dragonite\n|-supereffective|p2b: Dragonite\n|-damage|p2b: Dragonite|18\/100\n|move|p1a: Trevenant|Toxic|p2a: Armarouge\n|-status|p2a: Armarouge|tox\n|move|p2a: Armarouge|Heat Wave|p1b: Dipplin|[spread] p1a,p1b\n|-supereffective|p1a: Trevenant\n|-damage|p1a: Trevenant|1\/100\n|-damage|p1b: Dipplin|71\/100\n|move|p2b: Dragonite|Ice Spinner|p1b: Dipplin\n|-supereffective|p1b: Dipplin\n|-damage|p1b: Dipplin|0 fnt\n|-fieldend|move: Psychic Terrain\n|faint|p1b: Dipplin\n|\n|-heal|p1a: Trevenant|7\/100|[from] item: Leftovers\n|-damage|p2a: Armarouge|50\/100 tox|[from] psn\n|upkeep\n|\n|t:|1697052979\n|switch|p1b: Meowscarada|Meowscarada, M|100\/100\n|turn|6\n|\n|t:|1697052994\n|move|p1a: Trevenant|Pain Split|p2a: Armarouge\n|-sethp|p2a: Armarouge|29\/100 tox|[from] move: Pain Split|[silent]\n|-sethp|p1a: Trevenant|29\/100|[from] move: Pain Split\n|move|p2a: Armarouge|Armor Cannon|p1b: Meowscarada\n|-supereffective|p1b: Meowscarada\n|-damage|p1b: Meowscarada|0 fnt\n|-unboost|p2a: Armarouge|def|1\n|-unboost|p2a: Armarouge|spd|1\n|faint|p1b: Meowscarada\n|move|p2b: Dragonite|Ice Spinner|p1a: Trevenant\n|-supereffective|p1a: Trevenant\n|-damage|p1a: Trevenant|0 fnt\n|faint|p1a: Trevenant\n|\n|win|TigerSpace02\n|c|\u2606beasknees|gg\n|c|\u2606TigerSpace02|ggs\n|l|\u2606TigerSpace02\n","uploadtime":1697053005,"views":11,"p1id":"beasknees","p2id":"tigerspace02","formatid":"gen9nationaldexdoubles","rating":0,"private":0,"password":""}