{"id":"gen9nationaldexdoubles-1972264774","p1":"pokemaster1129","p2":"NO MEALLLS","format":"[Gen 9] National Dex Doubles","log":"|j|\u2606pokemaster1129\n|j|\u2606NO MEALLLS\n|t:|1697826269\n|gametype|doubles\n|player|p1|pokemaster1129|pokemonranger-gen4|1146\n|player|p2|NO MEALLLS|palmer|1000\n|teamsize|p1|6\n|teamsize|p2|6\n|gen|9\n|tier|[Gen 9] National Dex Doubles\n|rated|\n|rule|HP Percentage Mod: HP is shown in percentages\n|rule|Endless Battle Clause: Forcing endless battles is banned\n|rule|OHKO Clause: OHKO moves are banned\n|rule|Evasion Moves Clause: Evasion moves are banned\n|rule|Evasion Abilities Clause: Evasion abilities are banned\n|rule|Species Clause: Limit one of each Pok\u00e9mon\n|rule|Gravity Sleep Clause: The combination of sleep-inducing moves with imperfect accuracy and Gravity or Gigantamax Orbeetle are banned\n|clearpoke\n|poke|p1|Maushold|\n|poke|p1|Scizor, M|\n|poke|p1|Amoonguss, F|\n|poke|p1|Tornadus, M|\n|poke|p1|Dragapult, F|\n|poke|p1|Chien-Pao|\n|poke|p2|Vaporeon, F|\n|poke|p2|Charizard, M|\n|poke|p2|Donphan, M|\n|poke|p2|Torterra, M|\n|poke|p2|Aggron, M|\n|poke|p2|Toxtricity, M|\n|teampreview\n|inactive|Battle timer is ON: inactive players will automatically lose when time's up. (requested by NO MEALLLS)\n|c|\u2606NO MEALLLS|hi\n|c|\u2606NO MEALLLS|hi\n|c|\u2606pokemaster1129|hey\n|\n|t:|1697826293\n|start\n|switch|p1a: SPEEEEEEEEED|Tornadus, M|100\/100\n|switch|p1b: NEEEEWWOOOM|Dragapult, F|100\/100\n|switch|p2a: Vaper|Vaporeon, F|100\/100\n|switch|p2b: Chari|Charizard, M|100\/100\n|turn|1\n|inactive|NO MEALLLS has 120 seconds left.\n|c|\u2606NO MEALLLS|dont expect me to go easy on you\n|\n|t:|1697826340\n|detailschange|p2b: Chari|Charizard-Mega-X, M\n|-mega|p2b: Chari|Charizard|Charizardite X\n|move|p1a: SPEEEEEEEEED|Tailwind|p1a: SPEEEEEEEEED\n|-sidestart|p1: pokemaster1129|move: Tailwind\n|move|p1b: NEEEEWWOOOM|Dragon Claw|p2a: Vaper\n|-damage|p2a: Vaper|40\/100\n|move|p2b: Chari|Dragon Claw|p1b: NEEEEWWOOOM\n|-supereffective|p1b: NEEEEWWOOOM\n|-damage|p1b: NEEEEWWOOOM|0 fnt\n|faint|p1b: NEEEEWWOOOM\n|move|p2a: Vaper|Ice Beam|p1a: SPEEEEEEEEED\n|-supereffective|p1a: SPEEEEEEEEED\n|-damage|p1a: SPEEEEEEEEED|9\/100\n|\n|-heal|p1a: SPEEEEEEEEED|15\/100|[from] item: Leftovers\n|upkeep\n|c|\u2606pokemaster1129|alright\n|inactive|pokemaster1129 has 120 seconds left.\n|\n|t:|1697826361\n|switch|p1b: FASTHOLD|Maushold, shiny|100\/100\n|turn|2\n|inactive|NO MEALLLS has 120 seconds left.\n|\n|t:|1697826379\n|move|p1b: FASTHOLD|Population Bomb|p2b: Chari\n|-damage|p2b: Chari|91\/100\n|-crit|p2b: Chari\n|-damage|p2b: Chari|77\/100\n|-damage|p2b: Chari|69\/100\n|-damage|p2b: Chari|60\/100\n|-damage|p2b: Chari|51\/100\n|-hitcount|p2b: Chari|5\n|move|p1a: SPEEEEEEEEED|Bleakwind Storm|p2b: Chari|[spread] p2b\n|-miss|p1a: SPEEEEEEEEED|p2a: Vaper\n|-damage|p2b: Chari|0 fnt\n|faint|p2b: Chari\n|move|p2a: Vaper|Ice Beam|p1a: SPEEEEEEEEED\n|-supereffective|p1a: SPEEEEEEEEED\n|-damage|p1a: SPEEEEEEEEED|0 fnt\n|faint|p1a: SPEEEEEEEEED\n|\n|upkeep\n|\n|t:|1697826387\n|switch|p2b: Terry|Torterra, M|100\/100\n|switch|p1a: Mushroom|Amoonguss, F|100\/100\n|turn|3\n|\n|t:|1697826399\n|move|p1b: FASTHOLD|Population Bomb|p2b: Terry\n|-damage|p2b: Terry|93\/100\n|-hitcount|p2b: Terry|1\n|move|p1a: Mushroom|Giga Drain|p2a: Vaper\n|-supereffective|p2a: Vaper\n|-damage|p2a: Vaper|15\/100\n|move|p2a: Vaper|Ice Beam|p1a: Mushroom\n|-supereffective|p1a: Mushroom\n|-damage|p1a: Mushroom|62\/100\n|move|p2b: Terry|Heavy Slam|p1b: FASTHOLD\n|-damage|p1b: FASTHOLD|50\/100\n|\n|-heal|p2b: Terry|99\/100|[from] item: Leftovers\n|upkeep\n|turn|4\n|inactive|NO MEALLLS has 120 seconds left.\n|\n|t:|1697826441\n|move|p1b: FASTHOLD|Population Bomb|p2b: Terry\n|-damage|p2b: Terry|93\/100\n|-damage|p2b: Terry|85\/100\n|-damage|p2b: Terry|78\/100\n|-damage|p2b: Terry|71\/100\n|-damage|p2b: Terry|63\/100\n|-hitcount|p2b: Terry|5\n|move|p1a: Mushroom|Giga Drain|p2a: Vaper\n|-supereffective|p2a: Vaper\n|-damage|p2a: Vaper|0 fnt\n|-heal|p1a: Mushroom|70\/100|[from] drain|[of] p2a: Vaper\n|faint|p2a: Vaper\n|move|p2b: Terry|Heavy Slam|p1b: FASTHOLD\n|-damage|p1b: FASTHOLD|6\/100\n|\n|-heal|p2b: Terry|69\/100|[from] item: Leftovers\n|-sideend|p1: pokemaster1129|move: Tailwind\n|upkeep\n|\n|t:|1697826451\n|switch|p2a: Rolly|Donphan, M|100\/100\n|turn|5\n|\n|t:|1697826458\n|move|p1b: FASTHOLD|Population Bomb|p2b: Terry|[miss]\n|-miss|p1b: FASTHOLD|p2b: Terry\n|move|p2b: Terry|Heavy Slam|p1a: Mushroom\n|-damage|p1a: Mushroom|26\/100\n|move|p2a: Rolly|Stealth Rock|p1b: FASTHOLD\n|-sidestart|p1: pokemaster1129|move: Stealth Rock\n|move|p1a: Mushroom|Spore|p2a: Rolly\n|-status|p2a: Rolly|slp|[from] move: Spore\n|\n|-heal|p2b: Terry|75\/100|[from] item: Leftovers\n|upkeep\n|turn|6\n|\n|t:|1697826482\n|move|p1b: FASTHOLD|Population Bomb|p2b: Terry\n|-damage|p2b: Terry|69\/100\n|-damage|p2b: Terry|61\/100\n|-damage|p2b: Terry|55\/100\n|-hitcount|p2b: Terry|3\n|move|p2b: Terry|Heavy Slam|p1b: FASTHOLD\n|-damage|p1b: FASTHOLD|0 fnt\n|faint|p1b: FASTHOLD\n|cant|p2a: Rolly|slp\n|move|p1a: Mushroom|Giga Drain|p2a: Rolly\n|-supereffective|p2a: Rolly\n|-damage|p2a: Rolly|37\/100 slp\n|-heal|p1a: Mushroom|54\/100|[from] drain|[of] p2a: Rolly\n|\n|-heal|p2b: Terry|61\/100|[from] item: Leftovers\n|upkeep\n|\n|t:|1697826497\n|switch|p1b: Basically Weavile|Chien-Pao|100\/100\n|-damage|p1b: Basically Weavile|76\/100|[from] Stealth Rock\n|-ability|p1b: Basically Weavile|Sword of Ruin\n|turn|7\n|\n|t:|1697826511\n|move|p1b: Basically Weavile|Ice Spinner|p2b: Terry\n|-supereffective|p2b: Terry\n|-damage|p2b: Terry|0 fnt\n|faint|p2b: Terry\n|cant|p2a: Rolly|slp\n|move|p1a: Mushroom|Giga Drain|p2a: Rolly\n|-supereffective|p2a: Rolly\n|-damage|p2a: Rolly|0 fnt\n|-heal|p1a: Mushroom|71\/100|[from] drain|[of] p2a: Rolly\n|faint|p2a: Rolly\n|\n|upkeep\n|\n|t:|1697826521\n|switch|p2b: Toxy|Toxtricity, M|100\/100\n|switch|p2a: Aggy|Aggron, M|100\/100\n|turn|8\n|\n|t:|1697826530\n|-terastallize|p2b: Toxy|Normal\n|move|p1b: Basically Weavile|Ice Spinner|p2b: Toxy\n|-damage|p2b: Toxy|1\/100\n|move|p2b: Toxy|Boomburst|p1b: Basically Weavile|[spread] p2a,p1a,p1b\n|-resisted|p2a: Aggy\n|-damage|p2a: Aggy|82\/100\n|-damage|p1a: Mushroom|28\/100\n|-damage|p1b: Basically Weavile|0 fnt\n|faint|p1b: Basically Weavile\n|-enditem|p2b: Toxy|Throat Spray\n|-boost|p2b: Toxy|spa|1|[from] item: Throat Spray\n|move|p2a: Aggy|Head Smash|p1a: Mushroom\n|-damage|p1a: Mushroom|0 fnt\n|faint|p1a: Mushroom\n|\n|upkeep\n|\n|t:|1697826548\n|switch|p1a: Scizor|Scizor, M|100\/100\n|-damage|p1a: Scizor|88\/100|[from] Stealth Rock\n|turn|9\n|\n|t:|1697826559\n|detailschange|p1a: Scizor|Scizor-Mega, M\n|-mega|p1a: Scizor|Scizor|Scizorite\n|move|p1a: Scizor|Bullet Punch|p2b: Toxy\n|-damage|p2b: Toxy|0 fnt\n|faint|p2b: Toxy\n|move|p2a: Aggy|Head Smash|p1a: Scizor\n|-damage|p1a: Scizor|14\/100\n|\n|upkeep\n|turn|10\n|\n|t:|1697826575\n|move|p1a: Scizor|Iron Head|p2a: Aggy\n|-damage|p2a: Aggy|52\/100\n|move|p2a: Aggy|Earthquake|p1a: Scizor\n|-damage|p1a: Scizor|0 fnt\n|faint|p1a: Scizor\n|\n|win|NO MEALLLS\n|raw|pokemaster1129's rating: 1146 &rarr; <strong>1111<\/strong><br \/>(-35 for losing)\n|raw|NO MEALLLS's rating: 1000 &rarr; <strong>1056<\/strong><br \/>(+56 for winning)\n|c|\u2606pokemaster1129|gg!\n|c|\u2606pokemaster1129|it was a close one\n|l|\u2606pokemaster1129\n|c|\u2606NO MEALLLS|gg\n","uploadtime":1697826596,"views":7,"p1id":"pokemaster1129","p2id":"nomeallls","formatid":"gen9nationaldexdoubles","rating":1056,"private":0,"password":""}