{"id":"gen9nationaldexdoubles-1951820175","p1":"Lux2821","p2":"austinerzs","format":"[Gen 9] National Dex Doubles","log":"|j|\u2606Lux2821\n|j|\u2606austinerzs\n|t:|1695625767\n|gametype|doubles\n|player|p1|Lux2821|lusamine-nihilego|\n|player|p2|austinerzs|sisandbro|\n|teamsize|p1|6\n|teamsize|p2|6\n|gen|9\n|tier|[Gen 9] National Dex Doubles\n|rule|HP Percentage Mod: HP is shown in percentages\n|rule|Endless Battle Clause: Forcing endless battles is banned\n|rule|OHKO Clause: OHKO moves are banned\n|rule|Evasion Moves Clause: Evasion moves are banned\n|rule|Evasion Abilities Clause: Evasion abilities are banned\n|rule|Species Clause: Limit one of each Pok\u00e9mon\n|rule|Gravity Sleep Clause: The combination of sleep-inducing moves with imperfect accuracy and Gravity or Gigantamax Orbeetle are banned\n|clearpoke\n|poke|p1|Rillaboom, F|\n|poke|p1|Shaymin-Sky|\n|poke|p1|Shiftry, M|\n|poke|p1|Froslass, F|\n|poke|p1|Sudowoodo, F|\n|poke|p1|Mawile, F|\n|poke|p2|Zygarde|\n|poke|p2|Tornadus, M|\n|poke|p2|Jirachi|\n|poke|p2|Rillaboom, F|\n|poke|p2|Flutter Mane|\n|poke|p2|Iron Hands|\n|teampreview\n|inactive|Battle timer is ON: inactive players will automatically lose when time's up. (requested by Lux2821)\n|c|\u2606Lux2821|Glhf!\n|c|\u2606austinerzs|glhf\n|inactive|Lux2821 has 270 seconds left.\n|\n|t:|1695625804\n|start\n|switch|p1a: Winton Overwat|Rillaboom, F|100\/100\n|switch|p1b: No Shaymin Tryin|Shaymin-Sky|100\/100\n|switch|p2a: Tornadus|Tornadus, M|100\/100\n|switch|p2b: Iron Hands|Iron Hands, shiny|100\/100\n|-fieldstart|move: Grassy Terrain|[from] ability: Grassy Surge|[of] p1a: Winton Overwat\n|turn|1\n|inactive|austinerzs has 270 seconds left.\n|inactive|austinerzs has 240 seconds left.\n|\n|t:|1695625884\n|move|p2b: Iron Hands|Fake Out|p1a: Winton Overwat\n|-damage|p1a: Winton Overwat|83\/100\n|move|p1b: No Shaymin Tryin|Substitute|p1b: No Shaymin Tryin\n|-start|p1b: No Shaymin Tryin|Substitute\n|-damage|p1b: No Shaymin Tryin|76\/100\n|move|p2a: Tornadus|Bleakwind Storm|p1b: No Shaymin Tryin|[spread] p1a,p1b\n|-supereffective|p1b: No Shaymin Tryin\n|-end|p1b: No Shaymin Tryin|Substitute\n|-supereffective|p1a: Winton Overwat\n|-damage|p1a: Winton Overwat|0 fnt\n|faint|p1a: Winton Overwat\n|\n|-heal|p1b: No Shaymin Tryin|82\/100|[from] item: Leftovers\n|upkeep\n|\n|t:|1695625896\n|switch|p1a: Iron Man|Froslass, F|100\/100\n|turn|2\n|inactive|austinerzs has 240 seconds left.\n|\n|t:|1695625919\n|move|p1b: No Shaymin Tryin|Seed Flare|p2a: Tornadus\n|-resisted|p2a: Tornadus\n|-damage|p2a: Tornadus|69\/100\n|move|p2a: Tornadus|Bleakwind Storm|p1b: No Shaymin Tryin|[spread] p1a,p1b\n|-supereffective|p1b: No Shaymin Tryin\n|-damage|p1a: Iron Man|44\/100\n|-damage|p1b: No Shaymin Tryin|0 fnt\n|-start|p2a: Tornadus|Disable|Bleakwind Storm|[from] ability: Cursed Body|[of] p1a: Iron Man\n|faint|p1b: No Shaymin Tryin\n|move|p1a: Iron Man|Blizzard|p2a: Tornadus|[spread] p2a\n|-miss|p1a: Iron Man|p2b: Iron Hands\n|-enditem|p1a: Iron Man|Blunder Policy\n|-boost|p1a: Iron Man|spe|2\n|-supereffective|p2a: Tornadus\n|-damage|p2a: Tornadus|0 fnt\n|faint|p2a: Tornadus\n|move|p2b: Iron Hands|Wild Charge|p1a: Iron Man\n|-damage|p1a: Iron Man|0 fnt\n|-start|p2b: Iron Hands|Disable|Wild Charge|[from] ability: Cursed Body|[of] p1a: Iron Man\n|faint|p1a: Iron Man\n|-damage|p2b: Iron Hands|94\/100|[from] Recoil\n|\n|-heal|p2b: Iron Hands|99\/100|[from] Grassy Terrain\n|upkeep\n|\n|t:|1695625941\n|switch|p1b: Nom|Mawile, F|100\/100\n|switch|p2a: Flutter Mane|Flutter Mane|100\/100\n|switch|p1a: ree|Shiftry, M|100\/100\n|-enditem|p1a: ree|Grassy Seed\n|-boost|p1a: ree|def|1|[from] item: Grassy Seed\n|-enditem|p2a: Flutter Mane|Booster Energy\n|-activate|p2a: Flutter Mane|ability: Protosynthesis|[fromitem]\n|-start|p2a: Flutter Mane|protosynthesisspe\n|turn|3\n|\n|t:|1695625970\n|detailschange|p1b: Nom|Mawile-Mega, F\n|-mega|p1b: Nom|Mawile|Mawilite\n|move|p1a: ree|Grassy Glide|p2b: Iron Hands\n|-damage|p2b: Iron Hands|79\/100\n|move|p2a: Flutter Mane|Moonblast|p1a: ree\n|-supereffective|p1a: ree\n|-damage|p1a: ree|0 fnt\n|faint|p1a: ree\n|move|p2b: Iron Hands|Heavy Slam|p1b: Nom\n|-damage|p1b: Nom|56\/100\n|move|p1b: Nom|Iron Head|p2a: Flutter Mane\n|-supereffective|p2a: Flutter Mane\n|-damage|p2a: Flutter Mane|0 fnt\n|faint|p2a: Flutter Mane\n|-end|p2a: Flutter Mane|Protosynthesis|[silent]\n|\n|-heal|p2b: Iron Hands|85\/100|[from] Grassy Terrain\n|-heal|p1b: Nom|62\/100|[from] Grassy Terrain\n|upkeep\n|\n|t:|1695625990\n|switch|p2a: Zygarde|Zygarde|100\/100\n|switch|p1a: Woooo|Sudowoodo, F|100\/100\n|-ability|p2a: Zygarde|Aura Break\n|turn|4\n|\n|t:|1695626012\n|-terastallize|p2a: Zygarde|Normal\n|-terastallize|p1a: Woooo|Steel\n|move|p2a: Zygarde|Thousand Arrows|p1a: Woooo|[spread] p1a,p1b\n|-supereffective|p1a: Woooo\n|-supereffective|p1b: Nom\n|-damage|p1a: Woooo|47\/100\n|-damage|p1b: Nom|9\/100\n|move|p2b: Iron Hands|Drain Punch|p1b: Nom\n|-crit|p1b: Nom\n|-damage|p1b: Nom|0 fnt\n|-heal|p2b: Iron Hands|88\/100|[from] drain|[of] p1b: Nom\n|faint|p1b: Nom\n|move|p1a: Woooo|Drain Punch|p2b: Iron Hands\n|-damage|p2b: Iron Hands|71\/100\n|-heal|p1a: Woooo|59\/100|[from] drain|[of] p2b: Iron Hands\n|\n|-heal|p2b: Iron Hands|77\/100|[from] Grassy Terrain\n|-heal|p1a: Woooo|66\/100|[from] Grassy Terrain\n|-heal|p1a: Woooo|72\/100|[from] item: Leftovers\n|upkeep\n|turn|5\n|\n|t:|1695626021\n|move|p2a: Zygarde|Thousand Arrows|p1a: Woooo\n|-supereffective|p1a: Woooo\n|-damage|p1a: Woooo|1\/100\n|move|p2b: Iron Hands|Drain Punch|p1a: Woooo\n|-supereffective|p1a: Woooo\n|-damage|p1a: Woooo|0 fnt\n|-heal|p2b: Iron Hands|77\/100|[from] drain|[of] p1a: Woooo\n|faint|p1a: Woooo\n|\n|win|austinerzs\n|c|\u2606austinerzs|gg\n|l|\u2606Lux2821\n|player|p2|austinerzs|sisandbro\n","uploadtime":1695626399,"views":11,"p1id":"lux2821","p2id":"austinerzs","formatid":"gen9nationaldexdoubles","rating":0,"private":0,"password":""}