{"id":"gen9nationaldexdoubles-1994519693","p1":"Shiny_Hero64","p2":"Ryan1Baek","format":"[Gen 9] National Dex Doubles","log":"|j|\u2606Shiny_Hero64\n|j|\u2606Ryan1Baek\n|t:|1700453793\n|gametype|doubles\n|player|p1|Shiny_Hero64|n-masters3|\n|player|p2|Ryan1Baek|carmine|\n|teamsize|p1|6\n|teamsize|p2|6\n|gen|9\n|tier|[Gen 9] National Dex Doubles\n|rule|HP Percentage Mod: HP is shown in percentages\n|rule|Endless Battle Clause: Forcing endless battles is banned\n|rule|OHKO Clause: OHKO moves are banned\n|rule|Evasion Moves Clause: Evasion moves are banned\n|rule|Evasion Abilities Clause: Evasion abilities are banned\n|rule|Species Clause: Limit one of each Pok\u00e9mon\n|rule|Gravity Sleep Clause: The combination of sleep-inducing moves with imperfect accuracy and Gravity or Gigantamax Orbeetle are banned\n|clearpoke\n|poke|p1|Indeedee-F, F|\n|poke|p1|Chien-Pao|\n|poke|p1|Alakazam, M|\n|poke|p1|Sneasler, F|\n|poke|p1|Ursaluna-Bloodmoon, M|\n|poke|p1|Deoxys-Attack|\n|poke|p2|Farigiraf, F|\n|poke|p2|Diancie|\n|poke|p2|Torkoal, F|\n|poke|p2|Venusaur, F|\n|poke|p2|Tornadus, M|\n|poke|p2|Walking Wake|\n|teampreview\n|j| TestudoJK\n|j| wammer18\n|\n|t:|1700453814\n|start\n|switch|p1a: Indeedee|Indeedee-F, F|100\/100\n|switch|p1b: Fred bear|Ursaluna-Bloodmoon, M|100\/100\n|switch|p2a: Tornadus|Tornadus, M, shiny|100\/100\n|switch|p2b: Walking Wake|Walking Wake|100\/100\n|-fieldstart|move: Psychic Terrain|[from] ability: Psychic Surge|[of] p1a: Indeedee\n|turn|1\n|\n|t:|1700453838\n|-terastallize|p1b: Fred bear|Fairy\n|move|p1a: Indeedee|Helping Hand|p1b: Fred bear\n|-singleturn|p1b: Fred bear|Helping Hand|[of] p1a: Indeedee\n|move|p2b: Walking Wake|Flip Turn|p1b: Fred bear\n|-damage|p1b: Fred bear|90\/100\n|\n|t:|1700453858\n|-end|p2b: Walking Wake|Protosynthesis|[silent]\n|switch|p2b: Diancie|Diancie|100\/100|[from] Flip Turn\n|move|p2a: Tornadus|U-turn|p1a: Indeedee\n|-supereffective|p1a: Indeedee\n|-damage|p1a: Indeedee|66\/100\n|\n|t:|1700453865\n|switch|p2a: Farigiraf|Farigiraf, F|100\/100|[from] U-turn\n|move|p1b: Fred bear|Blood Moon|p2b: Diancie\n|-resisted|p2b: Diancie\n|-damage|p2b: Diancie|42\/100\n|\n|-heal|p1b: Fred bear|96\/100|[from] item: Leftovers\n|upkeep\n|turn|2\n|\n|t:|1700453881\n|detailschange|p2b: Diancie|Diancie-Mega\n|-mega|p2b: Diancie|Diancie|Diancite\n|move|p2a: Farigiraf|Helping Hand|p2b: Diancie\n|-singleturn|p2b: Diancie|Helping Hand|[of] p2a: Farigiraf\n|move|p2b: Diancie|Diamond Storm|p1a: Indeedee|[spread] p1a,p1b\n|-damage|p1a: Indeedee|0 fnt\n|-damage|p1b: Fred bear|48\/100\n|-boost|p2b: Diancie|def|2\n|faint|p1a: Indeedee\n|move|p1b: Fred bear|Calm Mind|p1b: Fred bear\n|-boost|p1b: Fred bear|spa|1\n|-boost|p1b: Fred bear|spd|1\n|\n|-heal|p1b: Fred bear|54\/100|[from] item: Leftovers\n|upkeep\n|\n|t:|1700453892\n|switch|p1a: I KNOW TO MUCH|Alakazam, M|100\/100\n|turn|3\n|\n|t:|1700453908\n|switch|p2a: Tornadus|Tornadus, M, shiny|100\/100\n|detailschange|p1a: I KNOW TO MUCH|Alakazam-Mega, M\n|-mega|p1a: I KNOW TO MUCH|Alakazam|Alakazite\n|-ability|p1a: I KNOW TO MUCH|Magic Bounce|[from] ability: Trace|[of] p2b: Diancie\n|move|p2b: Diancie|Protect|p2b: Diancie\n|-singleturn|p2b: Diancie|Protect\n|move|p1a: I KNOW TO MUCH|Expanding Force|p2b: Diancie|[spread] p2a\n|-activate|p2b: Diancie|move: Protect\n|-enditem|p2a: Tornadus|Focus Sash\n|-damage|p2a: Tornadus|1\/100\n|move|p1b: Fred bear|Earth Power|p2a: Tornadus\n|-immune|p2a: Tornadus\n|\n|-heal|p1b: Fred bear|60\/100|[from] item: Leftovers\n|upkeep\n|turn|4\n|\n|t:|1700453930\n|move|p2a: Tornadus|Tailwind|p2a: Tornadus\n|-sidestart|p2: Ryan1Baek|move: Tailwind\n|move|p2b: Diancie|Diamond Storm|p1a: I KNOW TO MUCH|[spread] p1b\n|-miss|p2b: Diancie|p1a: I KNOW TO MUCH\n|-damage|p1b: Fred bear|25\/100\n|-boost|p2b: Diancie|def|2\n|move|p1a: I KNOW TO MUCH|Substitute|p1a: I KNOW TO MUCH\n|-start|p1a: I KNOW TO MUCH|Substitute\n|-damage|p1a: I KNOW TO MUCH|76\/100\n|move|p1b: Fred bear|Earth Power|p2b: Diancie\n|-supereffective|p2b: Diancie\n|-damage|p2b: Diancie|0 fnt\n|faint|p2b: Diancie\n|\n|-heal|p1b: Fred bear|31\/100|[from] item: Leftovers\n|upkeep\n|j| Eliminathan\n|c|\u2606Ryan1Baek|sucks so much\n|\n|t:|1700453959\n|switch|p2b: Walking Wake|Walking Wake|100\/100\n|turn|5\n|\n|t:|1700453972\n|move|p2b: Walking Wake|Flip Turn|p1b: Fred bear\n|-damage|p1b: Fred bear|21\/100\n|\n|t:|1700453981\n|-end|p2b: Walking Wake|Protosynthesis|[silent]\n|switch|p2b: Torkoal|Torkoal, F, shiny|100\/100|[from] Flip Turn\n|-weather|SunnyDay|[from] ability: Drought|[of] p2b: Torkoal\n|move|p2a: Tornadus|Bleakwind Storm|p1a: I KNOW TO MUCH|[spread] p1a,p1b\n|-end|p1a: I KNOW TO MUCH|Substitute\n|-damage|p1b: Fred bear|0 fnt\n|faint|p1b: Fred bear\n|move|p1a: I KNOW TO MUCH|Expanding Force|p2b: Torkoal|[spread] p2a,p2b\n|-damage|p2a: Tornadus|0 fnt\n|-damage|p2b: Torkoal|0 fnt\n|faint|p2a: Tornadus\n|faint|p2b: Torkoal\n|\n|-weather|SunnyDay|[upkeep]\n|upkeep\n|\n|t:|1700453991\n|switch|p2a: Venusaur|Venusaur, F, shiny|100\/100\n|switch|p1b: Sneasler|Sneasler, F|100\/100\n|switch|p2b: Walking Wake|Walking Wake|100\/100\n|-activate|p2b: Walking Wake|ability: Protosynthesis\n|-start|p2b: Walking Wake|protosynthesisspa\n|-enditem|p1b: Sneasler|Psychic Seed\n|-boost|p1b: Sneasler|spd|1|[from] item: Psychic Seed\n|turn|6\n|\n|t:|1700454030\n|-terastallize|p2a: Venusaur|Fire\n|move|p2a: Venusaur|Weather Ball|p1a: I KNOW TO MUCH\n|-damage|p1a: I KNOW TO MUCH|0 fnt\n|faint|p1a: I KNOW TO MUCH\n|-damage|p2a: Venusaur|91\/100|[from] item: Life Orb\n|move|p2b: Walking Wake|Hydro Steam|p1b: Sneasler\n|-damage|p1b: Sneasler|18\/100\n|move|p1b: Sneasler|Acrobatics|p2a: Venusaur\n|-damage|p2a: Venusaur|37\/100\n|\n|-weather|SunnyDay|[upkeep]\n|upkeep\n|\n|t:|1700454040\n|switch|p1a: Deoxys|Deoxys-Attack|100\/100\n|-ability|p1a: Deoxys|Pressure\n|turn|7\n|\n|t:|1700454049\n|move|p1b: Sneasler|Protect|p1b: Sneasler\n|-singleturn|p1b: Sneasler|Protect\n|move|p1a: Deoxys|Protect|p1a: Deoxys\n|-singleturn|p1a: Deoxys|Protect\n|move|p2a: Venusaur|Sleep Powder|p1a: Deoxys\n|-activate|p1a: Deoxys|move: Protect\n|move|p2b: Walking Wake|Hydro Steam|p1b: Sneasler\n|-activate|p1b: Sneasler|move: Protect\n|\n|-weather|SunnyDay|[upkeep]\n|-sideend|p2: Ryan1Baek|move: Tailwind\n|upkeep\n|turn|8\n|\n|t:|1700454062\n|move|p1b: Sneasler|Dire Claw|p2a: Venusaur\n|-damage|p2a: Venusaur|0 fnt\n|faint|p2a: Venusaur\n|move|p2b: Walking Wake|Hydro Steam|p1b: Sneasler\n|-damage|p1b: Sneasler|0 fnt\n|faint|p1b: Sneasler\n|move|p1a: Deoxys|Psycho Boost|p2b: Walking Wake\n|-damage|p2b: Walking Wake|0 fnt\n|-unboost|p1a: Deoxys|spa|2\n|faint|p2b: Walking Wake\n|-end|p2b: Walking Wake|Protosynthesis|[silent]\n|-damage|p1a: Deoxys|91\/100|[from] item: Life Orb\n|\n|-weather|SunnyDay|[upkeep]\n|-fieldend|move: Psychic Terrain\n|upkeep\n|c|\u2606Shiny_Hero64|Ggs\n|\n|t:|1700454072\n|switch|p1b: Chien-Pao|Chien-Pao|100\/100\n|switch|p2b: Farigiraf|Farigiraf, F|100\/100\n|-ability|p1b: Chien-Pao|Sword of Ruin\n|turn|9\n|c|\u2606Ryan1Baek|gg\n|\n|t:|1700454084\n|move|p1a: Deoxys|Thunderbolt|p2b: Farigiraf\n|-damage|p2b: Farigiraf|75\/100\n|-damage|p1a: Deoxys|81\/100|[from] item: Life Orb\n|-zpower|p1b: Chien-Pao\n|move|p1b: Chien-Pao|Black Hole Eclipse|p2b: Farigiraf|[zeffect]\n|-supereffective|p2b: Farigiraf\n|-damage|p2b: Farigiraf|0 fnt\n|faint|p2b: Farigiraf\n|\n|win|Shiny_Hero64\n|c|\u2606Ryan1Baek|well played\n","uploadtime":1700454093,"views":3,"p1id":"shinyhero64","p2id":"ryan1baek","formatid":"gen9nationaldexdoubles","rating":0,"private":0,"password":""}