{"id":"gen9nationaldexdoubles-1970788707","p1":"im timi","p2":"alejando","format":"[Gen 9] National Dex Doubles","log":"|j|\u2606im timi\n|j|\u2606alejando\n|t:|1697667286\n|gametype|doubles\n|player|p1|im timi|dragontamer|1250\n|player|p2|alejando|blue|1092\n|teamsize|p1|6\n|teamsize|p2|6\n|gen|9\n|tier|[Gen 9] National Dex Doubles\n|rated|\n|rule|HP Percentage Mod: HP is shown in percentages\n|rule|Endless Battle Clause: Forcing endless battles is banned\n|rule|OHKO Clause: OHKO moves are banned\n|rule|Evasion Moves Clause: Evasion moves are banned\n|rule|Evasion Abilities Clause: Evasion abilities are banned\n|rule|Species Clause: Limit one of each Pok\u00e9mon\n|rule|Gravity Sleep Clause: The combination of sleep-inducing moves with imperfect accuracy and Gravity or Gigantamax Orbeetle are banned\n|clearpoke\n|poke|p1|Charizard, M|\n|poke|p1|Great Tusk|\n|poke|p1|Sylveon, F|\n|poke|p1|Togekiss, F|\n|poke|p1|Gholdengo|\n|poke|p1|Venusaur, M|\n|poke|p2|Jolteon, M|\n|poke|p2|Talonflame, M|\n|poke|p2|Kangaskhan, F|\n|poke|p2|Greninja-*, M|\n|poke|p2|Smeargle, F|\n|poke|p2|Dragonite, M|\n|teampreview\n|inactive|Battle timer is ON: inactive players will automatically lose when time's up. (requested by alejando)\n|\n|t:|1697667294\n|start\n|switch|p1a: Charizard|Charizard, M, shiny|100\/100\n|switch|p1b: Togekiss|Togekiss, F|100\/100\n|switch|p2a: Smeargle|Smeargle, F, shiny|100\/100\n|switch|p2b: Dragonite|Dragonite, M, shiny|100\/100\n|turn|1\n|\n|t:|1697667306\n|detailschange|p1a: Charizard|Charizard-Mega-Y, M, shiny\n|-mega|p1a: Charizard|Charizard|Charizardite Y\n|-weather|SunnyDay|[from] ability: Drought|[of] p1a: Charizard\n|move|p2a: Smeargle|Fake Out|p1b: Togekiss\n|-damage|p1b: Togekiss|95\/100\n|move|p1a: Charizard|Heat Wave|p2b: Dragonite|[spread] p2a,p2b\n|-resisted|p2b: Dragonite\n|-enditem|p2a: Smeargle|Focus Sash\n|-damage|p2a: Smeargle|1\/100\n|-damage|p2b: Dragonite|83\/100\n|cant|p1b: Togekiss|flinch\n|move|p2b: Dragonite|Dragon Dance|p2b: Dragonite\n|-boost|p2b: Dragonite|atk|1\n|-boost|p2b: Dragonite|spe|1\n|\n|-weather|SunnyDay|[upkeep]\n|upkeep\n|turn|2\n|\n|t:|1697667330\n|switch|p1a: Gholdengo|Gholdengo|100\/100\n|-item|p1a: Gholdengo|Air Balloon\n|-zpower|p2b: Dragonite\n|move|p2b: Dragonite|Devastating Drake|p1a: Gholdengo|[zeffect]\n|-resisted|p1a: Gholdengo\n|-damage|p1a: Gholdengo|21\/100\n|-enditem|p1a: Gholdengo|Air Balloon\n|move|p1b: Togekiss|Tailwind|p1b: Togekiss\n|-sidestart|p1: im timi|move: Tailwind\n|move|p2a: Smeargle|Spore|p1b: Togekiss\n|-status|p1b: Togekiss|slp|[from] move: Spore\n|\n|-weather|SunnyDay|[upkeep]\n|upkeep\n|turn|3\n|\n|t:|1697667352\n|cant|p1b: Togekiss|slp\n|move|p1a: Gholdengo|Make It Rain|p2b: Dragonite|[spread] p2a,p2b\n|-damage|p2a: Smeargle|0 fnt\n|-damage|p2b: Dragonite|30\/100\n|-unboost|p1a: Gholdengo|spa|1\n|faint|p2a: Smeargle\n|move|p2b: Dragonite|Dragon Dance|p2b: Dragonite\n|-boost|p2b: Dragonite|atk|1\n|-boost|p2b: Dragonite|spe|1\n|\n|-weather|SunnyDay|[upkeep]\n|upkeep\n|inactive|alejando has 120 seconds left.\n|\n|t:|1697667372\n|switch|p2a: Kangaskhan|Kangaskhan, F|100\/100\n|turn|4\n|inactive|alejando has 120 seconds left.\n|\n|t:|1697667397\n|detailschange|p2a: Kangaskhan|Kangaskhan-Mega, F\n|-mega|p2a: Kangaskhan|Kangaskhan|Kangaskhanite\n|cant|p1b: Togekiss|slp\n|move|p1a: Gholdengo|Shadow Ball|p2b: Dragonite\n|-damage|p2b: Dragonite|1\/100\n|move|p2b: Dragonite|Roost|p2b: Dragonite\n|-heal|p2b: Dragonite|52\/100\n|-singleturn|p2b: Dragonite|move: Roost\n|move|p2a: Kangaskhan|Power-Up Punch|p1b: Togekiss\n|-resisted|p1b: Togekiss\n|-damage|p1b: Togekiss|91\/100 slp\n|-boost|p2a: Kangaskhan|atk|1\n|-resisted|p1b: Togekiss\n|-crit|p1b: Togekiss\n|-damage|p1b: Togekiss|88\/100 slp\n|-boost|p2a: Kangaskhan|atk|1\n|-hitcount|p1b: Togekiss|2\n|\n|-weather|SunnyDay|[upkeep]\n|upkeep\n|turn|5\n|inactive|alejando has 120 seconds left.\n|\n|t:|1697667440\n|switch|p1a: Sylveon|Sylveon, F|100\/100\n|cant|p1b: Togekiss|slp\n|move|p2b: Dragonite|Dragon Claw|p1a: Sylveon\n|-immune|p1a: Sylveon\n|move|p2a: Kangaskhan|Return|p1b: Togekiss\n|-damage|p1b: Togekiss|0 fnt\n|faint|p1b: Togekiss\n|-hitcount|p1: Togekiss|1\n|\n|-weather|none\n|-sideend|p1: im timi|move: Tailwind\n|upkeep\n|\n|t:|1697667448\n|switch|p1b: Charizard|Charizard-Mega-Y, M, shiny|100\/100\n|-weather|SunnyDay|[from] ability: Drought|[of] p1b: Charizard\n|turn|6\n|inactive|alejando has 120 seconds left.\n|\n|t:|1697667466\n|move|p2b: Dragonite|Roost|p2b: Dragonite\n|-heal|p2b: Dragonite|100\/100\n|-singleturn|p2b: Dragonite|move: Roost\n|move|p1b: Charizard|Heat Wave|p2b: Dragonite|[spread] p2a,p2b\n|-resisted|p2b: Dragonite\n|-crit|p2b: Dragonite\n|-damage|p2a: Kangaskhan|41\/100\n|-damage|p2b: Dragonite|73\/100\n|move|p2a: Kangaskhan|Return|p1a: Sylveon\n|-damage|p1a: Sylveon|0 fnt\n|faint|p1a: Sylveon\n|-hitcount|p1: Sylveon|1\n|\n|-weather|SunnyDay|[upkeep]\n|upkeep\n|\n|t:|1697667469\n|switch|p1a: Venusaur|Venusaur, M, shiny|100\/100\n|turn|7\n|inactive|alejando has 120 seconds left.\n|\n|t:|1697667509\n|move|p1a: Venusaur|Sleep Powder|p2b: Dragonite|[miss]\n|-miss|p1a: Venusaur|p2b: Dragonite\n|move|p2b: Dragonite|Dragon Claw|p1b: Charizard\n|-damage|p1b: Charizard|0 fnt\n|faint|p1b: Charizard\n|move|p2a: Kangaskhan|Return|p1a: Venusaur\n|-damage|p1a: Venusaur|0 fnt\n|faint|p1a: Venusaur\n|-hitcount|p1: Venusaur|1\n|\n|-weather|SunnyDay|[upkeep]\n|upkeep\n|\n|t:|1697667514\n|switch|p1b: Gholdengo|Gholdengo|21\/100\n|switch|p1a: Great Tusk|Great Tusk|100\/100\n|-activate|p1a: Great Tusk|ability: Protosynthesis\n|-start|p1a: Great Tusk|protosynthesisatk\n|turn|8\n|-message|im timi forfeited.\n|\n|win|alejando\n|raw|im timi's rating: 1250 &rarr; <strong>1214<\/strong><br \/>(-36 for losing)\n|raw|alejando's rating: 1092 &rarr; <strong>1129<\/strong><br \/>(+37 for winning)\n|l|\u2606im timi\n","uploadtime":1697669845,"views":12,"p1id":"imtimi","p2id":"alejando","formatid":"gen9nationaldexdoubles","rating":1129,"private":0,"password":""}