{"id":"gen9nationaldexdoubles-1977467507","p1":"horizonfield","p2":"AdvancedDigit","format":"[Gen 9] National Dex Doubles","log":"|j|\u2606horizonfield\n|j|\u2606AdvancedDigit\n|t:|1698419588\n|gametype|doubles\n|player|p1|horizonfield|milo|1096\n|player|p2|AdvancedDigit|hilbert|1201\n|teamsize|p1|6\n|teamsize|p2|6\n|gen|9\n|tier|[Gen 9] National Dex Doubles\n|rated|\n|rule|HP Percentage Mod: HP is shown in percentages\n|rule|Endless Battle Clause: Forcing endless battles is banned\n|rule|OHKO Clause: OHKO moves are banned\n|rule|Evasion Moves Clause: Evasion moves are banned\n|rule|Evasion Abilities Clause: Evasion abilities are banned\n|rule|Species Clause: Limit one of each Pok\u00e9mon\n|rule|Gravity Sleep Clause: The combination of sleep-inducing moves with imperfect accuracy and Gravity or Gigantamax Orbeetle are banned\n|clearpoke\n|poke|p1|Oricorio-Pom-Pom, M|\n|poke|p1|Ludicolo, M|\n|poke|p1|Mr. Rime, M|\n|poke|p1|Maushold-Four|\n|poke|p1|Vivillon-Fancy, F|\n|poke|p1|Volcarona, M|\n|poke|p2|Lilligant-Hisui, F|\n|poke|p2|Tornadus, M|\n|poke|p2|Malamar, F|\n|poke|p2|Gothitelle, F|\n|poke|p2|Charizard, F|\n|poke|p2|Garchomp, M|\n|teampreview\n|\n|t:|1698419603\n|start\n|switch|p1a: Just Dance|Oricorio-Pom-Pom, M|100\/100\n|switch|p1b: Quacker|Ludicolo, M|100\/100\n|switch|p2a: Lilligant|Lilligant-Hisui, F|100\/100\n|switch|p2b: Charizard|Charizard, F|100\/100\n|turn|1\n|\n|t:|1698419621\n|detailschange|p2b: Charizard|Charizard-Mega-Y, F\n|-mega|p2b: Charizard|Charizard|Charizardite Y\n|-weather|SunnyDay|[from] ability: Drought|[of] p2b: Charizard\n|move|p2a: Lilligant|Entrainment|p2b: Charizard\n|-endability|p2b: Charizard|Drought|[from] move: Entrainment\n|-ability|p2b: Charizard|Chlorophyll|[from] move: Entrainment\n|move|p2b: Charizard|Heat Wave|p1a: Just Dance|[spread] p1a\n|-miss|p2b: Charizard|p1b: Quacker\n|-damage|p1a: Just Dance|0 fnt\n|faint|p1a: Just Dance\n|move|p1b: Quacker|Scald|p2b: Charizard\n|-supereffective|p2b: Charizard\n|-damage|p2b: Charizard|58\/100\n|-damage|p1b: Quacker|91\/100|[from] item: Life Orb\n|\n|-weather|SunnyDay|[upkeep]\n|upkeep\n|\n|t:|1698419633\n|switch|p1a: Family|Maushold-Four|100\/100\n|turn|2\n|\n|t:|1698419656\n|move|p1b: Quacker|Protect|p1b: Quacker\n|-singleturn|p1b: Quacker|Protect\n|move|p2a: Lilligant|Close Combat|p1a: Family\n|-supereffective|p1a: Family\n|-damage|p1a: Family|0 fnt\n|-unboost|p2a: Lilligant|def|1\n|-unboost|p2a: Lilligant|spd|1\n|faint|p1a: Family\n|move|p2b: Charizard|Heat Wave|p1b: Quacker\n|-activate|p1b: Quacker|move: Protect\n|\n|-weather|SunnyDay|[upkeep]\n|upkeep\n|inactive|Battle timer is ON: inactive players will automatically lose when time's up. (requested by AdvancedDigit)\n|\n|t:|1698419667\n|switch|p1a: Yuzu|Volcarona, M|100\/100\n|turn|3\n|\n|t:|1698419679\n|move|p2a: Lilligant|Acrobatics|p1a: Yuzu\n|-supereffective|p1a: Yuzu\n|-damage|p1a: Yuzu|0 fnt\n|faint|p1a: Yuzu\n|move|p2b: Charizard|Heat Wave|p1b: Quacker\n|-damage|p1b: Quacker|0 fnt\n|faint|p1b: Quacker\n|\n|-weather|SunnyDay|[upkeep]\n|upkeep\n|\n|t:|1698419683\n|switch|p1a: LEAVEMEALONE|Mr. Rime, M|100\/100\n|switch|p1b: RulerOfParadise|Vivillon-Fancy, F|100\/100\n|turn|4\n|\n|t:|1698419695\n|move|p1b: RulerOfParadise|Powder|p2b: Charizard\n|-singleturn|p2b: Charizard|Powder\n|move|p2a: Lilligant|Acrobatics|p1b: RulerOfParadise\n|-supereffective|p1b: RulerOfParadise\n|-damage|p1b: RulerOfParadise|0 fnt\n|faint|p1b: RulerOfParadise\n|move|p2b: Charizard|Heat Wave||[still]\n|-activate|p2b: Charizard|move: Powder\n|-damage|p2b: Charizard|33\/100|[silent]\n|move|p1a: LEAVEMEALONE|Dazzling Gleam|p2a: Lilligant|[spread] p2a,p2b\n|-supereffective|p2a: Lilligant\n|-resisted|p2b: Charizard\n|-damage|p2a: Lilligant|0 fnt\n|-damage|p2b: Charizard|21\/100\n|faint|p2a: Lilligant\n|-damage|p1a: LEAVEMEALONE|91\/100|[from] item: Life Orb\n|\n|-weather|SunnyDay|[upkeep]\n|upkeep\n|c|\u2606AdvancedDigit|gg\n|\n|t:|1698419708\n|switch|p2a: Malamar|Malamar, F|100\/100\n|turn|5\n|\n|t:|1698419714\n|-terastallize|p1a: LEAVEMEALONE|Ice\n|move|p2b: Charizard|Heat Wave|p1a: LEAVEMEALONE\n|-supereffective|p1a: LEAVEMEALONE\n|-damage|p1a: LEAVEMEALONE|0 fnt\n|faint|p1a: LEAVEMEALONE\n|\n|win|AdvancedDigit\n|raw|horizonfield's rating: 1096 &rarr; <strong>1079<\/strong><br \/>(-17 for losing)\n|raw|AdvancedDigit's rating: 1201 &rarr; <strong>1219<\/strong><br \/>(+18 for winning)\n|l|\u2606horizonfield\n","uploadtime":1698419720,"views":4,"p1id":"horizonfield","p2id":"advanceddigit","formatid":"gen9nationaldexdoubles","rating":1079,"private":0,"password":""}