{"id":"gen9nationaldexdoubles-1996929079","p1":"DazzlingBrilliance","p2":"quagsy","format":"[Gen 9] National Dex Doubles","log":"|j|\u2606DazzlingBrilliance\n|j|\u2606quagsy\n|t:|1700746073\n|gametype|doubles\n|player|p1|DazzlingBrilliance|striker|1071\n|player|p2|quagsy|1|1059\n|teamsize|p1|6\n|teamsize|p2|6\n|gen|9\n|tier|[Gen 9] National Dex Doubles\n|rated|\n|rule|HP Percentage Mod: HP is shown in percentages\n|rule|Endless Battle Clause: Forcing endless battles is banned\n|rule|OHKO Clause: OHKO moves are banned\n|rule|Evasion Moves Clause: Evasion moves are banned\n|rule|Evasion Abilities Clause: Evasion abilities are banned\n|rule|Species Clause: Limit one of each Pok\u00e9mon\n|rule|Gravity Sleep Clause: The combination of sleep-inducing moves with imperfect accuracy and Gravity or Gigantamax Orbeetle are banned\n|clearpoke\n|poke|p1|Muk-Alola, M|\n|poke|p1|Jumpluff, M|\n|poke|p1|Blissey, F|\n|poke|p1|Tentacruel, M|\n|poke|p1|Arcanine, M|\n|poke|p1|Altaria, M|\n|poke|p2|Salamence, F|\n|poke|p2|Farigiraf, F|\n|poke|p2|Flutter Mane|\n|poke|p2|Kingambit, M|\n|poke|p2|Iron Hands|\n|poke|p2|Ogerpon-Wellspring, F|\n|teampreview\n|\n|t:|1700746085\n|start\n|switch|p1a: Arcanine|Arcanine, M, shiny|100\/100\n|switch|p1b: Pickle Tickle|Tentacruel, M, shiny|100\/100\n|switch|p2a: Salamence|Salamence, F|100\/100\n|switch|p2b: Iron Hands|Iron Hands|100\/100\n|-ability|p2a: Salamence|Intimidate|boost\n|-unboost|p1a: Arcanine|atk|1\n|-fail|p1b: Pickle Tickle|unboost|[from] ability: Clear Body|[of] p1b: Pickle Tickle\n|-ability|p1a: Arcanine|Intimidate|boost\n|-unboost|p2a: Salamence|atk|1\n|-unboost|p2b: Iron Hands|atk|1\n|turn|1\n|\n|t:|1700746108\n|switch|p1b: Blissey|Blissey, F, shiny|100\/100\n|detailschange|p2a: Salamence|Salamence-Mega, F\n|-mega|p2a: Salamence|Salamence|Salamencite\n|move|p2b: Iron Hands|Fake Out|p1b: Blissey\n|-damage|p1b: Blissey|91\/100\n|move|p2a: Salamence|Hyper Voice|p1b: Blissey|[spread] p1a,p1b\n|-damage|p1a: Arcanine|59\/100\n|-damage|p1b: Blissey|77\/100\n|move|p1a: Arcanine|Will-O-Wisp|p2a: Salamence\n|-status|p2a: Salamence|brn\n|\n|-heal|p1a: Arcanine|66\/100|[from] item: Leftovers\n|-heal|p1b: Blissey|83\/100|[from] item: Leftovers\n|-damage|p2a: Salamence|94\/100 brn|[from] brn\n|upkeep\n|turn|2\n|inactive|Battle timer is ON: inactive players will automatically lose when time's up. (requested by quagsy)\n|inactive|DazzlingBrilliance has 120 seconds left.\n|inactive|DazzlingBrilliance has 90 seconds left.\n|inactive|DazzlingBrilliance has 60 seconds left.\n|\n|t:|1700746269\n|move|p2a: Salamence|Hyper Voice|p1a: Arcanine|[spread] p1a,p1b\n|-damage|p1a: Arcanine|28\/100\n|-damage|p1b: Blissey|69\/100\n|move|p1a: Arcanine|Will-O-Wisp|p2b: Iron Hands\n|-status|p2b: Iron Hands|brn\n|move|p1b: Blissey|Icy Wind|p2b: Iron Hands|[spread] p2a,p2b\n|-supereffective|p2a: Salamence\n|-damage|p2a: Salamence|54\/100 brn\n|-damage|p2b: Iron Hands|95\/100 brn\n|-unboost|p2a: Salamence|spe|1\n|-unboost|p2b: Iron Hands|spe|1\n|move|p2b: Iron Hands|Drain Punch|p1b: Blissey\n|-supereffective|p1b: Blissey\n|-damage|p1b: Blissey|39\/100\n|-heal|p2b: Iron Hands|100\/100 brn|[from] drain|[of] p1b: Blissey\n|\n|-heal|p1a: Arcanine|34\/100|[from] item: Leftovers\n|-heal|p1b: Blissey|45\/100|[from] item: Leftovers\n|-damage|p2a: Salamence|48\/100 brn|[from] brn\n|-damage|p2b: Iron Hands|94\/100 brn|[from] brn\n|upkeep\n|turn|3\n|inactive|DazzlingBrilliance has 120 seconds left.\n|inactive|DazzlingBrilliance has 90 seconds left.\n|inactive|DazzlingBrilliance has 60 seconds left.\n|\n|t:|1700746374\n|switch|p1a: Pickle Tickle|Tentacruel, M, shiny|100\/100\n|switch|p1b: Jumpluff|Jumpluff, M, shiny|100\/100\n|move|p2a: Salamence|Hyper Voice|p1a: Pickle Tickle|[spread] p1a,p1b\n|-supereffective|p1b: Jumpluff\n|-damage|p1a: Pickle Tickle|66\/100\n|-damage|p1b: Jumpluff|26\/100\n|-enditem|p1b: Jumpluff|Weakness Policy\n|-boost|p1b: Jumpluff|atk|2|[from] item: Weakness Policy\n|-boost|p1b: Jumpluff|spa|2|[from] item: Weakness Policy\n|move|p2b: Iron Hands|Drain Punch|p1b: Jumpluff\n|-resisted|p1b: Jumpluff\n|-damage|p1b: Jumpluff|18\/100\n|-heal|p2b: Iron Hands|97\/100 brn|[from] drain|[of] p1b: Jumpluff\n|\n|-damage|p2a: Salamence|42\/100 brn|[from] brn\n|-damage|p2b: Iron Hands|91\/100 brn|[from] brn\n|upkeep\n|turn|4\n|inactive|DazzlingBrilliance has 60 seconds left.\n|inactive|DazzlingBrilliance has 30 seconds left.\n|inactive|DazzlingBrilliance has 20 seconds left.\n|\n|t:|1700746420\n|switch|p2a: Kingambit|Kingambit, M|100\/100\n|move|p1a: Pickle Tickle|Acupressure|p1b: Jumpluff\n|-boost|p1b: Jumpluff|spd|2\n|move|p1b: Jumpluff|Acrobatics|p2b: Iron Hands\n|-damage|p2b: Iron Hands|58\/100 brn\n|move|p2b: Iron Hands|Wild Charge|p1a: Pickle Tickle\n|-supereffective|p1a: Pickle Tickle\n|-damage|p1a: Pickle Tickle|24\/100\n|-damage|p2b: Iron Hands|52\/100 brn|[from] Recoil\n|\n|-damage|p2b: Iron Hands|46\/100 brn|[from] brn\n|upkeep\n|turn|5\n|inactive|DazzlingBrilliance has 30 seconds left.\n|inactive|DazzlingBrilliance has 20 seconds left.\n|inactive|DazzlingBrilliance has 15 seconds left.\n|\n|t:|1700746453\n|switch|p1a: Arcanine|Arcanine, M, shiny|34\/100\n|-ability|p1a: Arcanine|Intimidate|boost\n|-unboost|p2a: Kingambit|atk|1\n|-ability|p2a: Kingambit|Defiant|boost\n|-boost|p2a: Kingambit|atk|2\n|-unboost|p2b: Iron Hands|atk|1\n|move|p2a: Kingambit|Sucker Punch||[still]\n|-fail|p2a: Kingambit\n|move|p1b: Jumpluff|Sleep Powder|p2a: Kingambit\n|-status|p2a: Kingambit|slp|[from] move: Sleep Powder\n|move|p2b: Iron Hands|Wild Charge|p1b: Jumpluff\n|-damage|p1b: Jumpluff|4\/100\n|-damage|p2b: Iron Hands|44\/100 brn|[from] Recoil\n|\n|-heal|p1a: Arcanine|41\/100|[from] item: Leftovers\n|-damage|p2b: Iron Hands|37\/100 brn|[from] brn\n|upkeep\n|turn|6\n|inactive|DazzlingBrilliance has 30 seconds left.\n|inactive|DazzlingBrilliance has 20 seconds left.\n|inactive|DazzlingBrilliance has 15 seconds left.\n|\n|t:|1700746483\n|move|p1a: Arcanine|Mud-Slap|p2b: Iron Hands\n|-supereffective|p2b: Iron Hands\n|-damage|p2b: Iron Hands|32\/100 brn\n|-unboost|p2b: Iron Hands|accuracy|1\n|move|p1b: Jumpluff|Leech Seed|p2a: Kingambit\n|-start|p2a: Kingambit|move: Leech Seed\n|cant|p2a: Kingambit|slp\n|move|p2b: Iron Hands|Wild Charge|p1b: Jumpluff|[miss]\n|-miss|p2b: Iron Hands|p1b: Jumpluff\n|\n|-heal|p1a: Arcanine|47\/100|[from] item: Leftovers\n|-damage|p2a: Kingambit|88\/100 slp|[from] Leech Seed|[of] p1b: Jumpluff\n|-heal|p1b: Jumpluff|20\/100|[silent]\n|-damage|p2b: Iron Hands|26\/100 brn|[from] brn\n|upkeep\n|turn|7\n|inactive|DazzlingBrilliance has 30 seconds left.\n|inactive|DazzlingBrilliance has 20 seconds left.\n|inactive|DazzlingBrilliance has 15 seconds left.\n|inactive|DazzlingBrilliance has 10 seconds left.\n|inactive|DazzlingBrilliance has 5 seconds left.\n|\n|t:|1700746519\n|move|p1a: Arcanine|Mud-Slap|p2b: Iron Hands\n|-supereffective|p2b: Iron Hands\n|-damage|p2b: Iron Hands|19\/100 brn\n|-unboost|p2b: Iron Hands|accuracy|1\n|move|p1b: Jumpluff|Leech Seed|p2b: Iron Hands\n|-start|p2b: Iron Hands|move: Leech Seed\n|cant|p2a: Kingambit|slp\n|move|p2b: Iron Hands|Wild Charge|p1b: Jumpluff|[miss]\n|-miss|p2b: Iron Hands|p1b: Jumpluff\n|\n|-heal|p1a: Arcanine|53\/100|[from] item: Leftovers\n|-heal|p2a: Kingambit|94\/100 slp|[from] item: Leftovers\n|-damage|p2a: Kingambit|82\/100 slp|[from] Leech Seed|[of] p1b: Jumpluff\n|-heal|p1b: Jumpluff|37\/100|[silent]\n|-damage|p2b: Iron Hands|7\/100 brn|[from] Leech Seed|[of] p1b: Jumpluff\n|-heal|p1b: Jumpluff|58\/100|[silent]\n|-damage|p2b: Iron Hands|0 fnt|[from] brn\n|faint|p2b: Iron Hands\n|-end|p2b: Iron Hands|Quark Drive|[silent]\n|upkeep\n|inactive|DazzlingBrilliance has 10 seconds left this turn.\n|\n|t:|1700746530\n|switch|p2b: Salamence|Salamence-Mega, F|42\/100 brn\n|turn|8\n|inactive|DazzlingBrilliance has 30 seconds left.\n|inactive|DazzlingBrilliance has 20 seconds left.\n|inactive|DazzlingBrilliance has 15 seconds left.\n|\n|t:|1700746553\n|move|p2b: Salamence|Double-Edge|p1b: Jumpluff\n|-supereffective|p1b: Jumpluff\n|-damage|p1b: Jumpluff|0 fnt\n|faint|p1b: Jumpluff\n|-damage|p2b: Salamence|27\/100 brn|[from] Recoil\n|move|p1a: Arcanine|Heat Wave|p2b: Salamence|[spread] p2a,p2b\n|-supereffective|p2a: Kingambit\n|-resisted|p2b: Salamence\n|-damage|p2a: Kingambit|29\/100 slp\n|-damage|p2b: Salamence|13\/100 brn\n|-curestatus|p2a: Kingambit|slp|[msg]\n|move|p2a: Kingambit|Knock Off|p1a: Arcanine\n|-damage|p1a: Arcanine|0 fnt\n|-enditem|p1a: Arcanine|Leftovers|[from] move: Knock Off|[of] p2a: Kingambit\n|faint|p1a: Arcanine\n|\n|-heal|p2a: Kingambit|36\/100|[from] item: Leftovers\n|-damage|p2b: Salamence|7\/100 brn|[from] brn\n|upkeep\n|inactive|DazzlingBrilliance has 20 seconds left this turn.\n|inactive|DazzlingBrilliance has 15 seconds left.\n|inactive|DazzlingBrilliance has 10 seconds left.\n|inactive|DazzlingBrilliance has 5 seconds left.\n|\n|t:|1700746570\n|switch|p1a: Muk|Muk-Alola, M, shiny|100\/100\n|switch|p1b: Blissey|Blissey, F, shiny|45\/100\n|turn|9\n|inactive|DazzlingBrilliance has 30 seconds left this turn.\n|inactive|DazzlingBrilliance has 20 seconds left.\n|\n|t:|1700746582\n|move|p1a: Muk|Shadow Sneak|p2b: Salamence\n|-damage|p2b: Salamence|1\/100 brn\n|move|p2b: Salamence|Roost|p2b: Salamence\n|-heal|p2b: Salamence|51\/100 brn\n|-singleturn|p2b: Salamence|move: Roost\n|move|p1b: Blissey|Charge Beam|p2a: Kingambit\n|-damage|p2a: Kingambit|25\/100\n|-boost|p1b: Blissey|spa|1\n|move|p2a: Kingambit|Brick Break|p1b: Blissey\n|-supereffective|p1b: Blissey\n|-damage|p1b: Blissey|0 fnt\n|faint|p1b: Blissey\n|\n|-heal|p2a: Kingambit|31\/100|[from] item: Leftovers\n|-damage|p2b: Salamence|45\/100 brn|[from] brn\n|upkeep\n|inactive|DazzlingBrilliance has 25 seconds left this turn.\n|inactive|DazzlingBrilliance has 20 seconds left.\n|inactive|DazzlingBrilliance has 15 seconds left.\n|\n|t:|1700746595\n|switch|p1b: Pickle Tickle|Tentacruel, M, shiny|24\/100\n|turn|10\n|\n|t:|1700746610\n|move|p2b: Salamence|Roost|p2b: Salamence\n|-heal|p2b: Salamence|95\/100 brn\n|-singleturn|p2b: Salamence|move: Roost\n|move|p1b: Pickle Tickle|Acupressure|p1a: Muk\n|-boost|p1a: Muk|atk|2\n|move|p1a: Muk|Power-Up Punch|p2a: Kingambit\n|-supereffective|p2a: Kingambit\n|-damage|p2a: Kingambit|0 fnt\n|-boost|p1a: Muk|atk|1\n|faint|p2a: Kingambit\n|\n|-damage|p2b: Salamence|89\/100 brn|[from] brn\n|upkeep\n|\n|t:|1700746620\n|switch|p2a: Flutter Mane|Flutter Mane|100\/100\n|turn|11\n|inactive|DazzlingBrilliance has 60 seconds left.\n|\n|t:|1700746636\n|move|p1a: Muk|Shadow Sneak|p2a: Flutter Mane\n|-supereffective|p2a: Flutter Mane\n|-damage|p2a: Flutter Mane|2\/100\n|-status|p2a: Flutter Mane|psn|[from] ability: Poison Touch|[of] p1a: Muk\n|move|p2a: Flutter Mane|Moonblast|p1a: Muk\n|-damage|p1a: Muk|48\/100\n|-unboost|p1a: Muk|spa|1\n|-damage|p2a: Flutter Mane|0 fnt|[from] item: Life Orb\n|faint|p2a: Flutter Mane\n|-end|p2a: Flutter Mane|Protosynthesis|[silent]\n|move|p2b: Salamence|Double-Edge|p1a: Muk\n|-damage|p1a: Muk|22\/100\n|-damage|p2b: Salamence|81\/100 brn|[from] Recoil\n|move|p1b: Pickle Tickle|Acupressure|p1a: Muk\n|-boost|p1a: Muk|spe|2\n|\n|-heal|p1a: Muk|28\/100|[from] item: Leftovers\n|-damage|p2b: Salamence|75\/100 brn|[from] brn\n|upkeep\n|\n|t:|1700746653\n|switch|p2a: Ogerpon|Ogerpon-Wellspring, F|100\/100\n|turn|12\n|\n|t:|1700746672\n|move|p2b: Salamence|Double-Edge|p1a: Muk\n|-damage|p1a: Muk|1\/100\n|-damage|p2b: Salamence|67\/100 brn|[from] Recoil\n|move|p1a: Muk|Rock Slide|p2b: Salamence|[spread] p2b\n|-miss|p1a: Muk|p2a: Ogerpon\n|-supereffective|p2b: Salamence\n|-damage|p2b: Salamence|24\/100 brn\n|move|p2a: Ogerpon|Ivy Cudgel|p1a: Muk|[anim] Ivy Cudgel Water\n|-damage|p1a: Muk|0 fnt\n|faint|p1a: Muk\n|move|p1b: Pickle Tickle|Acupressure|p1: Muk|[notarget]\n|-fail|p1b: Pickle Tickle\n|\n|-damage|p2b: Salamence|18\/100 brn|[from] brn\n|upkeep\n|inactive|DazzlingBrilliance has 60 seconds left.\n|\n|t:|1700746686\n|switch|p1a: Altaria|Altaria, M, shiny|100\/100\n|-ability|p1a: Altaria|Cloud Nine\n|turn|13\n|\n|t:|1700746714\n|-terastallize|p1a: Altaria|Steel\n|move|p2b: Salamence|Double-Edge|p1a: Altaria\n|-resisted|p1a: Altaria\n|-damage|p1a: Altaria|84\/100\n|-damage|p2b: Salamence|14\/100 brn|[from] Recoil\n|move|p2a: Ogerpon|Horn Leech|p1b: Pickle Tickle\n|-damage|p1b: Pickle Tickle|0 fnt\n|faint|p1b: Pickle Tickle\n|move|p1a: Altaria|Dragon Dance|p1a: Altaria\n|-boost|p1a: Altaria|atk|1\n|-boost|p1a: Altaria|spe|1\n|\n|-heal|p1a: Altaria|90\/100|[from] item: Leftovers\n|-damage|p2b: Salamence|8\/100 brn|[from] brn\n|upkeep\n|turn|14\n|\n|t:|1700746742\n|move|p2b: Salamence|Tailwind|p2b: Salamence\n|-sidestart|p2: quagsy|move: Tailwind\n|move|p2a: Ogerpon|Ivy Cudgel|p1a: Altaria|[anim] Ivy Cudgel Water\n|-damage|p1a: Altaria|36\/100\n|move|p1a: Altaria|Breaking Swipe|p2b: Salamence|[spread] p2a,p2b\n|-supereffective|p2b: Salamence\n|-damage|p2a: Ogerpon|82\/100\n|-damage|p2b: Salamence|0 fnt\n|-unboost|p2a: Ogerpon|atk|1\n|faint|p2b: Salamence\n|\n|-heal|p1a: Altaria|42\/100|[from] item: Leftovers\n|upkeep\n|\n|t:|1700746749\n|switch|p2b: Farigiraf|Farigiraf, F|100\/100\n|turn|15\n|inactive|DazzlingBrilliance has 90 seconds left.\n|\n|t:|1700746764\n|-terastallize|p2a: Ogerpon|Water\n|detailschange|p2a: Ogerpon|Ogerpon-Wellspring-Tera, F, tera:Water\n|-ability|p2a: Ogerpon|Embody Aspect (Wellspring)|boost\n|-boost|p2a: Ogerpon|spd|1\n|move|p2a: Ogerpon|Ivy Cudgel|p1a: Altaria|[anim] Ivy Cudgel Water\n|-damage|p1a: Altaria|0 fnt\n|faint|p1a: Altaria\n|\n|win|quagsy\n|raw|DazzlingBrilliance's rating: 1071 &rarr; <strong>1050<\/strong><br \/>(-21 for losing)\n|raw|quagsy's rating: 1059 &rarr; <strong>1091<\/strong><br \/>(+32 for winning)\n|l|\u2606DazzlingBrilliance\n","uploadtime":1700746774,"views":8,"p1id":"dazzlingbrilliance","p2id":"quagsy","formatid":"gen9nationaldexdoubles","rating":1050,"private":0,"password":""}