{"id":"gen9nationaldexdoubles-1982012104","p1":"Empress_Anna","p2":"Axley7","format":"[Gen 9] National Dex Doubles","log":"|j|\u2606Empress_Anna\n|j|\u2606Axley7\n|t:|1698959512\n|gametype|doubles\n|player|p1|Empress_Anna|cheryl|\n|player|p2|Axley7|bianca|\n|teamsize|p1|6\n|teamsize|p2|6\n|gen|9\n|tier|[Gen 9] National Dex Doubles\n|rule|HP Percentage Mod: HP is shown in percentages\n|rule|Endless Battle Clause: Forcing endless battles is banned\n|rule|OHKO Clause: OHKO moves are banned\n|rule|Evasion Moves Clause: Evasion moves are banned\n|rule|Evasion Abilities Clause: Evasion abilities are banned\n|rule|Species Clause: Limit one of each Pok\u00e9mon\n|rule|Gravity Sleep Clause: The combination of sleep-inducing moves with imperfect accuracy and Gravity or Gigantamax Orbeetle are banned\n|clearpoke\n|poke|p1|Eelektross, M|\n|poke|p1|Rotom-Wash|\n|poke|p1|Pincurchin, F|\n|poke|p1|Raichu-Alola, M|\n|poke|p1|Electivire, F|\n|poke|p1|Tapu Koko|\n|poke|p2|Empoleon, F|\n|poke|p2|Rillaboom, M|\n|poke|p2|Raichu, M|\n|poke|p2|Ursaluna-Bloodmoon, M|\n|poke|p2|Wyrdeer, F|\n|poke|p2|Mamoswine, F|\n|teampreview\n|c|\u2606Empress_Anna|gl hf!\n|c|\u2606Axley7|you too!\n|\n|t:|1698959576\n|start\n|switch|p1a: Electivire|Electivire, F|100\/100\n|switch|p1b: Tapu Koko|Tapu Koko, shiny|100\/100\n|switch|p2a: Rillaboom|Rillaboom, M|100\/100\n|switch|p2b: Ursaluna|Ursaluna-Bloodmoon, M|100\/100\n|-fieldstart|move: Electric Terrain|[from] ability: Electric Surge|[of] p1b: Tapu Koko\n|-fieldstart|move: Grassy Terrain|[from] ability: Grassy Surge|[of] p2a: Rillaboom\n|turn|1\n|\n|t:|1698959689\n|switch|p1b: Pincurchin|Pincurchin, F|100\/100\n|-fieldstart|move: Electric Terrain|[from] ability: Electric Surge|[of] p1b: Pincurchin\n|move|p2a: Rillaboom|Fake Out|p1a: Electivire\n|-damage|p1a: Electivire|77\/100\n|cant|p1a: Electivire|flinch\n|move|p2b: Ursaluna|Hyper Voice|p1a: Electivire|[spread] p1a,p1b\n|-crit|p1a: Electivire\n|-damage|p1a: Electivire|0 fnt\n|-damage|p1b: Pincurchin|53\/100\n|faint|p1a: Electivire\n|-enditem|p2b: Ursaluna|Throat Spray\n|-boost|p2b: Ursaluna|spa|1|[from] item: Throat Spray\n|\n|upkeep\n|\n|t:|1698959705\n|switch|p1a: Rotom|Rotom-Wash|100\/100\n|turn|2\n|\n|t:|1698959755\n|switch|p2a: Raichu|Raichu, M|100\/100\n|move|p2b: Ursaluna|Protect|p2b: Ursaluna\n|-singleturn|p2b: Ursaluna|Protect\n|move|p1a: Rotom|Light Screen|p1a: Rotom\n|-sidestart|p1: Empress_Anna|move: Light Screen\n|move|p1b: Pincurchin|Hydro Pump|p2b: Ursaluna\n|-activate|p2b: Ursaluna|move: Protect\n|\n|upkeep\n|turn|3\n|\n|t:|1698959785\n|move|p2a: Raichu|Follow Me|p2a: Raichu\n|-singleturn|p2a: Raichu|move: Follow Me\n|move|p1a: Rotom|Hydro Pump|p2a: Raichu\n|-damage|p2a: Raichu|47\/100\n|move|p2b: Ursaluna|Hyper Voice|p1b: Pincurchin|[spread] p1a,p1b\n|-damage|p1a: Rotom|62\/100\n|-damage|p1b: Pincurchin|6\/100\n|move|p1b: Pincurchin|Toxic Spikes|p2a: Raichu\n|-sidestart|p2: Axley7|move: Toxic Spikes\n|\n|upkeep\n|turn|4\n|\n|t:|1698959843\n|move|p2a: Raichu|Follow Me|p2a: Raichu\n|-singleturn|p2a: Raichu|move: Follow Me\n|move|p1a: Rotom|Hydro Pump|p2a: Raichu\n|-damage|p2a: Raichu|0 fnt\n|faint|p2a: Raichu\n|move|p2b: Ursaluna|Hyper Voice|p1a: Rotom|[spread] p1a,p1b\n|-damage|p1a: Rotom|26\/100\n|-damage|p1b: Pincurchin|0 fnt\n|faint|p1b: Pincurchin\n|\n|upkeep\n|\n|t:|1698959857\n|switch|p2a: Wyrdeer|Wyrdeer, F|100\/100\n|switch|p1b: Eelektross|Eelektross, M|100\/100\n|-status|p2a: Wyrdeer|psn\n|-ability|p2a: Wyrdeer|Intimidate|boost\n|-unboost|p1a: Rotom|atk|1\n|-unboost|p1b: Eelektross|atk|1\n|turn|5\n|\n|t:|1698959888\n|move|p2b: Ursaluna|Protect|p2b: Ursaluna\n|-singleturn|p2b: Ursaluna|Protect\n|move|p1a: Rotom|Hydro Pump|p2b: Ursaluna\n|-activate|p2b: Ursaluna|move: Protect\n|move|p1b: Eelektross|Giga Drain|p2b: Ursaluna\n|-activate|p2b: Ursaluna|move: Protect\n|move|p2a: Wyrdeer|Trick Room|p2a: Wyrdeer\n|-fieldstart|move: Trick Room|[of] p2a: Wyrdeer\n|\n|-damage|p2a: Wyrdeer|88\/100 psn|[from] psn\n|upkeep\n|turn|6\n|\n|t:|1698959924\n|move|p2b: Ursaluna|Hyper Voice|p1b: Eelektross|[spread] p1a,p1b\n|-damage|p1a: Rotom|0 fnt\n|-damage|p1b: Eelektross|54\/100\n|faint|p1a: Rotom\n|move|p1b: Eelektross|Giga Drain|p2b: Ursaluna\n|-supereffective|p2b: Ursaluna\n|-damage|p2b: Ursaluna|39\/100\n|-heal|p1b: Eelektross|96\/100|[from] drain|[of] p2b: Ursaluna\n|-damage|p1b: Eelektross|86\/100|[from] item: Life Orb\n|move|p2a: Wyrdeer|Gravity|p2a: Wyrdeer\n|-fieldstart|move: Gravity\n|\n|-damage|p2a: Wyrdeer|76\/100 psn|[from] psn\n|-sideend|p1: Empress_Anna|move: Light Screen\n|upkeep\n|\n|t:|1698959945\n|switch|p1a: Raichu|Raichu-Alola, M|100\/100\n|turn|7\n|\n|t:|1698960015\n|-terastallize|p1a: Raichu|Water\n|move|p2b: Ursaluna|Protect|p2b: Ursaluna\n|-singleturn|p2b: Ursaluna|Protect\n|move|p1b: Eelektross|Giga Drain|p2b: Ursaluna\n|-activate|p2b: Ursaluna|move: Protect\n|move|p2a: Wyrdeer|Earth Power|p1a: Raichu\n|-damage|p1a: Raichu|69\/100\n|move|p1a: Raichu|Rising Voltage|p2a: Wyrdeer\n|-hint|Rising Voltage's BP doubled on grounded target.\n|-damage|p2a: Wyrdeer|20\/100 psn\n|-enditem|p2a: Wyrdeer|Sitrus Berry|[eat]\n|-heal|p2a: Wyrdeer|45\/100 psn|[from] item: Sitrus Berry\n|\n|-damage|p2a: Wyrdeer|32\/100 psn|[from] psn\n|upkeep\n|turn|8\n|\n|t:|1698960055\n|move|p2b: Ursaluna|Hyper Voice|p1b: Eelektross|[spread] p1a,p1b\n|-damage|p1a: Raichu|0 fnt\n|-damage|p1b: Eelektross|15\/100\n|faint|p1a: Raichu\n|move|p1b: Eelektross|Giga Drain|p2a: Wyrdeer\n|-damage|p2a: Wyrdeer|11\/100 psn\n|-heal|p1b: Eelektross|28\/100|[from] drain|[of] p2a: Wyrdeer\n|-damage|p1b: Eelektross|19\/100|[from] item: Life Orb\n|move|p2a: Wyrdeer|Earth Power|p1b: Eelektross\n|-supereffective|p1b: Eelektross\n|-damage|p1b: Eelektross|0 fnt\n|faint|p1b: Eelektross\n|\n|-damage|p2a: Wyrdeer|0 fnt|[from] psn\n|faint|p2a: Wyrdeer\n|-fieldend|move: Electric Terrain\n|upkeep\n|\n|t:|1698960081\n|switch|p1b: Tapu Koko|Tapu Koko, shiny|100\/100\n|switch|p2a: Rillaboom|Rillaboom, M|100\/100\n|-status|p2a: Rillaboom|psn\n|-fieldstart|move: Grassy Terrain|[from] ability: Grassy Surge|[of] p2a: Rillaboom\n|-fieldstart|move: Electric Terrain|[from] ability: Electric Surge|[of] p1b: Tapu Koko\n|turn|9\n|\n|t:|1698960099\n|move|p2a: Rillaboom|Fake Out|p1b: Tapu Koko\n|-damage|p1b: Tapu Koko|83\/100\n|move|p2b: Ursaluna|Earth Power|p1b: Tapu Koko\n|-supereffective|p1b: Tapu Koko\n|-damage|p1b: Tapu Koko|0 fnt\n|faint|p1b: Tapu Koko\n|\n|win|Axley7\n|c|\u2606Empress_Anna|ggs\n|c|\u2606Axley7|gg\n|l|\u2606Empress_Anna\n","uploadtime":1698960109,"views":4,"p1id":"empressanna","p2id":"axley7","formatid":"gen9nationaldexdoubles","rating":0,"private":0,"password":""}