{"id":"gen9nationaldexdoubles-1967360658","p1":"Saramatbk","p2":"fumbari 24","format":"[Gen 9] National Dex Doubles","log":"|j|\u2606Saramatbk\n|j|\u2606fumbari 24\n|t:|1697294080\n|gametype|doubles\n|player|p1|Saramatbk|unknown|1349\n|player|p2|fumbari 24|hilbert|1344\n|teamsize|p1|6\n|teamsize|p2|6\n|gen|9\n|tier|[Gen 9] National Dex Doubles\n|rated|\n|rule|HP Percentage Mod: HP is shown in percentages\n|rule|Endless Battle Clause: Forcing endless battles is banned\n|rule|OHKO Clause: OHKO moves are banned\n|rule|Evasion Moves Clause: Evasion moves are banned\n|rule|Evasion Abilities Clause: Evasion abilities are banned\n|rule|Species Clause: Limit one of each Pok\u00e9mon\n|rule|Gravity Sleep Clause: The combination of sleep-inducing moves with imperfect accuracy and Gravity or Gigantamax Orbeetle are banned\n|clearpoke\n|poke|p1|Iron Bundle|\n|poke|p1|Salamence, M|\n|poke|p1|Whimsicott, M|\n|poke|p1|Metagross|\n|poke|p1|Garchomp, M|\n|poke|p1|Moltres-Galar|\n|poke|p2|Charizard, M|\n|poke|p2|Sableye, M|\n|poke|p2|Aegislash, M|\n|poke|p2|Hydreigon, M|\n|poke|p2|Dragapult, M|\n|poke|p2|Granbull, F|\n|teampreview\n|inactive|Battle timer is ON: inactive players will automatically lose when time's up. (requested by fumbari 24)\n|\n|t:|1697294103\n|start\n|switch|p1a: Garchomp|Garchomp, M|100\/100\n|switch|p1b: Moltres|Moltres-Galar|100\/100\n|switch|p2a: Charizard|Charizard, M|100\/100\n|switch|p2b: Yami|Sableye, M|100\/100\n|turn|1\n|j| ddddddabai\n|\n|t:|1697294114\n|move|p2b: Yami|Will-O-Wisp|p1a: Garchomp\n|-status|p1a: Garchomp|brn\n|move|p2a: Charizard|Heat Wave|p1b: Moltres|[spread] p1a\n|-miss|p2a: Charizard|p1b: Moltres\n|-resisted|p1a: Garchomp\n|-damage|p1a: Garchomp|80\/100 brn\n|move|p1a: Garchomp|Rock Slide|p2a: Charizard|[spread] p2a,p2b\n|-supereffective|p2a: Charizard\n|-damage|p2a: Charizard|24\/100\n|-damage|p2b: Yami|82\/100\n|move|p1b: Moltres|Tailwind|p1b: Moltres\n|-sidestart|p1: Saramatbk|move: Tailwind\n|\n|-heal|p2b: Yami|88\/100|[from] item: Leftovers\n|-damage|p1a: Garchomp|74\/100 brn|[from] brn\n|upkeep\n|turn|2\n|l| ddddddabai\n|\n|t:|1697294138\n|switch|p2a: Iggy|Granbull, F|100\/100\n|-ability|p2a: Iggy|Intimidate|boost\n|-unboost|p1a: Garchomp|atk|1\n|-unboost|p1b: Moltres|atk|1\n|switch|p2b: Kermit|Hydreigon, M|100\/100\n|move|p1a: Garchomp|Rock Slide|p2b: Kermit|[spread] p2a,p2b\n|-damage|p2a: Iggy|90\/100\n|-damage|p2b: Kermit|91\/100\n|move|p1b: Moltres|Fiery Wrath|p2b: Kermit|[spread] p2a,p2b\n|-resisted|p2a: Iggy\n|-resisted|p2b: Kermit\n|-damage|p2a: Iggy|73\/100\n|-damage|p2b: Kermit|81\/100\n|\n|-damage|p1a: Garchomp|68\/100 brn|[from] brn\n|upkeep\n|turn|3\n|\n|t:|1697294163\n|switch|p1a: Whimsicott|Whimsicott, M|100\/100\n|switch|p1b: Metagross|Metagross|100\/100\n|move|p2b: Kermit|Snarl|p1b: Metagross|[spread] p1a,p1b\n|-resisted|p1a: Whimsicott\n|-supereffective|p1b: Metagross\n|-damage|p1a: Whimsicott|88\/100\n|-damage|p1b: Metagross|66\/100\n|-enditem|p1b: Metagross|Weakness Policy\n|-boost|p1b: Metagross|atk|2|[from] item: Weakness Policy\n|-boost|p1b: Metagross|spa|2|[from] item: Weakness Policy\n|move|p2a: Iggy|Snarl|p1a: Whimsicott|[spread] p1a,p1b\n|-resisted|p1a: Whimsicott\n|-supereffective|p1b: Metagross\n|-damage|p1a: Whimsicott|85\/100\n|-damage|p1b: Metagross|53\/100\n|\n|upkeep\n|turn|4\n|\n|t:|1697294182\n|move|p1b: Metagross|Bullet Punch|p2a: Iggy\n|-supereffective|p2a: Iggy\n|-enditem|p2a: Iggy|Babiri Berry|[eat]\n|-enditem|p2a: Iggy|Babiri Berry|[weaken]\n|-damage|p2a: Iggy|24\/100\n|move|p1a: Whimsicott|Knock Off|p2b: Kermit\n|-resisted|p2b: Kermit\n|-damage|p2b: Kermit|73\/100\n|-enditem|p2b: Kermit|Assault Vest|[from] move: Knock Off|[of] p1a: Whimsicott\n|move|p2b: Kermit|Dark Pulse|p1b: Metagross\n|-supereffective|p1b: Metagross\n|-damage|p1b: Metagross|0 fnt\n|faint|p1b: Metagross\n|move|p2a: Iggy|Counter|p1a: Whimsicott|[notarget]\n|-fail|p2a: Iggy\n|\n|-sideend|p1: Saramatbk|move: Tailwind\n|upkeep\n|\n|t:|1697294196\n|switch|p1b: Salamence|Salamence, M, shiny|100\/100\n|-ability|p1b: Salamence|Intimidate|boost\n|-unboost|p2a: Iggy|atk|1\n|-unboost|p2b: Kermit|atk|1\n|turn|5\n|\n|t:|1697294225\n|switch|p1b: Iron Bundle|Iron Bundle|100\/100\n|-enditem|p1b: Iron Bundle|Booster Energy\n|-activate|p1b: Iron Bundle|ability: Quark Drive|[fromitem]\n|-start|p1b: Iron Bundle|quarkdrivespe\n|switch|p2b: Aegislash|Aegislash, M|100\/100\n|switch|p2a: Yami|Sableye, M|88\/100\n|move|p1a: Whimsicott|Knock Off|p2a: Yami\n|-damage|p2a: Yami|67\/100\n|-enditem|p2a: Yami|Leftovers|[from] move: Knock Off|[of] p1a: Whimsicott\n|\n|upkeep\n|turn|6\n|\n|t:|1697294242\n|move|p2a: Yami|Fake Out|p1a: Whimsicott\n|-crit|p1a: Whimsicott\n|-damage|p1a: Whimsicott|75\/100\n|move|p1b: Iron Bundle|Taunt|p2a: Yami\n|-start|p2a: Yami|move: Taunt\n|move|p1a: Whimsicott|Knock Off|p2b: Aegislash\n|-supereffective|p2b: Aegislash\n|-damage|p2b: Aegislash|87\/100\n|-zpower|p2b: Aegislash\n|-formechange|p2b: Aegislash|Aegislash-Blade||[from] ability: Stance Change\n|move|p2b: Aegislash|Never-Ending Nightmare|p1b: Iron Bundle|[zeffect]\n|-damage|p1b: Iron Bundle|0 fnt\n|faint|p1b: Iron Bundle\n|-end|p1b: Iron Bundle|Quark Drive|[silent]\n|\n|upkeep\n|\n|t:|1697294249\n|switch|p1b: Moltres|Moltres-Galar|100\/100\n|turn|7\n|\n|t:|1697294261\n|switch|p2a: Kermit|Hydreigon, M|73\/100\n|-formechange|p2b: Aegislash|Aegislash||[from] ability: Stance Change\n|move|p2b: Aegislash|King's Shield|p2b: Aegislash\n|-singleturn|p2b: Aegislash|Protect\n|move|p1a: Whimsicott|Tailwind|p1a: Whimsicott\n|-sidestart|p1: Saramatbk|move: Tailwind\n|move|p1b: Moltres|Fiery Wrath|p2b: Aegislash|[spread] p2a\n|-activate|p2b: Aegislash|move: Protect\n|-resisted|p2a: Kermit\n|-damage|p2a: Kermit|58\/100\n|\n|upkeep\n|turn|8\n|\n|t:|1697294276\n|move|p2b: Aegislash|Wide Guard|p2b: Aegislash\n|-singleturn|p2b: Aegislash|Wide Guard\n|move|p1a: Whimsicott|Knock Off|p2a: Kermit\n|-resisted|p2a: Kermit\n|-damage|p2a: Kermit|52\/100\n|move|p1b: Moltres|Fiery Wrath|p2a: Kermit|[spread] \n|-activate|p2a: Kermit|move: Wide Guard\n|-activate|p2b: Aegislash|move: Wide Guard\n|move|p2a: Kermit|Snarl|p1b: Moltres|[spread] p1a,p1b\n|-resisted|p1a: Whimsicott\n|-resisted|p1b: Moltres\n|-damage|p1a: Whimsicott|62\/100\n|-damage|p1b: Moltres|93\/100\n|-unboost|p1b: Moltres|spa|1\n|\n|upkeep\n|turn|9\n|\n|t:|1697294292\n|move|p1a: Whimsicott|Knock Off|p2a: Kermit\n|-resisted|p2a: Kermit\n|-crit|p2a: Kermit\n|-damage|p2a: Kermit|44\/100\n|move|p1b: Moltres|Fiery Wrath|p2a: Kermit|[spread] p2a,p2b\n|-resisted|p2a: Kermit\n|-supereffective|p2b: Aegislash\n|-damage|p2a: Kermit|34\/100\n|-damage|p2b: Aegislash|57\/100\n|move|p2a: Kermit|Flash Cannon|p1a: Whimsicott\n|-supereffective|p1a: Whimsicott\n|-damage|p1a: Whimsicott|4\/100\n|-formechange|p2b: Aegislash|Aegislash-Blade||[from] ability: Stance Change\n|move|p2b: Aegislash|Iron Head|p1a: Whimsicott\n|-supereffective|p1a: Whimsicott\n|-damage|p1a: Whimsicott|0 fnt\n|faint|p1a: Whimsicott\n|\n|upkeep\n|\n|t:|1697294296\n|switch|p1a: Garchomp|Garchomp, M|68\/100 brn\n|turn|10\n|\n|t:|1697294306\n|-formechange|p2b: Aegislash|Aegislash||[from] ability: Stance Change\n|move|p2b: Aegislash|King's Shield|p2b: Aegislash\n|-singleturn|p2b: Aegislash|Protect\n|move|p1a: Garchomp|Outrage|p2b: Aegislash\n|-activate|p2b: Aegislash|move: Protect\n|-unboost|p1a: Garchomp|atk|1\n|move|p1b: Moltres|Fiery Wrath|p2b: Aegislash|[spread] p2a\n|-activate|p2b: Aegislash|move: Protect\n|-resisted|p2a: Kermit\n|-damage|p2a: Kermit|24\/100\n|move|p2a: Kermit|Snarl|p1b: Moltres|[spread] p1a,p1b\n|-crit|p1a: Garchomp\n|-resisted|p1b: Moltres\n|-damage|p1a: Garchomp|40\/100 brn\n|-damage|p1b: Moltres|86\/100\n|-unboost|p1a: Garchomp|spa|1\n|-unboost|p1b: Moltres|spa|1\n|\n|-damage|p1a: Garchomp|33\/100 brn|[from] brn\n|-sideend|p1: Saramatbk|move: Tailwind\n|upkeep\n|turn|11\n|\n|t:|1697294324\n|move|p1a: Garchomp|Outrage|p2b: Aegislash\n|-resisted|p2b: Aegislash\n|-damage|p2b: Aegislash|47\/100\n|move|p2a: Kermit|Snarl|p1a: Garchomp|[spread] p1a,p1b\n|-resisted|p1b: Moltres\n|-damage|p1a: Garchomp|14\/100 brn\n|-damage|p1b: Moltres|79\/100\n|-unboost|p1a: Garchomp|spa|1\n|-unboost|p1b: Moltres|spa|1\n|move|p1b: Moltres|Fiery Wrath|p2a: Kermit|[spread] p2a,p2b\n|-resisted|p2a: Kermit\n|-supereffective|p2b: Aegislash\n|-damage|p2a: Kermit|19\/100\n|-damage|p2b: Aegislash|28\/100\n|-formechange|p2b: Aegislash|Aegislash-Blade||[from] ability: Stance Change\n|move|p2b: Aegislash|Shadow Ball|p1a: Garchomp\n|-crit|p1a: Garchomp\n|-damage|p1a: Garchomp|0 fnt\n|faint|p1a: Garchomp\n|\n|upkeep\n|\n|t:|1697294328\n|switch|p1a: Salamence|Salamence, M, shiny|100\/100\n|-ability|p1a: Salamence|Intimidate|boost\n|-unboost|p2a: Kermit|atk|1\n|-unboost|p2b: Aegislash|atk|1\n|turn|12\n|\n|t:|1697294341\n|switch|p2a: Iggy|Granbull, F|24\/100\n|-ability|p2a: Iggy|Intimidate|boost\n|-unboost|p1a: Salamence|atk|1\n|-unboost|p1b: Moltres|atk|1\n|detailschange|p1a: Salamence|Salamence-Mega, M, shiny\n|-mega|p1a: Salamence|Salamence|Salamencite\n|-formechange|p2b: Aegislash|Aegislash||[from] ability: Stance Change\n|move|p2b: Aegislash|King's Shield|p2b: Aegislash\n|-singleturn|p2b: Aegislash|Protect\n|move|p1a: Salamence|Brick Break|p2a: Iggy\n|-resisted|p2a: Iggy\n|-damage|p2a: Iggy|13\/100\n|move|p1b: Moltres|Fiery Wrath|p2a: Iggy|[spread] p2a\n|-activate|p2b: Aegislash|move: Protect\n|-resisted|p2a: Iggy\n|-damage|p2a: Iggy|5\/100\n|\n|upkeep\n|turn|13\n|\n|t:|1697294359\n|move|p1a: Salamence|Return|p2a: Iggy\n|-damage|p2a: Iggy|0 fnt\n|faint|p2a: Iggy\n|move|p1b: Moltres|Fiery Wrath|p2b: Aegislash\n|-supereffective|p2b: Aegislash\n|-damage|p2b: Aegislash|2\/100\n|-formechange|p2b: Aegislash|Aegislash-Blade||[from] ability: Stance Change\n|move|p2b: Aegislash|Iron Head|p1a: Salamence\n|-damage|p1a: Salamence|81\/100\n|\n|upkeep\n|\n|t:|1697294369\n|switch|p2a: Yami|Sableye, M|67\/100\n|turn|14\n|\n|t:|1697294390\n|-terastallize|p1b: Moltres|Dark\n|move|p2b: Aegislash|Wide Guard|p2b: Aegislash\n|-singleturn|p2b: Aegislash|Wide Guard\n|move|p2a: Yami|Will-O-Wisp|p1a: Salamence\n|-status|p1a: Salamence|brn\n|move|p1a: Salamence|Dragon Dance|p1a: Salamence\n|-boost|p1a: Salamence|atk|1\n|-boost|p1a: Salamence|spe|1\n|move|p1b: Moltres|Fiery Wrath|p2a: Yami|[spread] \n|-activate|p2a: Yami|move: Wide Guard\n|-activate|p2b: Aegislash|move: Wide Guard\n|\n|-damage|p1a: Salamence|75\/100 brn|[from] brn\n|upkeep\n|turn|15\n|\n|t:|1697294411\n|move|p2b: Aegislash|Wide Guard|p2b: Aegislash\n|-singleturn|p2b: Aegislash|Wide Guard\n|move|p1a: Salamence|Return|p2a: Yami\n|-damage|p2a: Yami|15\/100\n|move|p1b: Moltres|Fiery Wrath|p2b: Aegislash|[spread] \n|-activate|p2a: Yami|move: Wide Guard\n|-activate|p2b: Aegislash|move: Wide Guard\n|move|p2a: Yami|Foul Play|p1a: Salamence\n|-damage|p1a: Salamence|30\/100 brn\n|\n|-damage|p1a: Salamence|23\/100 brn|[from] brn\n|upkeep\n|turn|16\n|\n|t:|1697294420\n|switch|p2a: Kermit|Hydreigon, M|19\/100\n|move|p1a: Salamence|Return|p2a: Kermit\n|-damage|p2a: Kermit|0 fnt\n|faint|p2a: Kermit\n|move|p1b: Moltres|Fiery Wrath|p2b: Aegislash\n|-supereffective|p2b: Aegislash\n|-damage|p2b: Aegislash|0 fnt\n|faint|p2b: Aegislash\n|\n|-damage|p1a: Salamence|17\/100 brn|[from] brn\n|upkeep\n|\n|t:|1697294424\n|switch|p2a: Charizard|Charizard, M|24\/100\n|switch|p2b: Yami|Sableye, M|15\/100\n|turn|17\n|\n|t:|1697294433\n|-terastallize|p2a: Charizard|Fire\n|move|p2b: Yami|Fake Out|p1a: Salamence\n|-damage|p1a: Salamence|11\/100 brn\n|cant|p1a: Salamence|flinch\n|move|p2a: Charizard|Overheat|p1b: Moltres\n|-damage|p1b: Moltres|12\/100\n|-unboost|p2a: Charizard|spa|2\n|-ability|p1b: Moltres|Berserk|boost\n|-boost|p1b: Moltres|spa|1\n|-enditem|p1b: Moltres|Sitrus Berry|[eat]\n|-heal|p1b: Moltres|37\/100|[from] item: Sitrus Berry\n|move|p1b: Moltres|Fiery Wrath|p2b: Yami|[spread] p2a,p2b\n|-damage|p2a: Charizard|0 fnt\n|-damage|p2b: Yami|0 fnt\n|faint|p2a: Charizard\n|faint|p2b: Yami\n|\n|-damage|p1a: Salamence|5\/100 brn|[from] brn\n|upkeep\n|\n|t:|1697294439\n|switch|p2b: Dragapult|Dragapult, M|100\/100\n|turn|18\n|\n|t:|1697294455\n|move|p1a: Salamence|Dragon Claw|p2b: Dragapult\n|-supereffective|p2b: Dragapult\n|-damage|p2b: Dragapult|45\/100\n|-enditem|p2b: Dragapult|Sitrus Berry|[eat]\n|-heal|p2b: Dragapult|70\/100|[from] item: Sitrus Berry\n|move|p2b: Dragapult|U-turn|p1b: Moltres\n|-supereffective|p1b: Moltres\n|-damage|p1b: Moltres|0 fnt\n|faint|p1b: Moltres\n|\n|-damage|p1a: Salamence|0 fnt|[from] brn\n|faint|p1a: Salamence\n|\n|win|fumbari 24\n|upkeep\n|raw|Saramatbk's rating: 1349 &rarr; <strong>1329<\/strong><br \/>(-20 for losing)\n|raw|fumbari 24's rating: 1344 &rarr; <strong>1364<\/strong><br \/>(+20 for winning)\n","uploadtime":1697294461,"views":9,"p1id":"saramatbk","p2id":"fumbari24","formatid":"gen9nationaldexdoubles","rating":1329,"private":0,"password":""}