{"id":"gen9nationaldexdoubles-1993562263","p1":"LunaVicta","p2":"BriefMarigold4","format":"[Gen 9] National Dex Doubles","log":"|j|\u2606LunaVicta\n|j|\u2606BriefMarigold4\n|t:|1700332024\n|gametype|doubles\n|player|p1|LunaVicta|1|\n|player|p2|BriefMarigold4|169|\n|teamsize|p1|6\n|teamsize|p2|6\n|gen|9\n|tier|[Gen 9] National Dex Doubles\n|rule|HP Percentage Mod: HP is shown in percentages\n|rule|Endless Battle Clause: Forcing endless battles is banned\n|rule|OHKO Clause: OHKO moves are banned\n|rule|Evasion Moves Clause: Evasion moves are banned\n|rule|Evasion Abilities Clause: Evasion abilities are banned\n|rule|Species Clause: Limit one of each Pok\u00e9mon\n|rule|Gravity Sleep Clause: The combination of sleep-inducing moves with imperfect accuracy and Gravity or Gigantamax Orbeetle are banned\n|clearpoke\n|poke|p1|Charizard, F|\n|poke|p1|Ogerpon-Hearthflame, F|\n|poke|p1|Whimsicott, M|\n|poke|p1|Chien-Pao|\n|poke|p1|Marshadow|\n|poke|p1|Flutter Mane|\n|poke|p2|Jirachi|\n|poke|p2|Sinistcha-Masterpiece|\n|poke|p2|Snorlax, F|\n|poke|p2|Charizard, M|\n|poke|p2|Landorus-Therian, M|\n|poke|p2|Volcanion|\n|teampreview\n|c|\u2606BriefMarigold4|ok i picked the same team again\n|c|\u2606BriefMarigold4|oh well\n|c|\u2606LunaVicta|remake?\n|c|\u2606BriefMarigold4|nah it's fine\n|c|\u2606BriefMarigold4|i think\n|\n|t:|1700332077\n|start\n|switch|p1a: Charizard|Charizard, F|100\/100\n|switch|p1b: Whimsicott|Whimsicott, M|100\/100\n|switch|p2a: Snorlax|Snorlax, F|100\/100\n|switch|p2b: Landorus|Landorus-Therian, M|100\/100\n|-ability|p2b: Landorus|Intimidate|boost\n|-unboost|p1a: Charizard|atk|1\n|-unboost|p1b: Whimsicott|atk|1\n|turn|1\n|\n|t:|1700332099\n|switch|p2b: Volcanion|Volcanion|100\/100\n|detailschange|p1a: Charizard|Charizard-Mega-Y, F\n|-mega|p1a: Charizard|Charizard|Charizardite Y\n|-weather|SunnyDay|[from] ability: Drought|[of] p1a: Charizard\n|move|p1a: Charizard|Heat Wave|p2a: Snorlax|[spread] p2a,p2b\n|-resisted|p2b: Volcanion\n|-damage|p2a: Snorlax|86\/100\n|-damage|p2b: Volcanion|90\/100\n|move|p1b: Whimsicott|Moonblast|p2a: Snorlax\n|-damage|p2a: Snorlax|67\/100\n|move|p2a: Snorlax|Return|p1b: Whimsicott\n|-damage|p1b: Whimsicott|47\/100\n|\n|-weather|SunnyDay|[upkeep]\n|-heal|p2a: Snorlax|73\/100|[from] item: Leftovers\n|upkeep\n|turn|2\n|j| Miss Toni\n|l| Miss Toni\n|\n|t:|1700332135\n|move|p1b: Whimsicott|Tailwind|p1b: Whimsicott\n|-sidestart|p1: LunaVicta|move: Tailwind\n|move|p1a: Charizard|Solar Beam||[still]\n|-prepare|p1a: Charizard|Solar Beam\n|-anim|p1a: Charizard|Solar Beam|p2a: Snorlax\n|-damage|p2a: Snorlax|48\/100\n|move|p2b: Volcanion|Steam Eruption|p1a: Charizard\n|-supereffective|p1a: Charizard\n|-damage|p1a: Charizard|52\/100\n|move|p2a: Snorlax|Return|p1a: Charizard\n|-damage|p1a: Charizard|0 fnt\n|faint|p1a: Charizard\n|\n|-weather|SunnyDay|[upkeep]\n|-heal|p2a: Snorlax|54\/100|[from] item: Leftovers\n|upkeep\n|\n|t:|1700332150\n|switch|p1a: Flutter Mane|Flutter Mane|100\/100\n|-activate|p1a: Flutter Mane|ability: Protosynthesis\n|-start|p1a: Flutter Mane|protosynthesisspe\n|turn|3\n|inactive|Battle timer is ON: inactive players will automatically lose when time's up. (requested by LunaVicta)\n|\n|t:|1700332167\n|move|p2a: Snorlax|Protect|p2a: Snorlax\n|-singleturn|p2a: Snorlax|Protect\n|move|p1b: Whimsicott|Encore|p2a: Snorlax\n|-activate|p2a: Snorlax|move: Protect\n|move|p1a: Flutter Mane|Thunderbolt|p2b: Volcanion\n|-supereffective|p2b: Volcanion\n|-damage|p2b: Volcanion|29\/100\n|move|p2b: Volcanion|Heat Wave|p1a: Flutter Mane|[spread] p1a,p1b\n|-crit|p1a: Flutter Mane\n|-supereffective|p1b: Whimsicott\n|-damage|p1a: Flutter Mane|19\/100\n|-damage|p1b: Whimsicott|0 fnt\n|faint|p1b: Whimsicott\n|\n|-weather|SunnyDay|[upkeep]\n|-heal|p2a: Snorlax|60\/100|[from] item: Leftovers\n|upkeep\n|\n|t:|1700332180\n|switch|p1b: Marshadow|Marshadow|100\/100\n|turn|4\n|inactive|BriefMarigold4 has 270 seconds left.\n|\n|t:|1700332214\n|switch|p2b: Jirachi|Jirachi|100\/100\n|switch|p2a: Landorus|Landorus-Therian, M|100\/100\n|-ability|p2a: Landorus|Intimidate|boost\n|-unboost|p1a: Flutter Mane|atk|1\n|-unboost|p1b: Marshadow|atk|1\n|move|p1a: Flutter Mane|Thunderbolt|p2b: Jirachi\n|-damage|p2b: Jirachi|64\/100\n|move|p1b: Marshadow|Spectral Thief|p2a: Landorus\n|-damage|p2a: Landorus|55\/100\n|-damage|p1b: Marshadow|91\/100|[from] item: Life Orb\n|\n|-weather|SunnyDay|[upkeep]\n|upkeep\n|turn|5\n|inactive|BriefMarigold4 has 270 seconds left.\n|inactive|LunaVicta has 270 seconds left.\n|\n|t:|1700332260\n|-end|p1a: Flutter Mane|Protosynthesis|[silent]\n|switch|p1a: Ogerpon|Ogerpon-Hearthflame, F|100\/100\n|-ability|p1a: Ogerpon|Mold Breaker\n|switch|p2b: Sinistcha|Sinistcha-Masterpiece|100\/100\n|-heal|p2a: Landorus|80\/100|[from] ability: Hospitality|[of] p2b: Sinistcha\n|move|p1b: Marshadow|Close Combat|p2b: Sinistcha\n|-immune|p2b: Sinistcha\n|move|p2a: Landorus|Stomping Tantrum|p1b: Marshadow\n|-damage|p1b: Marshadow|37\/100\n|\n|-weather|none\n|-sideend|p1: LunaVicta|move: Tailwind\n|upkeep\n|turn|6\n|inactive|LunaVicta has 270 seconds left.\n|inactive|BriefMarigold4 has 270 seconds left.\n|inactive|LunaVicta has 240 seconds left.\n|inactive|BriefMarigold4 has 240 seconds left.\n|\n|t:|1700332318\n|-terastallize|p2b: Sinistcha|Fire\n|move|p2a: Landorus|Stomping Tantrum|p1b: Marshadow\n|-damage|p1b: Marshadow|0 fnt\n|faint|p1b: Marshadow\n|move|p1a: Ogerpon|Ivy Cudgel|p2a: Landorus|[anim] Ivy Cudgel Fire\n|-damage|p2a: Landorus|9\/100\n|move|p2b: Sinistcha|Trick Room|p2b: Sinistcha\n|-fieldstart|move: Trick Room|[of] p2b: Sinistcha\n|\n|upkeep\n|\n|t:|1700332326\n|switch|p1b: Chien-Pao|Chien-Pao|100\/100\n|-ability|p1b: Chien-Pao|Sword of Ruin\n|turn|7\n|inactive|LunaVicta has 240 seconds left.\n|\n|t:|1700332358\n|switch|p2b: Volcanion|Volcanion|29\/100\n|move|p1b: Chien-Pao|Sucker Punch|p2a: Landorus\n|-damage|p2a: Landorus|0 fnt\n|faint|p2a: Landorus\n|move|p1a: Ogerpon|Swords Dance|p1a: Ogerpon\n|-boost|p1a: Ogerpon|atk|2\n|\n|upkeep\n|\n|t:|1700332365\n|switch|p2a: Sinistcha|Sinistcha-Masterpiece, tera:Fire|100\/100\n|-heal|p2b: Volcanion|53\/100|[from] ability: Hospitality|[of] p2a: Sinistcha\n|turn|8\n|inactive|LunaVicta has 240 seconds left.\n|\n|t:|1700332399\n|move|p1b: Chien-Pao|Protect|p1b: Chien-Pao\n|-singleturn|p1b: Chien-Pao|Protect\n|move|p2a: Sinistcha|Rage Powder|p2a: Sinistcha\n|-singleturn|p2a: Sinistcha|move: Rage Powder\n|move|p2b: Volcanion|Steam Eruption|p1a: Ogerpon\n|-damage|p1a: Ogerpon|27\/100\n|move|p1a: Ogerpon|Wood Hammer|p2b: Volcanion\n|-damage|p2b: Volcanion|0 fnt\n|faint|p2b: Volcanion\n|-damage|p1a: Ogerpon|6\/100|[from] Recoil\n|\n|upkeep\n|\n|t:|1700332416\n|switch|p2b: Charizard|Charizard, M|100\/100\n|turn|9\n|\n|t:|1700332440\n|detailschange|p2b: Charizard|Charizard-Mega-Y, M\n|-mega|p2b: Charizard|Charizard|Charizardite Y\n|-weather|SunnyDay|[from] ability: Drought|[of] p2b: Charizard\n|move|p1a: Ogerpon|Spiky Shield|p1a: Ogerpon\n|-singleturn|p1a: Ogerpon|move: Protect\n|move|p2a: Sinistcha|Matcha Gotcha|p1a: Ogerpon|[spread] p1b\n|-activate|p1a: Ogerpon|move: Protect\n|-damage|p1b: Chien-Pao|65\/100\n|move|p2b: Charizard|Heat Wave|p1b: Chien-Pao|[spread] p1b\n|-activate|p1a: Ogerpon|move: Protect\n|-supereffective|p1b: Chien-Pao\n|-damage|p1b: Chien-Pao|0 fnt\n|faint|p1b: Chien-Pao\n|\n|-weather|SunnyDay|[upkeep]\n|upkeep\n|inactive|LunaVicta has 240 seconds left.\n|\n|t:|1700332456\n|switch|p1b: Flutter Mane|Flutter Mane|19\/100\n|-activate|p1b: Flutter Mane|ability: Protosynthesis\n|-start|p1b: Flutter Mane|protosynthesisspe\n|turn|10\n|c|\u2606LunaVicta|gg\n|c|\u2606BriefMarigold4|gg\n|-message|LunaVicta forfeited.\n|\n|win|BriefMarigold4\n|c|\u2606LunaVicta|You have the replay links?\n|c|\u2606BriefMarigold4|ye\n|c|\u2606LunaVicta|Cool good luck on the rest of the tournament\n|l|\u2606LunaVicta\n","uploadtime":1700332475,"views":48,"p1id":"lunavicta","p2id":"briefmarigold4","formatid":"gen9nationaldexdoubles","rating":0,"private":0,"password":""}