{"id":"gen9nationaldexdoubles-1998623034","p1":"Theadonia","p2":"Bob Marlsparce","format":"[Gen 9] National Dex Doubles","log":"|j|\u2606Theadonia\n|j|\u2606Bob Marlsparce\n|t:|1700964213\n|gametype|doubles\n|player|p1|Theadonia|roxie|1112\n|player|p2|Bob Marlsparce|will|1178\n|teamsize|p1|6\n|teamsize|p2|6\n|gen|9\n|tier|[Gen 9] National Dex Doubles\n|rated|\n|rule|HP Percentage Mod: HP is shown in percentages\n|rule|Endless Battle Clause: Forcing endless battles is banned\n|rule|OHKO Clause: OHKO moves are banned\n|rule|Evasion Moves Clause: Evasion moves are banned\n|rule|Evasion Abilities Clause: Evasion abilities are banned\n|rule|Species Clause: Limit one of each Pok\u00e9mon\n|rule|Gravity Sleep Clause: The combination of sleep-inducing moves with imperfect accuracy and Gravity or Gigantamax Orbeetle are banned\n|clearpoke\n|poke|p1|Braviary-Hisui, M|\n|poke|p1|Oricorio-Sensu, M|\n|poke|p1|Barraskewda, F|\n|poke|p1|Riolu, F|\n|poke|p1|Cresselia, F|\n|poke|p1|Swoobat, M|\n|poke|p2|Dudunsparce-*, F|\n|poke|p2|Maushold-Four|\n|poke|p2|Grimmsnarl, M|\n|poke|p2|Glimmora, M|\n|poke|p2|Blacephalon|\n|poke|p2|Comfey, F|\n|teampreview\n|\n|t:|1700964219\n|start\n|switch|p1a: Oricorio|Oricorio-Sensu, M, shiny|100\/100\n|switch|p1b: Swoobat|Swoobat, M|100\/100\n|switch|p2a: pinky|Grimmsnarl, M|100\/100\n|switch|p2b: ethereal ass|Glimmora, M|100\/100\n|turn|1\n|\n|t:|1700964234\n|move|p2a: pinky|Light Screen|p2a: pinky\n|-sidestart|p2: Bob Marlsparce|move: Light Screen\n|move|p1b: Swoobat|Simple Beam|p1a: Oricorio\n|-endability|p1a: Oricorio|Dancer|[from] move: Simple Beam\n|-ability|p1a: Oricorio|Simple|[from] move: Simple Beam\n|move|p2b: ethereal ass|Mortal Spin|p1b: Swoobat|[spread] p1a,p1b\n|-resisted|p1a: Oricorio\n|-damage|p1a: Oricorio|99\/100\n|-damage|p1b: Swoobat|91\/100\n|-status|p1a: Oricorio|psn\n|-status|p1b: Swoobat|psn\n|move|p1a: Oricorio|Quiver Dance|p1a: Oricorio\n|-boost|p1a: Oricorio|spa|2\n|-boost|p1a: Oricorio|spd|2\n|-boost|p1a: Oricorio|spe|2\n|\n|-damage|p1a: Oricorio|86\/100 psn|[from] psn\n|-damage|p1b: Swoobat|79\/100 psn|[from] psn\n|upkeep\n|turn|2\n|\n|t:|1700964260\n|move|p1a: Oricorio|Quiver Dance|p1a: Oricorio\n|-boost|p1a: Oricorio|spa|2\n|-boost|p1a: Oricorio|spd|2\n|-boost|p1a: Oricorio|spe|2\n|move|p1b: Swoobat|Calm Mind|p1b: Swoobat\n|-boost|p1b: Swoobat|spa|2\n|-boost|p1b: Swoobat|spd|2\n|move|p2b: ethereal ass|Venoshock|p1a: Oricorio\n|-resisted|p1a: Oricorio\n|-damage|p1a: Oricorio|74\/100 psn\n|move|p2a: pinky|Spirit Break|p1a: Oricorio\n|-damage|p1a: Oricorio|48\/100 psn\n|-unboost|p1a: Oricorio|spa|2\n|\n|-damage|p1a: Oricorio|36\/100 psn|[from] psn\n|-damage|p1b: Swoobat|67\/100 psn|[from] psn\n|upkeep\n|turn|3\n|\n|t:|1700964297\n|move|p1a: Oricorio|Roost|p1a: Oricorio\n|-heal|p1a: Oricorio|86\/100 psn\n|-singleturn|p1a: Oricorio|move: Roost\n|move|p1b: Swoobat|Stored Power|p2b: ethereal ass\n|-supereffective|p2b: ethereal ass\n|-damage|p2b: ethereal ass|0 fnt\n|faint|p2b: ethereal ass\n|move|p2a: pinky|Spirit Break|p1a: Oricorio\n|-damage|p1a: Oricorio|57\/100 psn\n|-unboost|p1a: Oricorio|spa|2\n|\n|-damage|p1a: Oricorio|45\/100 psn|[from] psn\n|-damage|p1b: Swoobat|54\/100 psn|[from] psn\n|upkeep\n|\n|t:|1700964320\n|switch|p2b: baby makers|Maushold-Four|100\/100\n|turn|4\n|\n|t:|1700964333\n|move|p1a: Oricorio|Quiver Dance|p1a: Oricorio\n|-boost|p1a: Oricorio|spa|2\n|-boost|p1a: Oricorio|spd|2\n|-boost|p1a: Oricorio|spe|2\n|move|p1b: Swoobat|Stored Power|p2b: baby makers\n|-damage|p2b: baby makers|22\/100\n|move|p2b: baby makers|Population Bomb|p1a: Oricorio\n|-immune|p1a: Oricorio\n|move|p2a: pinky|Spirit Break|p1a: Oricorio\n|-damage|p1a: Oricorio|20\/100 psn\n|-unboost|p1a: Oricorio|spa|2\n|-enditem|p1a: Oricorio|Aguav Berry|[eat]\n|-heal|p1a: Oricorio|53\/100 psn|[from] item: Aguav Berry\n|\n|-damage|p1a: Oricorio|41\/100 psn|[from] psn\n|-damage|p1b: Swoobat|42\/100 psn|[from] psn\n|upkeep\n|turn|5\n|c|\u2606Bob Marlsparce|OML\n|c|\u2606Bob Marlsparce|FORGOT IT WAS A GHOST\n|\n|t:|1700964368\n|move|p2b: baby makers|Protect|p2b: baby makers\n|-singleturn|p2b: baby makers|Protect\n|move|p1a: Oricorio|Baton Pass|p1a: Oricorio\n|c|\u2606Theadonia|spoopy bird\n|\n|t:|1700964373\n|switch|p1a: Braviary|Braviary-Hisui, M|100\/100|[from] Baton Pass\n|move|p1b: Swoobat|Heat Wave|p2b: baby makers|[spread] p2a\n|-activate|p2b: baby makers|move: Protect\n|-damage|p2a: pinky|84\/100\n|move|p2a: pinky|Spirit Break|p1a: Braviary\n|-damage|p1a: Braviary|68\/100\n|-unboost|p1a: Braviary|spa|1\n|\n|-damage|p1b: Swoobat|30\/100 psn|[from] psn\n|upkeep\n|turn|6\n|\n|t:|1700964395\n|move|p2a: pinky|Thunder Wave|p1a: Braviary\n|-status|p1a: Braviary|par\n|move|p1b: Swoobat|Stored Power|p2b: baby makers\n|-damage|p2b: baby makers|0 fnt\n|faint|p2b: baby makers\n|move|p1a: Braviary|Air Slash|p2a: pinky\n|-damage|p2a: pinky|67\/100\n|\n|-damage|p1b: Swoobat|17\/100 psn|[from] psn\n|upkeep\n|\n|t:|1700964412\n|switch|p2b: abal beads|Comfey, F, shiny|100\/100\n|turn|7\n|\n|t:|1700964430\n|move|p1b: Swoobat|Heat Wave|p2b: abal beads|[spread] p2a,p2b\n|-damage|p2a: pinky|50\/100\n|-damage|p2b: abal beads|77\/100\n|-status|p2a: pinky|brn\n|cant|p1a: Braviary|par\n|move|p2b: abal beads|Leech Seed|p1a: Braviary\n|-start|p1a: Braviary|move: Leech Seed\n|move|p2a: pinky|Spirit Break|p1a: Braviary\n|-damage|p1a: Braviary|53\/100 par\n|-unboost|p1a: Braviary|spa|1\n|\n|-damage|p1a: Braviary|40\/100 par|[from] Leech Seed|[of] p2b: abal beads\n|-heal|p2b: abal beads|94\/100|[silent]\n|-damage|p1b: Swoobat|5\/100 psn|[from] psn\n|-damage|p2a: pinky|44\/100 brn|[from] brn\n|upkeep\n|turn|8\n|\n|t:|1700964465\n|switch|p1b: Cresselia|Cresselia, F|100\/100\n|move|p2a: pinky|Reflect|p2a: pinky\n|-sidestart|p2: Bob Marlsparce|Reflect\n|move|p1a: Braviary|Stored Power|p2b: abal beads\n|-damage|p2b: abal beads|46\/100\n|move|p2b: abal beads|Aromatherapy|p2b: abal beads\n|-activate|p2b: abal beads|move: Aromatherapy\n|-curestatus|p2a: pinky|brn|[msg]\n|\n|-damage|p1a: Braviary|28\/100 par|[from] Leech Seed|[of] p2b: abal beads\n|-heal|p2b: abal beads|63\/100|[silent]\n|-sideend|p2: Bob Marlsparce|move: Light Screen\n|upkeep\n|turn|9\n|\n|t:|1700964484\n|move|p2b: abal beads|Floral Healing|p2a: pinky\n|-heal|p2a: pinky|94\/100\n|move|p2a: pinky|Light Screen|p2a: pinky\n|-sidestart|p2: Bob Marlsparce|move: Light Screen\n|move|p1a: Braviary|Stored Power|p2b: abal beads\n|-damage|p2b: abal beads|8\/100\n|move|p1b: Cresselia|Lunar Blessing|p1b: Cresselia|[spread] p1a,p1b\n|-heal|p1a: Braviary|53\/100 par\n|-curestatus|p1a: Braviary|par|[msg]\n|\n|-damage|p1a: Braviary|41\/100|[from] Leech Seed|[of] p2b: abal beads\n|-heal|p2b: abal beads|25\/100|[silent]\n|upkeep\n|turn|10\n|\n|t:|1700964507\n|move|p2a: pinky|Thunder Wave|p1b: Cresselia\n|-status|p1b: Cresselia|par\n|move|p1a: Braviary|Stored Power|p2b: abal beads\n|-damage|p2b: abal beads|0 fnt\n|faint|p2b: abal beads\n|move|p1b: Cresselia|Lunar Blessing|p1b: Cresselia|[spread] p1a,p1b\n|-heal|p1a: Braviary|66\/100\n|-curestatus|p1b: Cresselia|par|[msg]\n|\n|upkeep\n|\n|t:|1700964521\n|switch|p2b: HELP MEE AAAHHHH|Blacephalon, shiny|100\/100\n|turn|11\n|\n|t:|1700964534\n|move|p2a: pinky|Thunder Wave|p1a: Braviary\n|-status|p1a: Braviary|par\n|move|p2b: HELP MEE AAAHHHH|Shadow Ball|p1a: Braviary\n|-supereffective|p1a: Braviary\n|-damage|p1a: Braviary|41\/100 par\n|move|p1a: Braviary|Stored Power|p2b: HELP MEE AAAHHHH\n|-damage|p2b: HELP MEE AAAHHHH|0 fnt\n|faint|p2b: HELP MEE AAAHHHH\n|move|p1b: Cresselia|Psych Up|p1a: Braviary\n|-copyboost|p1b: Cresselia|p1a: Braviary|[from] move: Psych Up\n|\n|upkeep\n|\n|t:|1700964550\n|switch|p2b: Nokokoko|Dudunsparce-Three-Segment, F, shiny|100\/100\n|turn|12\n|\n|t:|1700964567\n|-terastallize|p2b: Nokokoko|Psychic\n|move|p2a: pinky|Thunder Wave|p1b: Cresselia\n|-status|p1b: Cresselia|par\n|move|p1b: Cresselia|Lunar Blessing|p1b: Cresselia|[spread] p1a,p1b\n|-heal|p1a: Braviary|66\/100 par\n|-curestatus|p1a: Braviary|par|[msg]\n|-curestatus|p1b: Cresselia|par|[msg]\n|move|p1a: Braviary|Stored Power|p2b: Nokokoko\n|-resisted|p2b: Nokokoko\n|-damage|p2b: Nokokoko|60\/100\n|move|p2b: Nokokoko|Calm Mind|p2b: Nokokoko\n|-boost|p2b: Nokokoko|spa|1\n|-boost|p2b: Nokokoko|spd|1\n|\n|-heal|p2b: Nokokoko|67\/100|[from] item: Leftovers\n|-damage|p1a: Braviary|54\/100|[from] Leech Seed|[of] p2b: Nokokoko\n|-heal|p2b: Nokokoko|78\/100|[silent]\n|upkeep\n|turn|13\n|\n|t:|1700964597\n|move|p2a: pinky|Thunder Wave|p1b: Cresselia\n|-status|p1b: Cresselia|par\n|move|p1a: Braviary|Stored Power|p2b: Nokokoko\n|-resisted|p2b: Nokokoko\n|-damage|p2b: Nokokoko|49\/100\n|move|p1b: Cresselia|Stored Power|p2b: Nokokoko\n|-resisted|p2b: Nokokoko\n|-damage|p2b: Nokokoko|38\/100\n|move|p2b: Nokokoko|Blizzard|p1b: Cresselia|[spread] p1a,p1b\n|-supereffective|p1a: Braviary\n|-damage|p1a: Braviary|34\/100\n|-damage|p1b: Cresselia|95\/100 par\n|\n|-heal|p1b: Cresselia|100\/100 par|[from] item: Leftovers\n|-heal|p2b: Nokokoko|44\/100|[from] item: Leftovers\n|-damage|p1a: Braviary|22\/100|[from] Leech Seed|[of] p2b: Nokokoko\n|-heal|p2b: Nokokoko|55\/100|[silent]\n|upkeep\n|turn|14\n|\n|t:|1700964628\n|move|p2a: pinky|Thunder Wave|p1a: Braviary\n|-status|p1a: Braviary|par\n|cant|p1b: Cresselia|par\n|move|p1a: Braviary|Stored Power|p2b: Nokokoko\n|-resisted|p2b: Nokokoko\n|-damage|p2b: Nokokoko|25\/100\n|move|p2b: Nokokoko|Blizzard|p1b: Cresselia|[spread] p1a,p1b\n|-supereffective|p1a: Braviary\n|-damage|p1a: Braviary|2\/100 par\n|-damage|p1b: Cresselia|95\/100 par\n|\n|-heal|p1b: Cresselia|100\/100 par|[from] item: Leftovers\n|-heal|p2b: Nokokoko|31\/100|[from] item: Leftovers\n|-damage|p1a: Braviary|0 fnt|[from] Leech Seed|[of] p2b: Nokokoko\n|-heal|p2b: Nokokoko|33\/100|[silent]\n|faint|p1a: Braviary\n|upkeep\n|\n|t:|1700964641\n|switch|p1a: Swoobat|Swoobat, M|5\/100 psn\n|turn|15\n|\n|t:|1700964658\n|move|p1b: Cresselia|Lunar Blessing|p1b: Cresselia|[spread] p1a,p1b\n|-heal|p1a: Swoobat|30\/100 psn\n|-curestatus|p1a: Swoobat|psn|[msg]\n|-curestatus|p1b: Cresselia|par|[msg]\n|move|p1a: Swoobat|Simple Beam|p2a: pinky\n|-endability|p2a: pinky|Prankster|[from] move: Simple Beam\n|-ability|p2a: pinky|Simple|[from] move: Simple Beam\n|move|p2a: pinky|Spirit Break|p1b: Cresselia\n|-damage|p1b: Cresselia|79\/100\n|-unboost|p1b: Cresselia|spa|1\n|move|p2b: Nokokoko|Calm Mind|p2b: Nokokoko\n|-boost|p2b: Nokokoko|spa|1\n|-boost|p2b: Nokokoko|spd|1\n|\n|-heal|p1b: Cresselia|85\/100|[from] item: Leftovers\n|-heal|p2b: Nokokoko|39\/100|[from] item: Leftovers\n|-sideend|p2: Bob Marlsparce|Reflect\n|upkeep\n|turn|16\n|\n|t:|1700964690\n|move|p1b: Cresselia|Psych Up|p2b: Nokokoko\n|-copyboost|p1b: Cresselia|p2b: Nokokoko|[from] move: Psych Up\n|move|p1a: Swoobat|Simple Beam|p1b: Cresselia\n|-endability|p1b: Cresselia|Levitate|[from] move: Simple Beam\n|-ability|p1b: Cresselia|Simple|[from] move: Simple Beam\n|move|p2a: pinky|Spirit Break|p1a: Swoobat\n|-damage|p1a: Swoobat|0 fnt\n|faint|p1a: Swoobat\n|move|p2b: Nokokoko|Boomburst|p1b: Cresselia|[spread] p2a,p1b\n|-crit|p2a: pinky\n|-damage|p2a: pinky|1\/100\n|-damage|p1b: Cresselia|56\/100\n|\n|-heal|p1b: Cresselia|62\/100|[from] item: Leftovers\n|-heal|p2b: Nokokoko|45\/100|[from] item: Leftovers\n|-sideend|p2: Bob Marlsparce|move: Light Screen\n|upkeep\n|\n|t:|1700964696\n|switch|p1a: Barraskewda|Barraskewda, F|100\/100\n|turn|17\n|c|\u2606Bob Marlsparce|oh shi\n|c|\u2606Bob Marlsparce|im dead\n|c|\u2606Bob Marlsparce|gg\n|c|\u2606Theadonia|Ggwp\n|\n|t:|1700964725\n|move|p1a: Barraskewda|Aqua Jet|p2a: pinky\n|-damage|p2a: pinky|0 fnt\n|faint|p2a: pinky\n|move|p1b: Cresselia|Stored Power|p2b: Nokokoko\n|-resisted|p2b: Nokokoko\n|-damage|p2b: Nokokoko|27\/100\n|move|p2b: Nokokoko|Boomburst|p1b: Cresselia|[spread] p1a,p1b\n|-enditem|p1a: Barraskewda|Focus Sash\n|-damage|p1a: Barraskewda|1\/100\n|-damage|p1b: Cresselia|33\/100\n|\n|-heal|p1b: Cresselia|39\/100|[from] item: Leftovers\n|-heal|p2b: Nokokoko|34\/100|[from] item: Leftovers\n|upkeep\n|turn|18\n|\n|t:|1700964739\n|move|p1a: Barraskewda|Liquidation|p2b: Nokokoko\n|-damage|p2b: Nokokoko|0 fnt\n|faint|p2b: Nokokoko\n|\n|win|Theadonia\n|raw|Theadonia's rating: 1112 &rarr; <strong>1142<\/strong><br \/>(+30 for winning)\n|raw|Bob Marlsparce's rating: 1178 &rarr; <strong>1148<\/strong><br \/>(-30 for losing)\n","uploadtime":1700964744,"views":0,"p1id":"theadonia","p2id":"bobmarlsparce","formatid":"gen9nationaldexdoubles","rating":1142,"private":0,"password":""}