{"id":"gen9nationaldexdoubles-1973825813","p1":"Nintarona","p2":"EL GRAN CARPINCHO","format":"[Gen 9] National Dex Doubles","log":"|j|\u2606Nintarona\n|j|\u2606EL GRAN CARPINCHO\n|t:|1698017672\n|gametype|doubles\n|player|p1|Nintarona|roxie|\n|player|p2|EL GRAN CARPINCHO|bugcatcher-gen4dp|\n|teamsize|p1|6\n|teamsize|p2|6\n|gen|9\n|tier|[Gen 9] National Dex Doubles\n|rule|HP Percentage Mod: HP is shown in percentages\n|rule|Endless Battle Clause: Forcing endless battles is banned\n|rule|OHKO Clause: OHKO moves are banned\n|rule|Evasion Moves Clause: Evasion moves are banned\n|rule|Evasion Abilities Clause: Evasion abilities are banned\n|rule|Species Clause: Limit one of each Pok\u00e9mon\n|rule|Gravity Sleep Clause: The combination of sleep-inducing moves with imperfect accuracy and Gravity or Gigantamax Orbeetle are banned\n|clearpoke\n|poke|p1|Flutter Mane|\n|poke|p1|Skeledirge, F|\n|poke|p1|Gholdengo|\n|poke|p1|Dusclops, M|\n|poke|p1|Sinistcha-Masterpiece|\n|poke|p1|Dragapult, F|\n|poke|p2|Clefable, F|\n|poke|p2|Azumarill, M|\n|poke|p2|Ninetales-Alola, F|\n|poke|p2|Iron Valiant|\n|poke|p2|Ribombee, M|\n|poke|p2|Fezandipiti, M|\n|teampreview\n|j| elianm10\n|j| rarwolf10\n|\n|t:|1698017696\n|start\n|switch|p1a: Dusclops|Dusclops, M|100\/100\n|switch|p1b: Skeledirge|Skeledirge, F|100\/100\n|switch|p2a: LA MURRALLA CHINA|Ninetales-Alola, F|100\/100\n|switch|p2b: CARPINCHO|Azumarill, M, shiny|100\/100\n|-weather|Snow|[from] ability: Snow Warning|[of] p2a: LA MURRALLA CHINA\n|-ability|p1a: Dusclops|Pressure\n|turn|1\n|c| rarwolf10|SEXO\n|\n|t:|1698017740\n|switch|p1b: Gholdengo|Gholdengo|100\/100\n|move|p2a: LA MURRALLA CHINA|Aurora Veil|p2a: LA MURRALLA CHINA\n|-sidestart|p2: EL GRAN CARPINCHO|move: Aurora Veil\n|move|p2b: CARPINCHO|Belly Drum|p2b: CARPINCHO\n|-damage|p2b: CARPINCHO|50\/100\n|-setboost|p2b: CARPINCHO|atk|6|[from] move: Belly Drum\n|-enditem|p2b: CARPINCHO|Sitrus Berry|[eat]\n|-heal|p2b: CARPINCHO|75\/100|[from] item: Sitrus Berry\n|move|p1a: Dusclops|Seismic Toss|p2a: LA MURRALLA CHINA\n|-damage|p2a: LA MURRALLA CHINA|66\/100\n|\n|-weather|Snow|[upkeep]\n|upkeep\n|turn|2\n|\n|t:|1698017765\n|move|p2b: CARPINCHO|Aqua Jet|p1b: Gholdengo\n|-damage|p1b: Gholdengo|0 fnt\n|faint|p1b: Gholdengo\n|move|p2a: LA MURRALLA CHINA|Blizzard|p1a: Dusclops\n|-damage|p1a: Dusclops|80\/100\n|move|p1a: Dusclops|Haze|p1a: Dusclops\n|-clearallboost\n|\n|-weather|Snow|[upkeep]\n|upkeep\n|j| neroche\n|\n|t:|1698017779\n|switch|p1b: Flutter Mane|Flutter Mane|100\/100\n|-enditem|p1b: Flutter Mane|Booster Energy\n|-activate|p1b: Flutter Mane|ability: Protosynthesis|[fromitem]\n|-start|p1b: Flutter Mane|protosynthesisspe\n|turn|3\n|j| Reis Honig\n|\n|t:|1698017805\n|move|p2b: CARPINCHO|Aqua Jet|p1b: Flutter Mane\n|-damage|p1b: Flutter Mane|48\/100\n|move|p1b: Flutter Mane|Shadow Ball|p2b: CARPINCHO\n|-damage|p2b: CARPINCHO|39\/100\n|move|p2a: LA MURRALLA CHINA|Blizzard|p1b: Flutter Mane|[spread] p1a,p1b\n|-damage|p1a: Dusclops|66\/100\n|-damage|p1b: Flutter Mane|12\/100\n|move|p1a: Dusclops|Will-O-Wisp|p2b: CARPINCHO\n|-status|p2b: CARPINCHO|brn\n|\n|-weather|Snow|[upkeep]\n|-damage|p2b: CARPINCHO|32\/100 brn|[from] brn\n|upkeep\n|turn|4\n|\n|t:|1698017831\n|-end|p1b: Flutter Mane|Protosynthesis|[silent]\n|switch|p1b: Dragapult|Dragapult, F|100\/100\n|move|p2a: LA MURRALLA CHINA|Blizzard|p1b: Dragapult|[spread] p1a,p1b\n|-supereffective|p1b: Dragapult\n|-damage|p1a: Dusclops|50\/100\n|-damage|p1b: Dragapult|19\/100\n|move|p2b: CARPINCHO|Trailblaze|p1a: Dusclops\n|-damage|p1a: Dusclops|43\/100\n|-boost|p2b: CARPINCHO|spe|1\n|move|p1a: Dusclops|Poltergeist||[still]\n|-fail|p1a: Dusclops\n|\n|-weather|Snow|[upkeep]\n|-damage|p2b: CARPINCHO|26\/100 brn|[from] brn\n|upkeep\n|turn|5\n|\n|t:|1698017858\n|switch|p1b: Skeledirge|Skeledirge, F|100\/100\n|move|p2b: CARPINCHO|Aqua Jet|p1b: Skeledirge\n|-supereffective|p1b: Skeledirge\n|-damage|p1b: Skeledirge|86\/100\n|move|p2a: LA MURRALLA CHINA|Blizzard|p1a: Dusclops|[spread] p1a,p1b\n|-resisted|p1b: Skeledirge\n|-damage|p1a: Dusclops|29\/100\n|-damage|p1b: Skeledirge|69\/100\n|move|p1a: Dusclops|Poltergeist|p2a: LA MURRALLA CHINA\n|-activate|p2a: LA MURRALLA CHINA|move: Poltergeist|Light Clay\n|-damage|p2a: LA MURRALLA CHINA|46\/100\n|\n|-weather|none\n|-heal|p1b: Skeledirge|75\/100|[from] item: Leftovers\n|-damage|p2b: CARPINCHO|20\/100 brn|[from] brn\n|upkeep\n|turn|6\n|\n|t:|1698017899\n|switch|p2a: JUGADOR DE LOL|Fezandipiti, M|100\/100\n|move|p2b: CARPINCHO|Aqua Jet|p1a: Dusclops\n|-damage|p1a: Dusclops|21\/100\n|move|p1b: Skeledirge|Torch Song|p2a: JUGADOR DE LOL\n|-damage|p2a: JUGADOR DE LOL|82\/100\n|-boost|p1b: Skeledirge|spa|1\n|move|p1a: Dusclops|Poltergeist|p2a: JUGADOR DE LOL\n|-activate|p2a: JUGADOR DE LOL|move: Poltergeist|Black Sludge\n|-damage|p2a: JUGADOR DE LOL|61\/100\n|\n|-heal|p2a: JUGADOR DE LOL|67\/100|[from] item: Black Sludge\n|-heal|p1b: Skeledirge|81\/100|[from] item: Leftovers\n|-damage|p2b: CARPINCHO|14\/100 brn|[from] brn\n|upkeep\n|turn|7\n|\n|t:|1698017940\n|move|p2b: CARPINCHO|Aqua Jet|p1b: Skeledirge\n|-supereffective|p1b: Skeledirge\n|-damage|p1b: Skeledirge|67\/100\n|move|p2a: JUGADOR DE LOL|Dazzling Gleam|p1a: Dusclops|[spread] p1a,p1b\n|-resisted|p1b: Skeledirge\n|-damage|p1a: Dusclops|10\/100\n|-damage|p1b: Skeledirge|56\/100\n|-status|p1a: Dusclops|tox|[from] ability: Toxic Chain|[of] p2a: JUGADOR DE LOL\n|move|p1b: Skeledirge|Hex|p2b: CARPINCHO\n|-damage|p2b: CARPINCHO|0 fnt\n|faint|p2b: CARPINCHO\n|move|p1a: Dusclops|Will-O-Wisp|p2a: JUGADOR DE LOL\n|-status|p2a: JUGADOR DE LOL|brn\n|\n|-heal|p2a: JUGADOR DE LOL|73\/100 brn|[from] item: Black Sludge\n|-heal|p1b: Skeledirge|62\/100|[from] item: Leftovers\n|-damage|p1a: Dusclops|4\/100 tox|[from] psn\n|-damage|p2a: JUGADOR DE LOL|67\/100 brn|[from] brn\n|upkeep\n|\n|t:|1698017962\n|switch|p2b: NO-BINARIO|Iron Valiant|100\/100\n|turn|8\n|\n|t:|1698017982\n|move|p2b: NO-BINARIO|Liquidation|p1b: Skeledirge\n|-supereffective|p1b: Skeledirge\n|-damage|p1b: Skeledirge|26\/100\n|-unboost|p1b: Skeledirge|def|1\n|move|p2a: JUGADOR DE LOL|Dazzling Gleam|p1a: Dusclops|[spread] p1a,p1b\n|-resisted|p1b: Skeledirge\n|-damage|p1a: Dusclops|0 fnt\n|-damage|p1b: Skeledirge|16\/100\n|-status|p1b: Skeledirge|tox|[from] ability: Toxic Chain|[of] p2a: JUGADOR DE LOL\n|faint|p1a: Dusclops\n|move|p1b: Skeledirge|Hex|p2a: JUGADOR DE LOL\n|-damage|p2a: JUGADOR DE LOL|24\/100 brn\n|\n|-heal|p2a: JUGADOR DE LOL|30\/100 brn|[from] item: Black Sludge\n|-heal|p1b: Skeledirge|22\/100 tox|[from] item: Leftovers\n|-damage|p1b: Skeledirge|16\/100 tox|[from] psn\n|-damage|p2a: JUGADOR DE LOL|24\/100 brn|[from] brn\n|-sideend|p2: EL GRAN CARPINCHO|move: Aurora Veil\n|upkeep\n|\n|t:|1698017998\n|switch|p1a: Sinistcha|Sinistcha-Masterpiece|100\/100\n|-heal|p1b: Skeledirge|41\/100 tox|[from] ability: Hospitality|[of] p1a: Sinistcha\n|turn|9\n|\n|t:|1698018011\n|move|p2b: NO-BINARIO|Liquidation|p1b: Skeledirge\n|-supereffective|p1b: Skeledirge\n|-damage|p1b: Skeledirge|0 fnt\n|faint|p1b: Skeledirge\n|move|p2a: JUGADOR DE LOL|Venoshock|p1a: Sinistcha\n|-damage|p1a: Sinistcha|73\/100\n|move|p1a: Sinistcha|Strength Sap|p2b: NO-BINARIO\n|-unboost|p2b: NO-BINARIO|atk|1\n|-heal|p1a: Sinistcha|100\/100\n|\n|-heal|p2a: JUGADOR DE LOL|30\/100 brn|[from] item: Black Sludge\n|-damage|p2a: JUGADOR DE LOL|24\/100 brn|[from] brn\n|upkeep\n|\n|t:|1698018025\n|switch|p1b: Flutter Mane|Flutter Mane|12\/100\n|turn|10\n|\n|t:|1698018039\n|-terastallize|p1b: Flutter Mane|Fairy\n|move|p1a: Sinistcha|Rage Powder|p1a: Sinistcha\n|-singleturn|p1a: Sinistcha|move: Rage Powder\n|move|p1b: Flutter Mane|Dazzling Gleam|p2a: JUGADOR DE LOL|[spread] p2a,p2b\n|-resisted|p2a: JUGADOR DE LOL\n|-supereffective|p2b: NO-BINARIO\n|-damage|p2a: JUGADOR DE LOL|5\/100 brn\n|-damage|p2b: NO-BINARIO|0 fnt\n|faint|p2b: NO-BINARIO\n|-end|p2b: NO-BINARIO|Quark Drive|[silent]\n|move|p2a: JUGADOR DE LOL|Air Cutter|p1b: Flutter Mane|[spread] p1a,p1b\n|-supereffective|p1a: Sinistcha\n|-damage|p1a: Sinistcha|77\/100\n|-damage|p1b: Flutter Mane|1\/100\n|-status|p1b: Flutter Mane|tox|[from] ability: Toxic Chain|[of] p2a: JUGADOR DE LOL\n|\n|-heal|p2a: JUGADOR DE LOL|11\/100 brn|[from] item: Black Sludge\n|-damage|p1b: Flutter Mane|0 fnt|[from] psn\n|faint|p1b: Flutter Mane\n|-end|p1b: Flutter Mane|Protosynthesis|[silent]\n|-damage|p2a: JUGADOR DE LOL|5\/100 brn|[from] brn\n|upkeep\n|\n|t:|1698018057\n|switch|p1b: Dragapult|Dragapult, F|19\/100\n|switch|p2b: SOPORTE|Ribombee, M|100\/100\n|turn|11\n|\n|t:|1698018071\n|move|p1a: Sinistcha|Rage Powder|p1a: Sinistcha\n|-singleturn|p1a: Sinistcha|move: Rage Powder\n|move|p1b: Dragapult|Phantom Force||[still]\n|-prepare|p1b: Dragapult|Phantom Force\n|move|p2b: SOPORTE|Pollen Puff|p1a: Sinistcha\n|-damage|p1a: Sinistcha|43\/100\n|move|p2a: JUGADOR DE LOL|Air Cutter|p1a: Sinistcha|[spread] p1a\n|-miss|p2a: JUGADOR DE LOL|p1b: Dragapult\n|-supereffective|p1a: Sinistcha\n|-damage|p1a: Sinistcha|20\/100\n|-status|p1a: Sinistcha|tox|[from] ability: Toxic Chain|[of] p2a: JUGADOR DE LOL\n|\n|-heal|p2a: JUGADOR DE LOL|11\/100 brn|[from] item: Black Sludge\n|-damage|p1a: Sinistcha|14\/100 tox|[from] psn\n|-damage|p2a: JUGADOR DE LOL|5\/100 brn|[from] brn\n|upkeep\n|turn|12\n|c|\u2606EL GRAN CARPINCHO|INTENTE CURAR MI POKE CON POLLEN PUFF\n|\n|t:|1698018104\n|move|p1b: Dragapult|Phantom Force|p2b: SOPORTE|[from]lockedmove\n|-damage|p2b: SOPORTE|44\/100\n|move|p2b: SOPORTE|Quiver Dance|p2b: SOPORTE\n|-boost|p2b: SOPORTE|spa|1\n|-boost|p2b: SOPORTE|spd|1\n|-boost|p2b: SOPORTE|spe|1\n|move|p2a: JUGADOR DE LOL|Air Cutter|p1b: Dragapult|[spread] p1a,p1b\n|-supereffective|p1a: Sinistcha\n|-damage|p1a: Sinistcha|0 fnt\n|-damage|p1b: Dragapult|5\/100\n|faint|p1a: Sinistcha\n|\n|-heal|p2a: JUGADOR DE LOL|11\/100 brn|[from] item: Black Sludge\n|-damage|p2a: JUGADOR DE LOL|5\/100 brn|[from] brn\n|upkeep\n|turn|13\n|\n|t:|1698018120\n|move|p2b: SOPORTE|Moonblast|p1b: Dragapult\n|-supereffective|p1b: Dragapult\n|-damage|p1b: Dragapult|0 fnt\n|faint|p1b: Dragapult\n|\n|win|EL GRAN CARPINCHO\n|c| rarwolf10|gg\n|l|\u2606Nintarona\n|l| rarwolf10\n|l| Reis Honig\n|j| rarwolf10\n","uploadtime":1698018199,"views":13,"p1id":"nintarona","p2id":"elgrancarpincho","formatid":"gen9nationaldexdoubles","rating":0,"private":0,"password":""}