{"id":"gen9nationaldexdoubles-1970669627","p1":"JaoaGabriel","p2":"UltraVapor","format":"[Gen 9] National Dex Doubles","log":"|j|\u2606JaoaGabriel\n|j|\u2606UltraVapor\n|t:|1697656849\n|gametype|doubles\n|player|p1|JaoaGabriel|n|1043\n|player|p2|UltraVapor|shelly|1026\n|teamsize|p1|6\n|teamsize|p2|6\n|gen|9\n|tier|[Gen 9] National Dex Doubles\n|rated|\n|rule|HP Percentage Mod: HP is shown in percentages\n|rule|Endless Battle Clause: Forcing endless battles is banned\n|rule|OHKO Clause: OHKO moves are banned\n|rule|Evasion Moves Clause: Evasion moves are banned\n|rule|Evasion Abilities Clause: Evasion abilities are banned\n|rule|Species Clause: Limit one of each Pok\u00e9mon\n|rule|Gravity Sleep Clause: The combination of sleep-inducing moves with imperfect accuracy and Gravity or Gigantamax Orbeetle are banned\n|clearpoke\n|poke|p1|Mimikyu, F|\n|poke|p1|Charizard, M|\n|poke|p1|Garchomp, M|\n|poke|p1|Swampert, M|\n|poke|p1|Venusaur, F|\n|poke|p1|Magnezone|\n|poke|p2|Ninetales-Alola, F|\n|poke|p2|Baxcalibur, M|\n|poke|p2|Chien-Pao|\n|poke|p2|Iron Bundle|\n|poke|p2|Avalugg-Hisui, M|\n|poke|p2|Glaceon, M|\n|teampreview\n|\n|t:|1697656861\n|start\n|switch|p1a: Akaxa|Swampert, M, shiny|100\/100\n|switch|p1b: Calango voador|Charizard, M, shiny|100\/100\n|switch|p2a: Ninetales|Ninetales-Alola, F|100\/100\n|switch|p2b: Avalugg|Avalugg-Hisui, M, shiny|100\/100\n|-weather|Snow|[from] ability: Snow Warning|[of] p2a: Ninetales\n|turn|1\n|\n|t:|1697656883\n|move|p2a: Ninetales|Freeze-Dry|p1a: Akaxa\n|-supereffective|p1a: Akaxa\n|-damage|p1a: Akaxa|0 fnt\n|faint|p1a: Akaxa\n|move|p1b: Calango voador|Fire Blast|p2b: Avalugg\n|-ability|p2b: Avalugg|Sturdy\n|-damage|p2b: Avalugg|1\/100\n|-status|p2b: Avalugg|brn\n|-enditem|p2b: Avalugg|Sitrus Berry|[eat]\n|-heal|p2b: Avalugg|26\/100 brn|[from] item: Sitrus Berry\n|move|p2b: Avalugg|Aurora Veil|p2b: Avalugg\n|-sidestart|p2: UltraVapor|move: Aurora Veil\n|\n|-weather|Snow|[upkeep]\n|-damage|p2b: Avalugg|20\/100 brn|[from] brn\n|upkeep\n|\n|t:|1697656908\n|switch|p1a: princesu|Garchomp, M, shiny|100\/100\n|turn|2\n|\n|t:|1697656924\n|switch|p2a: Baxcalibur|Baxcalibur, M|100\/100\n|move|p1a: princesu|Fire Blast|p2b: Avalugg\n|-damage|p2b: Avalugg|0 fnt\n|faint|p2b: Avalugg\n|move|p1b: Calango voador|Fire Blast|p2a: Baxcalibur\n|-damage|p2a: Baxcalibur|68\/100\n|-ability|p2a: Baxcalibur|Thermal Exchange|boost\n|-boost|p2a: Baxcalibur|atk|1\n|\n|-weather|Snow|[upkeep]\n|upkeep\n|\n|t:|1697656939\n|switch|p2b: Iron Bundle|Iron Bundle, shiny|100\/100\n|-enditem|p2b: Iron Bundle|Booster Energy\n|-activate|p2b: Iron Bundle|ability: Quark Drive|[fromitem]\n|-start|p2b: Iron Bundle|quarkdrivespa\n|turn|3\n|\n|t:|1697656958\n|detailschange|p1a: princesu|Garchomp-Mega, M, shiny\n|-mega|p1a: princesu|Garchomp|Garchompite\n|move|p2a: Baxcalibur|Ice Shard|p1a: princesu\n|-supereffective|p1a: princesu\n|-damage|p1a: princesu|5\/100\n|move|p2b: Iron Bundle|Hydro Pump|p1b: Calango voador\n|-supereffective|p1b: Calango voador\n|-damage|p1b: Calango voador|0 fnt\n|faint|p1b: Calango voador\n|move|p1a: princesu|Fire Blast|p2b: Iron Bundle\n|-damage|p2b: Iron Bundle|60\/100\n|-status|p2b: Iron Bundle|brn\n|\n|-weather|Snow|[upkeep]\n|-damage|p2b: Iron Bundle|54\/100 brn|[from] brn\n|upkeep\n|\n|t:|1697656980\n|switch|p1b: Luna|Mimikyu, F, shiny|100\/100\n|turn|4\n|\n|t:|1697657006\n|move|p2a: Baxcalibur|Ice Shard|p1a: princesu\n|-supereffective|p1a: princesu\n|-crit|p1a: princesu\n|-damage|p1a: princesu|0 fnt\n|faint|p1a: princesu\n|move|p2b: Iron Bundle|Ice Beam|p1b: Luna\n|-activate|p1b: Luna|ability: Disguise\n|-damage|p1b: Luna|100\/100\n|detailschange|p1b: Luna|Mimikyu-Busted, F, shiny\n|-damage|p1b: Luna|88\/100|[from] pokemon: Mimikyu-Busted\n|move|p1b: Luna|Toxic|p2a: Baxcalibur\n|-status|p2a: Baxcalibur|tox\n|\n|-weather|Snow|[upkeep]\n|-damage|p2a: Baxcalibur|62\/100 tox|[from] psn\n|-damage|p2b: Iron Bundle|48\/100 brn|[from] brn\n|upkeep\n|\n|t:|1697657028\n|switch|p1a: Coqueiro|Venusaur, F, shiny|100\/100\n|turn|5\n|\n|t:|1697657042\n|move|p2b: Iron Bundle|Hydro Pump|p1b: Luna\n|-damage|p1b: Luna|10\/100\n|move|p1a: Coqueiro|Frenzy Plant|p2b: Iron Bundle\n|-supereffective|p2b: Iron Bundle\n|-damage|p2b: Iron Bundle|0 fnt\n|-mustrecharge|p1a: Coqueiro\n|faint|p2b: Iron Bundle\n|-end|p2b: Iron Bundle|Quark Drive|[silent]\n|move|p1b: Luna|Play Rough|p2a: Baxcalibur\n|-supereffective|p2a: Baxcalibur\n|-damage|p2a: Baxcalibur|43\/100 tox\n|move|p2a: Baxcalibur|Icicle Spear|p1a: Coqueiro\n|-supereffective|p1a: Coqueiro\n|-damage|p1a: Coqueiro|58\/100\n|-supereffective|p1a: Coqueiro\n|-damage|p1a: Coqueiro|7\/100\n|-supereffective|p1a: Coqueiro\n|-damage|p1a: Coqueiro|0 fnt\n|faint|p1a: Coqueiro\n|-hitcount|p1: Coqueiro|3\n|\n|-weather|Snow|[upkeep]\n|-damage|p2a: Baxcalibur|30\/100 tox|[from] psn\n|-sideend|p2: UltraVapor|move: Aurora Veil\n|upkeep\n|\n|t:|1697657070\n|switch|p2b: Chien-Pao|Chien-Pao|100\/100\n|switch|p1a: PC|Magnezone|100\/100\n|-ability|p2b: Chien-Pao|Sword of Ruin\n|turn|6\n|\n|t:|1697657091\n|move|p2a: Baxcalibur|Ice Shard|p1b: Luna\n|-damage|p1b: Luna|0 fnt\n|faint|p1b: Luna\n|move|p2b: Chien-Pao|Sacred Sword|p1a: PC\n|-supereffective|p1a: PC\n|-damage|p1a: PC|0 fnt\n|faint|p1a: PC\n|\n|win|UltraVapor\n|raw|JaoaGabriel's rating: 1043 &rarr; <strong>1026<\/strong><br \/>(-17 for losing)\n|raw|UltraVapor's rating: 1026 &rarr; <strong>1064<\/strong><br \/>(+38 for winning)\n|c|\u2606UltraVapor|gg\n|l|\u2606JaoaGabriel\n","uploadtime":1697657171,"views":9,"p1id":"jaoagabriel","p2id":"ultravapor","formatid":"gen9nationaldexdoubles","rating":1026,"private":0,"password":""}