{"id":"gen9nationaldexdoubles-1988417187","p1":"toobionest","p2":"nithwashere","format":"[Gen 9] National Dex Doubles","log":"|j|\u2606toobionest\n|j|\u2606nithwashere\n|t:|1699720673\n|gametype|doubles\n|player|p1|toobionest|ghetsis|\n|player|p2|nithwashere|schoolkidf-gen4|\n|teamsize|p1|6\n|teamsize|p2|6\n|gen|9\n|tier|[Gen 9] National Dex Doubles\n|rule|HP Percentage Mod: HP is shown in percentages\n|rule|Endless Battle Clause: Forcing endless battles is banned\n|rule|OHKO Clause: OHKO moves are banned\n|rule|Evasion Moves Clause: Evasion moves are banned\n|rule|Evasion Abilities Clause: Evasion abilities are banned\n|rule|Species Clause: Limit one of each Pok\u00e9mon\n|rule|Gravity Sleep Clause: The combination of sleep-inducing moves with imperfect accuracy and Gravity or Gigantamax Orbeetle are banned\n|clearpoke\n|poke|p1|Honchkrow, F|\n|poke|p1|Riolu, F|\n|poke|p1|Iron Hands|\n|poke|p1|Aerodactyl, F|\n|poke|p1|Ninetales-Alola, M|\n|poke|p1|Dragonite, F|\n|poke|p2|Thundurus, M|\n|poke|p2|Gliscor, F|\n|poke|p2|Iron Moth|\n|poke|p2|Azumarill, M|\n|poke|p2|Mimikyu, F|\n|poke|p2|Gallade, M|\n|teampreview\n|inactive|Battle timer is ON: inactive players will automatically lose when time's up. (requested by toobionest)\n|\n|t:|1699720687\n|start\n|switch|p1a: Honchkrow|Honchkrow, F|100\/100\n|switch|p1b: Dragonite|Dragonite, F|100\/100\n|switch|p2a: Gallade|Gallade, M|100\/100\n|switch|p2b: Thundurus|Thundurus, M|100\/100\n|turn|1\n|inactive|nithwashere has 270 seconds left.\n|\n|t:|1699720725\n|move|p2b: Thundurus|Taunt|p1b: Dragonite\n|-start|p1b: Dragonite|move: Taunt\n|move|p2a: Gallade|Focus Blast|p1a: Honchkrow\n|-damage|p1a: Honchkrow|57\/100\n|move|p1b: Dragonite|Rock Slide|p2b: Thundurus|[spread] p2a,p2b\n|-resisted|p2a: Gallade\n|-supereffective|p2b: Thundurus\n|-damage|p2a: Gallade|81\/100\n|-damage|p2b: Thundurus|41\/100\n|move|p1a: Honchkrow|Dual Wingbeat|p2a: Gallade\n|-supereffective|p2a: Gallade\n|-damage|p2a: Gallade|6\/100\n|-supereffective|p2a: Gallade\n|-crit|p2a: Gallade\n|-damage|p2a: Gallade|0 fnt\n|faint|p2a: Gallade\n|-hitcount|p2: Gallade|2\n|\n|-heal|p2b: Thundurus|47\/100|[from] item: Leftovers\n|upkeep\n|c|\u2606nithwashere|bro\n|c|\u2606nithwashere|this shit needs to miss\n|c|\u2606nithwashere|smh\n|c|\u2606toobionest|OHHHH\n|c|\u2606toobionest|BLUNDER POLICY\n|c|\u2606toobionest|thats why\n|inactive|nithwashere has 240 seconds left.\n|\n|t:|1699720762\n|switch|p2a: Mimikyu|Mimikyu, F|100\/100\n|turn|2\n|c|\u2606nithwashere|no shit\n|inactive|nithwashere has 240 seconds left.\n|\n|t:|1699720789\n|switch|p2b: Azumarill|Azumarill, M|100\/100\n|move|p2a: Mimikyu|Play Rough|p1a: Honchkrow\n|-supereffective|p1a: Honchkrow\n|-damage|p1a: Honchkrow|0 fnt\n|faint|p1a: Honchkrow\n|move|p1b: Dragonite|Rock Slide|p2b: Azumarill|[spread] \n|-miss|p1b: Dragonite|p2a: Mimikyu\n|-miss|p1b: Dragonite|p2b: Azumarill\n|\n|upkeep\n|\n|t:|1699720803\n|switch|p1a: Riolu|Riolu, F|100\/100\n|turn|3\n|\n|t:|1699720818\n|move|p1a: Riolu|Attract|p2b: Azumarill\n|-start|p2b: Azumarill|Attract\n|move|p2a: Mimikyu|Play Rough|p1b: Dragonite\n|-supereffective|p1b: Dragonite\n|-damage|p1b: Dragonite|44\/100\n|-unboost|p1b: Dragonite|atk|1\n|move|p1b: Dragonite|Dual Wingbeat|p2a: Mimikyu\n|-activate|p2a: Mimikyu|ability: Disguise\n|-damage|p2a: Mimikyu|100\/100\n|detailschange|p2a: Mimikyu|Mimikyu-Busted, F\n|-damage|p2a: Mimikyu|88\/100|[from] pokemon: Mimikyu-Busted\n|-damage|p2a: Mimikyu|67\/100\n|-hitcount|p2a: Mimikyu|2\n|-activate|p2b: Azumarill|move: Attract|[of] p1a: Riolu\n|move|p2b: Azumarill|Play Rough|p1b: Dragonite\n|-supereffective|p1b: Dragonite\n|-damage|p1b: Dragonite|0 fnt\n|faint|p1b: Dragonite\n|\n|upkeep\n|c|\u2606nithwashere|scrazy\n|c|\u2606toobionest|chat\n|c|\u2606toobionest|is this real?\n|\n|t:|1699720839\n|switch|p1b: Aerodactyl|Aerodactyl, F|100\/100\n|turn|4\n|inactive|nithwashere has 270 seconds left.\n|inactive|nithwashere has 240 seconds left.\n|\n|t:|1699720883\n|switch|p2b: Thundurus|Thundurus, M|47\/100\n|detailschange|p1b: Aerodactyl|Aerodactyl-Mega, F\n|-mega|p1b: Aerodactyl|Aerodactyl|Aerodactylite\n|move|p1a: Riolu|Coaching|p1b: Aerodactyl\n|-boost|p1b: Aerodactyl|atk|1\n|-boost|p1b: Aerodactyl|def|1\n|move|p1b: Aerodactyl|Rock Slide|p2b: Thundurus|[spread] p2a,p2b\n|-supereffective|p2b: Thundurus\n|-damage|p2a: Mimikyu|0 fnt\n|-damage|p2b: Thundurus|0 fnt\n|faint|p2a: Mimikyu\n|faint|p2b: Thundurus\n|\n|upkeep\n|inactive|nithwashere has 240 seconds left.\n|\n|t:|1699720901\n|switch|p2b: Azumarill|Azumarill, M|100\/100\n|switch|p2a: Iron Moth|Iron Moth|100\/100\n|turn|5\n|\n|t:|1699720915\n|-terastallize|p2a: Iron Moth|Fighting\n|move|p1a: Riolu|Coaching|p1b: Aerodactyl\n|-boost|p1b: Aerodactyl|atk|1\n|-boost|p1b: Aerodactyl|def|1\n|move|p2b: Azumarill|Aqua Jet|p1b: Aerodactyl\n|-supereffective|p1b: Aerodactyl\n|-damage|p1b: Aerodactyl|53\/100\n|move|p1b: Aerodactyl|Rock Slide|p2a: Iron Moth|[spread] p2b\n|-miss|p1b: Aerodactyl|p2a: Iron Moth\n|-damage|p2b: Azumarill|43\/100\n|move|p2a: Iron Moth|Tera Blast|p1b: Aerodactyl|[anim] Tera Blast Fighting\n|-damage|p1b: Aerodactyl|1\/100\n|\n|upkeep\n|turn|6\n|inactive|toobionest has 270 seconds left.\n|\n|t:|1699720948\n|switch|p1b: Iron Hands|Iron Hands|100\/100\n|-enditem|p1b: Iron Hands|Booster Energy\n|-activate|p1b: Iron Hands|ability: Quark Drive|[fromitem]\n|-start|p1b: Iron Hands|quarkdriveatk\n|move|p1a: Riolu|Attract|p2b: Azumarill\n|-start|p2b: Azumarill|Attract\n|-activate|p2b: Azumarill|move: Attract|[of] p1a: Riolu\n|move|p2b: Azumarill|Aqua Jet|p1b: Iron Hands\n|-damage|p1b: Iron Hands|77\/100\n|move|p2a: Iron Moth|Fiery Dance|p1a: Riolu\n|-damage|p1a: Riolu|31\/100\n|-boost|p2a: Iron Moth|spa|1\n|\n|upkeep\n|turn|7\n|inactive|nithwashere has 270 seconds left.\n|inactive|toobionest has 270 seconds left.\n|inactive|nithwashere has 240 seconds left.\n|\n|t:|1699720992\n|-end|p2a: Iron Moth|Quark Drive|[silent]\n|switch|p2a: Gliscor|Gliscor, F|100\/100\n|-terastallize|p1b: Iron Hands|Water\n|move|p1b: Iron Hands|Fake Out|p2a: Gliscor\n|-damage|p2a: Gliscor|81\/100\n|move|p1a: Riolu|Toxic|p2a: Gliscor\n|-status|p2a: Gliscor|tox\n|-activate|p2b: Azumarill|move: Attract|[of] p1a: Riolu\n|move|p2b: Azumarill|Aqua Jet|p1a: Riolu\n|-crit|p1a: Riolu\n|-damage|p1a: Riolu|0 fnt\n|faint|p1a: Riolu\n|-end|p2b: Azumarill|Attract|[silent]\n|\n|-heal|p2a: Gliscor|93\/100 tox|[from] ability: Poison Heal\n|upkeep\n|c|\u2606toobionest|how the turn tables\n|\n|t:|1699721008\n|switch|p1a: Ninetales|Ninetales-Alola, M|100\/100\n|-weather|Snow|[from] ability: Snow Warning|[of] p1a: Ninetales\n|turn|8\n|\n|t:|1699721037\n|move|p2b: Azumarill|Aqua Jet|p1a: Ninetales\n|-damage|p1a: Ninetales|68\/100\n|move|p1a: Ninetales|Aurora Veil|p1a: Ninetales\n|-sidestart|p1: toobionest|move: Aurora Veil\n|move|p2a: Gliscor|Poison Jab|p1a: Ninetales\n|-supereffective|p1a: Ninetales\n|-damage|p1a: Ninetales|42\/100\n|move|p1b: Iron Hands|Thunder Punch|p2b: Azumarill\n|-supereffective|p2b: Azumarill\n|-damage|p2b: Azumarill|0 fnt\n|faint|p2b: Azumarill\n|\n|-weather|Snow|[upkeep]\n|-heal|p2a: Gliscor|100\/100 tox|[from] ability: Poison Heal\n|upkeep\n|\n|t:|1699721045\n|switch|p2b: Iron Moth|Iron Moth, tera:Fighting|100\/100\n|turn|9\n|\n|t:|1699721072\n|move|p1a: Ninetales|Protect|p1a: Ninetales\n|-singleturn|p1a: Ninetales|Protect\n|move|p2b: Iron Moth|Fiery Dance|p1a: Ninetales\n|-activate|p1a: Ninetales|move: Protect\n|move|p2a: Gliscor|Earthquake|p1a: Ninetales|[spread] p2b,p1b\n|-activate|p1a: Ninetales|move: Protect\n|-damage|p2b: Iron Moth|46\/100\n|-damage|p1b: Iron Hands|63\/100\n|move|p1b: Iron Hands|Drain Punch|p2b: Iron Moth\n|-damage|p2b: Iron Moth|0 fnt\n|-heal|p1b: Iron Hands|77\/100|[from] drain|[of] p2b: Iron Moth\n|faint|p2b: Iron Moth\n|-end|p2b: Iron Moth|Quark Drive|[silent]\n|\n|-weather|Snow|[upkeep]\n|upkeep\n|turn|10\n|\n|t:|1699721094\n|move|p1a: Ninetales|Dazzling Gleam|p2a: Gliscor\n|-damage|p2a: Gliscor|68\/100 tox\n|move|p2a: Gliscor|Poison Jab|p1a: Ninetales\n|-supereffective|p1a: Ninetales\n|-damage|p1a: Ninetales|17\/100\n|move|p1b: Iron Hands|Rock Slide|p2a: Gliscor\n|-damage|p2a: Gliscor|29\/100 tox\n|\n|-weather|Snow|[upkeep]\n|-heal|p2a: Gliscor|41\/100 tox|[from] ability: Poison Heal\n|upkeep\n|turn|11\n|inactive|nithwashere has 270 seconds left.\n|\n|t:|1699721111\n|move|p1a: Ninetales|Dazzling Gleam|p2a: Gliscor\n|-damage|p2a: Gliscor|8\/100 tox\n|move|p2a: Gliscor|Poison Jab|p1a: Ninetales\n|-supereffective|p1a: Ninetales\n|-damage|p1a: Ninetales|0 fnt\n|faint|p1a: Ninetales\n|move|p1b: Iron Hands|Drain Punch|p2a: Gliscor\n|-resisted|p2a: Gliscor\n|-damage|p2a: Gliscor|0 fnt\n|-heal|p1b: Iron Hands|79\/100|[from] drain|[of] p2a: Gliscor\n|faint|p2a: Gliscor\n|\n|win|toobionest\n","uploadtime":1699721115,"views":5,"p1id":"toobionest","p2id":"nithwashere","formatid":"gen9nationaldexdoubles","rating":0,"private":0,"password":""}