{"id":"gen9nationaldexdoubles-1951686916","p1":"MageDream\/UHE","p2":"El Ryuk456","format":"[Gen 9] National Dex Doubles","log":"|j|\u2606MageDream\/UHE\n|j|\u2606El Ryuk456\n|t:|1695606718\n|gametype|doubles\n|player|p1|MageDream\/UHE|chuck|1159\n|player|p2|El Ryuk456|blaine|1285\n|teamsize|p1|6\n|teamsize|p2|6\n|gen|9\n|tier|[Gen 9] National Dex Doubles\n|rated|\n|rule|HP Percentage Mod: HP is shown in percentages\n|rule|Endless Battle Clause: Forcing endless battles is banned\n|rule|OHKO Clause: OHKO moves are banned\n|rule|Evasion Moves Clause: Evasion moves are banned\n|rule|Evasion Abilities Clause: Evasion abilities are banned\n|rule|Species Clause: Limit one of each Pok\u00e9mon\n|rule|Gravity Sleep Clause: The combination of sleep-inducing moves with imperfect accuracy and Gravity or Gigantamax Orbeetle are banned\n|clearpoke\n|poke|p1|Goodra-Hisui, F|\n|poke|p1|Dipplin, M|\n|poke|p1|Malamar, F|\n|poke|p1|Beedrill, M|\n|poke|p1|Ninetales-Alola, F|\n|poke|p1|Marowak-Alola, M|\n|poke|p2|Lucario, M|\n|poke|p2|Whimsicott, F|\n|poke|p2|Ninetales, F|\n|poke|p2|Blastoise, M|\n|poke|p2|Excadrill, M|\n|poke|p2|Roserade, F|\n|teampreview\n|\n|t:|1695606742\n|start\n|switch|p1a: Marowak|Marowak-Alola, M|100\/100\n|switch|p1b: Goodra|Goodra-Hisui, F|100\/100\n|switch|p2a: Champ|Lucario, M|100\/100\n|switch|p2b: Beso de Mosa|Whimsicott, F, shiny|100\/100\n|turn|1\n|\n|t:|1695606759\n|switch|p1b: Malamar|Malamar, F|100\/100\n|move|p2a: Champ|Protect|p2a: Champ\n|-singleturn|p2a: Champ|Protect\n|move|p2b: Beso de Mosa|Tailwind|p2b: Beso de Mosa\n|-sidestart|p2: El Ryuk456|move: Tailwind\n|move|p1a: Marowak|Bulldoze|p2a: Champ|[spread] p1b,p2b\n|-activate|p2a: Champ|move: Protect\n|-resisted|p2b: Beso de Mosa\n|-damage|p1b: Malamar|75\/100\n|-damage|p2b: Beso de Mosa|82\/100\n|-boost|p1b: Malamar|spe|1\n|-unboost|p2b: Beso de Mosa|spe|1\n|\n|upkeep\n|turn|2\n|\n|t:|1695606789\n|switch|p2b: Corruption|Ninetales, F, shiny|100\/100\n|-weather|SunnyDay|[from] ability: Drought|[of] p2b: Corruption\n|detailschange|p2a: Champ|Lucario-Mega, M\n|-mega|p2a: Champ|Lucario|Lucarionite\n|move|p2a: Champ|Close Combat|p1b: Malamar\n|-damage|p1b: Malamar|0 fnt\n|-unboost|p2a: Champ|def|1\n|-unboost|p2a: Champ|spd|1\n|faint|p1b: Malamar\n|move|p1a: Marowak|Flare Blitz|p2a: Champ\n|-supereffective|p2a: Champ\n|-damage|p2a: Champ|0 fnt\n|faint|p2a: Champ\n|-damage|p1a: Marowak|65\/100|[from] Recoil\n|\n|-weather|SunnyDay|[upkeep]\n|upkeep\n|\n|t:|1695606804\n|switch|p2a: Harbor|Blastoise, M|100\/100\n|switch|p1b: Ninetales|Ninetales-Alola, F|100\/100\n|-weather|Snow|[from] ability: Snow Warning|[of] p1b: Ninetales\n|turn|3\n|\n|t:|1695606819\n|switch|p2b: Beso de Mosa|Whimsicott, F, shiny|82\/100\n|move|p2a: Harbor|Fake Out|p1b: Ninetales\n|-damage|p1b: Ninetales|93\/100\n|cant|p1b: Ninetales|flinch\n|move|p1a: Marowak|Shadow Bone|p2b: Beso de Mosa\n|-damage|p2b: Beso de Mosa|0 fnt\n|faint|p2b: Beso de Mosa\n|\n|-weather|Snow|[upkeep]\n|upkeep\n|\n|t:|1695606829\n|switch|p2b: Corruption|Ninetales, F, shiny|100\/100\n|-weather|SunnyDay|[from] ability: Drought|[of] p2b: Corruption\n|turn|4\n|inactive|Battle timer is ON: inactive players will automatically lose when time's up. (requested by El Ryuk456)\n|\n|t:|1695606843\n|switch|p1b: Dipplin|Dipplin, M, shiny|100\/100\n|move|p2b: Corruption|Heat Wave|p1b: Dipplin|[spread] p1b\n|-miss|p2b: Corruption|p1a: Marowak\n|-damage|p1b: Dipplin|75\/100\n|move|p2a: Harbor|Scald|p1a: Marowak\n|-supereffective|p1a: Marowak\n|-damage|p1a: Marowak|35\/100\n|move|p1a: Marowak|Bulldoze|p2b: Corruption|[spread] p1b,p2a,p2b\n|-resisted|p1b: Dipplin\n|-supereffective|p2b: Corruption\n|-enditem|p2b: Corruption|Shuca Berry|[eat]\n|-enditem|p2b: Corruption|Shuca Berry|[weaken]\n|-damage|p1b: Dipplin|68\/100\n|-damage|p2a: Harbor|80\/100\n|-damage|p2b: Corruption|78\/100\n|-unboost|p1b: Dipplin|spe|1\n|-unboost|p2a: Harbor|spe|1\n|-unboost|p2b: Corruption|spe|1\n|\n|-weather|SunnyDay|[upkeep]\n|-heal|p2a: Harbor|87\/100|[from] item: Leftovers\n|-sideend|p2: El Ryuk456|move: Tailwind\n|upkeep\n|turn|5\n|inactive|MageDream\/UHE has 120 seconds left.\n|\n|t:|1695606894\n|-terastallize|p1a: Marowak|Water\n|move|p2b: Corruption|Heat Wave|p1a: Marowak|[spread] p1a\n|-miss|p2b: Corruption|p1b: Dipplin\n|-resisted|p1a: Marowak\n|-damage|p1a: Marowak|14\/100\n|move|p2a: Harbor|Scald|p1a: Marowak\n|-resisted|p1a: Marowak\n|-damage|p1a: Marowak|7\/100\n|move|p1a: Marowak|Shadow Bone|p2b: Corruption\n|-damage|p2b: Corruption|19\/100\n|move|p1b: Dipplin|Dragon Breath|p2b: Corruption\n|-damage|p2b: Corruption|0 fnt\n|faint|p2b: Corruption\n|\n|-weather|SunnyDay|[upkeep]\n|-heal|p2a: Harbor|93\/100|[from] item: Leftovers\n|upkeep\n|inactive|El Ryuk456 has 120 seconds left.\n|\n|t:|1695606911\n|switch|p2b: Rosetta|Roserade, F|100\/100\n|turn|6\n|inactive|MageDream\/UHE has 120 seconds left.\n|\n|t:|1695606930\n|switch|p1a: Goodra|Goodra-Hisui, F|100\/100\n|move|p2b: Rosetta|Sludge Bomb|p1b: Dipplin\n|-supereffective|p1b: Dipplin\n|-damage|p1b: Dipplin|0 fnt\n|faint|p1b: Dipplin\n|move|p2a: Harbor|Scald|p1a: Goodra\n|-resisted|p1a: Goodra\n|-damage|p1a: Goodra|97\/100\n|\n|-weather|SunnyDay|[upkeep]\n|-heal|p2a: Harbor|99\/100|[from] item: Leftovers\n|upkeep\n|\n|t:|1695606938\n|switch|p1b: Ninetales|Ninetales-Alola, F|93\/100\n|-weather|Snow|[from] ability: Snow Warning|[of] p1b: Ninetales\n|turn|7\n|\n|t:|1695606947\n|move|p1b: Ninetales|Aurora Veil|p1b: Ninetales\n|-sidestart|p1: MageDream\/UHE|move: Aurora Veil\n|move|p2b: Rosetta|Sludge Bomb|p1b: Ninetales\n|-supereffective|p1b: Ninetales\n|-damage|p1b: Ninetales|20\/100\n|-status|p1b: Ninetales|psn\n|move|p2a: Harbor|Icy Wind|p1b: Ninetales|[spread] p1a,p1b\n|-resisted|p1b: Ninetales\n|-damage|p1a: Goodra|95\/100\n|-damage|p1b: Ninetales|16\/100 psn\n|-unboost|p1a: Goodra|spe|1\n|-unboost|p1b: Ninetales|spe|1\n|move|p1a: Goodra|Earthquake|p2a: Harbor|[spread] p1b,p2a,p2b\n|-damage|p1b: Ninetales|3\/100 psn\n|-damage|p2a: Harbor|81\/100\n|-damage|p2b: Rosetta|65\/100\n|-damage|p1a: Goodra|85\/100|[from] item: Life Orb\n|\n|-weather|Snow|[upkeep]\n|-heal|p2a: Harbor|87\/100|[from] item: Leftovers\n|-damage|p1b: Ninetales|0 fnt|[from] psn\n|faint|p1b: Ninetales\n|upkeep\n|\n|t:|1695606967\n|switch|p1b: Marowak|Marowak-Alola, M, tera:Water|7\/100\n|turn|8\n|\n|t:|1695606978\n|move|p2b: Rosetta|Sludge Bomb|p1b: Marowak\n|-damage|p1b: Marowak|0 fnt\n|faint|p1b: Marowak\n|move|p2a: Harbor|Scald|p1a: Goodra\n|-resisted|p1a: Goodra\n|-damage|p1a: Goodra|81\/100\n|-status|p1a: Goodra|brn\n|move|p1a: Goodra|Ice Beam|p2b: Rosetta\n|-supereffective|p2b: Rosetta\n|-damage|p2b: Rosetta|0 fnt\n|faint|p2b: Rosetta\n|-damage|p1a: Goodra|71\/100 brn|[from] item: Life Orb\n|\n|-weather|Snow|[upkeep]\n|-heal|p2a: Harbor|93\/100|[from] item: Leftovers\n|-damage|p1a: Goodra|65\/100 brn|[from] brn\n|upkeep\n|\n|t:|1695606993\n|switch|p2b: Speckles|Excadrill, M|100\/100\n|switch|p1b: Beedrill|Beedrill, M|100\/100\n|-ability|p2b: Speckles|Mold Breaker\n|turn|9\n|\n|t:|1695607014\n|detailschange|p1b: Beedrill|Beedrill-Mega, M\n|-mega|p1b: Beedrill|Beedrill|Beedrillite\n|move|p2b: Speckles|Protect|p2b: Speckles\n|-singleturn|p2b: Speckles|Protect\n|move|p1b: Beedrill|Pin Missile|p2a: Harbor\n|-damage|p2a: Harbor|79\/100\n|-damage|p2a: Harbor|65\/100\n|-damage|p2a: Harbor|52\/100\n|-damage|p2a: Harbor|38\/100\n|-hitcount|p2a: Harbor|4\n|move|p2a: Harbor|Icy Wind|p1b: Beedrill|[spread] p1a,p1b\n|-damage|p1a: Goodra|63\/100 brn\n|-damage|p1b: Beedrill|94\/100\n|-unboost|p1a: Goodra|spe|1\n|-unboost|p1b: Beedrill|spe|1\n|move|p1a: Goodra|Ice Beam|p2b: Speckles\n|-activate|p2b: Speckles|move: Protect\n|\n|-weather|Snow|[upkeep]\n|-heal|p2a: Harbor|44\/100|[from] item: Leftovers\n|-damage|p1a: Goodra|57\/100 brn|[from] brn\n|upkeep\n|turn|10\n|\n|t:|1695607038\n|-zpower|p2b: Speckles\n|move|p2b: Speckles|Tectonic Rage|p1b: Beedrill|[zeffect]\n|-damage|p1b: Beedrill|0 fnt\n|faint|p1b: Beedrill\n|move|p2a: Harbor|Scald|p1a: Goodra\n|-resisted|p1a: Goodra\n|-crit|p1a: Goodra\n|-damage|p1a: Goodra|47\/100 brn\n|move|p1a: Goodra|Ice Beam|p2b: Speckles\n|-crit|p2b: Speckles\n|-damage|p2b: Speckles|46\/100\n|-damage|p1a: Goodra|37\/100 brn|[from] item: Life Orb\n|\n|-weather|Snow|[upkeep]\n|-heal|p2a: Harbor|50\/100|[from] item: Leftovers\n|-damage|p1a: Goodra|31\/100 brn|[from] brn\n|upkeep\n|turn|11\n|\n|t:|1695607061\n|move|p2b: Speckles|Protect|p2b: Speckles\n|-singleturn|p2b: Speckles|Protect\n|move|p2a: Harbor|Scald|p1a: Goodra\n|-resisted|p1a: Goodra\n|-damage|p1a: Goodra|27\/100 brn\n|move|p1a: Goodra|Life Dew|p1a: Goodra\n|-heal|p1a: Goodra|52\/100 brn\n|\n|-weather|none\n|-heal|p2a: Harbor|56\/100|[from] item: Leftovers\n|-damage|p1a: Goodra|46\/100 brn|[from] brn\n|-sideend|p1: MageDream\/UHE|move: Aurora Veil\n|upkeep\n|turn|12\n|\n|t:|1695607074\n|move|p2a: Harbor|Protect|p2a: Harbor\n|-singleturn|p2a: Harbor|Protect\n|move|p2b: Speckles|Earthquake|p1a: Goodra|[spread] p1a\n|-activate|p2a: Harbor|move: Protect\n|-supereffective|p1a: Goodra\n|-damage|p1a: Goodra|0 fnt\n|faint|p1a: Goodra\n|\n|win|El Ryuk456\n|raw|MageDream&#x2f;UHE's rating: 1159 &rarr; <strong>1143<\/strong><br \/>(-16 for losing)\n|raw|El Ryuk456's rating: 1285 &rarr; <strong>1301<\/strong><br \/>(+16 for winning)\n|l|\u2606MageDream\/UHE\n","uploadtime":1695607082,"views":12,"p1id":"magedreamuhe","p2id":"elryuk456","formatid":"gen9nationaldexdoubles","rating":1143,"private":0,"password":""}