{"id":"gen9nationaldexdoubles-1958338037","p1":"KingGodzila","p2":"Koge Takashii","format":"[Gen 9] National Dex Doubles","log":"|j|\u2606KingGodzila\n|j|\u2606Koge Takashii\n|t:|1696314466\n|gametype|doubles\n|player|p1|KingGodzila|bugsy|1210\n|player|p2|Koge Takashii|jupiter|1098\n|teamsize|p1|6\n|teamsize|p2|6\n|gen|9\n|tier|[Gen 9] National Dex Doubles\n|rated|\n|rule|HP Percentage Mod: HP is shown in percentages\n|rule|Endless Battle Clause: Forcing endless battles is banned\n|rule|OHKO Clause: OHKO moves are banned\n|rule|Evasion Moves Clause: Evasion moves are banned\n|rule|Evasion Abilities Clause: Evasion abilities are banned\n|rule|Species Clause: Limit one of each Pok\u00e9mon\n|rule|Gravity Sleep Clause: The combination of sleep-inducing moves with imperfect accuracy and Gravity or Gigantamax Orbeetle are banned\n|clearpoke\n|poke|p1|Vikavolt, M|\n|poke|p1|Lokix, M|\n|poke|p1|Golisopod, M|\n|poke|p1|Cresselia, F|\n|poke|p1|Escavalier, M|\n|poke|p1|Whirlipede, M|\n|poke|p2|Gholdengo|\n|poke|p2|Volbeat, M|\n|poke|p2|Tropius, M|\n|poke|p2|Illumise, F|\n|poke|p2|Charizard, M|\n|poke|p2|Tyranitar, M|\n|teampreview\n|inactive|Battle timer is ON: inactive players will automatically lose when time's up. (requested by Koge Takashii)\n|\n|t:|1696314531\n|start\n|switch|p1a: \u7f8e\u68a6\u8001\u5988|Cresselia, F|100\/100\n|switch|p1b: \u7535\u5149\u8f68\u9053\u70ae|Vikavolt, M|100\/100\n|switch|p2a: Charizard|Charizard, M, shiny|100\/100\n|switch|p2b: Gholdengo|Gholdengo, shiny|100\/100\n|turn|1\n|inactive|KingGodzila has 120 seconds left.\n|inactive|Koge Takashii has 120 seconds left.\n|\n|t:|1696314565\n|switch|p1b: \u4e38\u5b50\u9f99|Whirlipede, M, shiny|100\/100\n|detailschange|p2a: Charizard|Charizard-Mega-X, M, shiny\n|-mega|p2a: Charizard|Charizard|Charizardite X\n|-terastallize|p2b: Gholdengo|Electric\n|move|p2b: Gholdengo|Nasty Plot|p2b: Gholdengo\n|-boost|p2b: Gholdengo|spa|2\n|move|p2a: Charizard|Sky Drop||[still]\n|-prepare|p2a: Charizard|Sky Drop|p1a: \u7f8e\u68a6\u8001\u5988\n|\n|upkeep\n|turn|2\n|inactive|Koge Takashii has 120 seconds left.\n|\n|t:|1696314607\n|move|p2b: Gholdengo|Nasty Plot|p2b: Gholdengo\n|-boost|p2b: Gholdengo|spa|2\n|move|p2a: Charizard|Sky Drop|p1a: \u7f8e\u68a6\u8001\u5988|[from]lockedmove\n|-damage|p1a: \u7f8e\u68a6\u8001\u5988|88\/100\n|-end|p1a: \u7f8e\u68a6\u8001\u5988|Sky Drop\n|move|p1b: \u4e38\u5b50\u9f99|Toxic Spikes|p2b: Gholdengo\n|-sidestart|p2: Koge Takashii|move: Toxic Spikes\n|move|p1a: \u7f8e\u68a6\u8001\u5988|Trick Room|p1a: \u7f8e\u68a6\u8001\u5988\n|-fieldstart|move: Trick Room|[of] p1a: \u7f8e\u68a6\u8001\u5988\n|\n|-heal|p1a: \u7f8e\u68a6\u8001\u5988|94\/100|[from] item: Leftovers\n|upkeep\n|turn|3\n|inactive|Koge Takashii has 120 seconds left.\n|inactive|KingGodzila has 120 seconds left.\n|inactive|Koge Takashii has 90 seconds left.\n|\n|t:|1696314662\n|switch|p1b: \u80fd\u8fdb\u80fd\u9000\u65b9\u6b66\u8005|Golisopod, M, shiny|100\/100\n|move|p1a: \u7f8e\u68a6\u8001\u5988|Dazzling Gleam|p2a: Charizard|[spread] p2a,p2b\n|-crit|p2b: Gholdengo\n|-damage|p2a: Charizard|88\/100\n|-damage|p2b: Gholdengo|84\/100\n|move|p2a: Charizard|Flamethrower|p1b: \u80fd\u8fdb\u80fd\u9000\u65b9\u6b66\u8005\n|-damage|p1b: \u80fd\u8fdb\u80fd\u9000\u65b9\u6b66\u8005|45\/100\n|-activate|p1b: \u80fd\u8fdb\u80fd\u9000\u65b9\u6b66\u8005|ability: Emergency Exit\n|inactive|KingGodzila has 90 seconds left.\n|\n|t:|1696314689\n|switch|p1b: \u7535\u5149\u8f68\u9053\u70ae|Vikavolt, M|100\/100\n|move|p2b: Gholdengo|Electro Ball|p1a: \u7f8e\u68a6\u8001\u5988\n|-damage|p1a: \u7f8e\u68a6\u8001\u5988|32\/100\n|\n|-heal|p1a: \u7f8e\u68a6\u8001\u5988|39\/100|[from] item: Leftovers\n|upkeep\n|turn|4\n|inactive|KingGodzila has 90 seconds left.\n|\n|t:|1696314730\n|move|p1b: \u7535\u5149\u8f68\u9053\u70ae|Volt Switch|p2a: Charizard\n|-resisted|p2a: Charizard\n|-damage|p2a: Charizard|59\/100\n|-damage|p1b: \u7535\u5149\u8f68\u9053\u70ae|91\/100|[from] item: Life Orb\n|\n|t:|1696314745\n|switch|p1b: \u4e38\u5b50\u9f99|Whirlipede, M, shiny|100\/100|[from] Volt Switch\n|move|p1a: \u7f8e\u68a6\u8001\u5988|Lunar Dance|p1a: \u7f8e\u68a6\u8001\u5988\n|faint|p1a: \u7f8e\u68a6\u8001\u5988\n|move|p2a: Charizard|Flamethrower|p1b: \u4e38\u5b50\u9f99\n|-supereffective|p1b: \u4e38\u5b50\u9f99\n|-damage|p1b: \u4e38\u5b50\u9f99|37\/100\n|-status|p1b: \u4e38\u5b50\u9f99|brn\n|move|p2b: Gholdengo|Electro Ball|p1b: \u4e38\u5b50\u9f99\n|-crit|p1b: \u4e38\u5b50\u9f99\n|-damage|p1b: \u4e38\u5b50\u9f99|0 fnt\n|faint|p1b: \u4e38\u5b50\u9f99\n|\n|upkeep\n|inactive|KingGodzila has 60 seconds left.\n|\n|t:|1696314769\n|switch|p1b: \u4e00\u592b\u5f53\u5173\u4e3a\u9a91\u58eb|Escavalier, M|100\/100\n|switch|p1a: \u80fd\u8fdb\u80fd\u9000\u65b9\u6b66\u8005|Golisopod, M, shiny|45\/100\n|-heal|p1a: \u80fd\u8fdb\u80fd\u9000\u65b9\u6b66\u8005|100\/100|[from] move: Lunar Dance\n|turn|5\n|inactive|KingGodzila has 60 seconds left.\n|\n|t:|1696314791\n|move|p1b: \u4e00\u592b\u5f53\u5173\u4e3a\u9a91\u58eb|Drill Run|p2a: Charizard\n|-supereffective|p2a: Charizard\n|-damage|p2a: Charizard|0 fnt\n|faint|p2a: Charizard\n|-damage|p1b: \u4e00\u592b\u5f53\u5173\u4e3a\u9a91\u58eb|91\/100|[from] item: Life Orb\n|-zpower|p1a: \u80fd\u8fdb\u80fd\u9000\u65b9\u6b66\u8005\n|move|p1a: \u80fd\u8fdb\u80fd\u9000\u65b9\u6b66\u8005|Savage Spin-Out|p2b: Gholdengo|[zeffect]\n|-damage|p2b: Gholdengo|0 fnt\n|faint|p2b: Gholdengo\n|\n|upkeep\n|inactive|Koge Takashii has 120 seconds left.\n|\n|t:|1696314805\n|switch|p2a: Illumise|Illumise, F|100\/100\n|switch|p2b: Volbeat|Volbeat, M, shiny|100\/100\n|-status|p2b: Volbeat|psn\n|-status|p2a: Illumise|psn\n|turn|6\n|inactive|KingGodzila has 60 seconds left.\n|inactive|Koge Takashii has 120 seconds left.\n|\n|t:|1696314859\n|move|p2b: Volbeat|Thunder Wave|p1b: \u4e00\u592b\u5f53\u5173\u4e3a\u9a91\u58eb\n|-status|p1b: \u4e00\u592b\u5f53\u5173\u4e3a\u9a91\u58eb|par\n|move|p2a: Illumise|Thunder Wave|p1a: \u80fd\u8fdb\u80fd\u9000\u65b9\u6b66\u8005\n|-status|p1a: \u80fd\u8fdb\u80fd\u9000\u65b9\u6b66\u8005|par\n|cant|p1b: \u4e00\u592b\u5f53\u5173\u4e3a\u9a91\u58eb|par\n|cant|p1a: \u80fd\u8fdb\u80fd\u9000\u65b9\u6b66\u8005|par\n|\n|-damage|p2b: Volbeat|88\/100 psn|[from] psn\n|-damage|p2a: Illumise|88\/100 psn|[from] psn\n|-fieldend|move: Trick Room\n|upkeep\n|turn|7\n|\n|t:|1696314879\n|switch|p2b: Tropius|Tropius, M|100\/100\n|move|p2a: Illumise|Sunny Day|p2a: Illumise\n|-weather|SunnyDay\n|move|p1a: \u80fd\u8fdb\u80fd\u9000\u65b9\u6b66\u8005|Liquidation|p2b: Tropius\n|-resisted|p2b: Tropius\n|-damage|p2b: Tropius|85\/100\n|-unboost|p2b: Tropius|def|1\n|move|p1b: \u4e00\u592b\u5f53\u5173\u4e3a\u9a91\u58eb|X-Scissor|p2a: Illumise\n|-damage|p2a: Illumise|18\/100 psn\n|-enditem|p2a: Illumise|Red Card|[of] p1b: \u4e00\u592b\u5f53\u5173\u4e3a\u9a91\u58eb\n|drag|p1b: \u70c8\u817f\u8757\u4fa0|Lokix, M|100\/100\n|\n|-weather|SunnyDay|[upkeep]\n|-damage|p2b: Tropius|73\/100|[from] ability: Solar Power|[of] p2b: Tropius\n|-damage|p2a: Illumise|6\/100 psn|[from] psn\n|upkeep\n|turn|8\n|inactive|KingGodzila has 60 seconds left.\n|\n|t:|1696314917\n|-terastallize|p1b: \u70c8\u817f\u8757\u4fa0|Bug\n|move|p1a: \u80fd\u8fdb\u80fd\u9000\u65b9\u6b66\u8005|Wide Guard|p1a: \u80fd\u8fdb\u80fd\u9000\u65b9\u6b66\u8005\n|-singleturn|p1a: \u80fd\u8fdb\u80fd\u9000\u65b9\u6b66\u8005|Wide Guard\n|move|p1b: \u70c8\u817f\u8757\u4fa0|First Impression|p2b: Tropius\n|-damage|p2b: Tropius|0 fnt\n|faint|p2b: Tropius\n|-damage|p1b: \u70c8\u817f\u8757\u4fa0|91\/100|[from] item: Life Orb\n|move|p2a: Illumise|Tailwind|p2a: Illumise\n|-sidestart|p2: Koge Takashii|move: Tailwind\n|\n|-weather|SunnyDay|[upkeep]\n|-damage|p2a: Illumise|0 fnt|[from] psn\n|faint|p2a: Illumise\n|upkeep\n|\n|t:|1696314928\n|switch|p2a: Tyranitar|Tyranitar, M, shiny|100\/100\n|switch|p2b: Volbeat|Volbeat, M, shiny|88\/100 psn\n|-status|p2a: Tyranitar|psn\n|-weather|Sandstorm|[from] ability: Sand Stream|[of] p2a: Tyranitar\n|turn|9\n|inactive|KingGodzila has 60 seconds left.\n|\n|t:|1696314942\n|switch|p1b: \u4e00\u592b\u5f53\u5173\u4e3a\u9a91\u58eb|Escavalier, M|91\/100 par\n|move|p2a: Tyranitar|Rock Slide|p1a: \u80fd\u8fdb\u80fd\u9000\u65b9\u6b66\u8005|[spread] p1a,p1b\n|-supereffective|p1a: \u80fd\u8fdb\u80fd\u9000\u65b9\u6b66\u8005\n|-crit|p1b: \u4e00\u592b\u5f53\u5173\u4e3a\u9a91\u58eb\n|-damage|p1a: \u80fd\u8fdb\u80fd\u9000\u65b9\u6b66\u8005|56\/100 par\n|-damage|p1b: \u4e00\u592b\u5f53\u5173\u4e3a\u9a91\u58eb|48\/100 par\n|move|p2b: Volbeat|U-turn|p1b: \u4e00\u592b\u5f53\u5173\u4e3a\u9a91\u58eb\n|-resisted|p1b: \u4e00\u592b\u5f53\u5173\u4e3a\u9a91\u58eb\n|-damage|p1b: \u4e00\u592b\u5f53\u5173\u4e3a\u9a91\u58eb|38\/100 par\n|move|p1a: \u80fd\u8fdb\u80fd\u9000\u65b9\u6b66\u8005|Liquidation|p2a: Tyranitar\n|-supereffective|p2a: Tyranitar\n|-damage|p2a: Tyranitar|16\/100 psn\n|\n|-weather|Sandstorm|[upkeep]\n|-damage|p2b: Volbeat|82\/100 psn|[from] Sandstorm\n|-damage|p1a: \u80fd\u8fdb\u80fd\u9000\u65b9\u6b66\u8005|50\/100 par|[from] Sandstorm\n|-damage|p2a: Tyranitar|4\/100 psn|[from] psn\n|-damage|p2b: Volbeat|70\/100 psn|[from] psn\n|upkeep\n|-activate|p1a: \u80fd\u8fdb\u80fd\u9000\u65b9\u6b66\u8005|ability: Emergency Exit\n|-message|Koge Takashii forfeited.\n|\n|win|KingGodzila\n|raw|KingGodzila's rating: 1210 &rarr; <strong>1227<\/strong><br \/>(+17 for winning)\n|raw|Koge Takashii's rating: 1098 &rarr; <strong>1081<\/strong><br \/>(-17 for losing)\n|l|\u2606Koge Takashii\n","uploadtime":1696314962,"views":14,"p1id":"kinggodzila","p2id":"kogetakashii","formatid":"gen9nationaldexdoubles","rating":1081,"private":0,"password":""}