{"id":"gen9nationaldexdoubles-1952256081","p1":"gegwebdjey","p2":"Yume__ice idiot","format":"[Gen 9] National Dex Doubles","log":"|j|\u2606gegwebdjey\n|j|\u2606Yume__ice idiot\n|t:|1695668714\n|gametype|doubles\n|player|p1|gegwebdjey|170|1083\n|player|p2|Yume__ice idiot|pokemonbreeder-gen4|1040\n|teamsize|p1|6\n|teamsize|p2|6\n|gen|9\n|tier|[Gen 9] National Dex Doubles\n|rated|\n|rule|HP Percentage Mod: HP is shown in percentages\n|rule|Endless Battle Clause: Forcing endless battles is banned\n|rule|OHKO Clause: OHKO moves are banned\n|rule|Evasion Moves Clause: Evasion moves are banned\n|rule|Evasion Abilities Clause: Evasion abilities are banned\n|rule|Species Clause: Limit one of each Pok\u00e9mon\n|rule|Gravity Sleep Clause: The combination of sleep-inducing moves with imperfect accuracy and Gravity or Gigantamax Orbeetle are banned\n|clearpoke\n|poke|p1|Ninetales-Alola, F|\n|poke|p1|Goodra, F|\n|poke|p1|Tyranitar, M|\n|poke|p1|Toxapex, F|\n|poke|p1|Corviknight, F|\n|poke|p1|Chandelure, M|\n|poke|p2|Baxcalibur, M|\n|poke|p2|Ninetales-Alola, M|\n|poke|p2|Chien-Pao|\n|poke|p2|Cetitan, M|\n|poke|p2|Iron Bundle|\n|poke|p2|Rotom-Frost|\n|teampreview\n|\n|t:|1695668723\n|start\n|switch|p1a: Goodra|Goodra, F, shiny|100\/100\n|switch|p1b: Tyranitar|Tyranitar, M, shiny|100\/100\n|switch|p2a: Aroura|Ninetales-Alola, M, shiny|100\/100\n|switch|p2b: I dont OU|Baxcalibur, M, shiny|100\/100\n|-ability|p1b: Tyranitar|Unnerve\n|-weather|Snow|[from] ability: Snow Warning|[of] p2a: Aroura\n|turn|1\n|\n|t:|1695668739\n|move|p2a: Aroura|Aurora Veil|p2a: Aroura\n|-sidestart|p2: Yume__ice idiot|move: Aurora Veil\n|move|p2b: I dont OU|Glaive Rush|p1b: Tyranitar\n|-damage|p1b: Tyranitar|47\/100\n|-singlemove|p2b: I dont OU|Glaive Rush|[silent]\n|move|p1a: Goodra|Fire Blast|p2b: I dont OU\n|-damage|p2b: I dont OU|53\/100\n|-status|p2b: I dont OU|brn\n|move|p1b: Tyranitar|Fire Punch|p2a: Aroura\n|-supereffective|p2a: Aroura\n|-damage|p2a: Aroura|58\/100\n|\n|-weather|Snow|[upkeep]\n|-heal|p2b: I dont OU|60\/100 brn|[from] ability: Ice Body\n|-heal|p2b: I dont OU|66\/100 brn|[from] item: Leftovers\n|-damage|p2b: I dont OU|60\/100 brn|[from] brn\n|upkeep\n|turn|2\n|\n|t:|1695668775\n|move|p2a: Aroura|Dazzling Gleam|p1b: Tyranitar|[spread] p1a,p1b\n|-supereffective|p1a: Goodra\n|-supereffective|p1b: Tyranitar\n|-damage|p1a: Goodra|68\/100\n|-damage|p1b: Tyranitar|5\/100\n|move|p2b: I dont OU|Dragon Dance|p2b: I dont OU\n|-boost|p2b: I dont OU|atk|1\n|-boost|p2b: I dont OU|spe|1\n|move|p1a: Goodra|Fire Blast|p2a: Aroura|[miss]\n|-miss|p1a: Goodra|p2a: Aroura\n|-enditem|p1a: Goodra|Blunder Policy\n|-boost|p1a: Goodra|spe|2\n|move|p1b: Tyranitar|Fire Punch|p2b: I dont OU\n|-damage|p2b: I dont OU|45\/100 brn\n|\n|-weather|Snow|[upkeep]\n|-heal|p2b: I dont OU|52\/100 brn|[from] ability: Ice Body\n|-heal|p2b: I dont OU|58\/100 brn|[from] item: Leftovers\n|-damage|p2b: I dont OU|52\/100 brn|[from] brn\n|upkeep\n|turn|3\n|\n|t:|1695668800\n|move|p2b: I dont OU|Dragon Dance|p2b: I dont OU\n|-boost|p2b: I dont OU|atk|1\n|-boost|p2b: I dont OU|spe|1\n|move|p1a: Goodra|Fire Blast|p2a: Aroura\n|-supereffective|p2a: Aroura\n|-damage|p2a: Aroura|6\/100\n|-status|p2a: Aroura|brn\n|move|p2a: Aroura|Moonblast|p1b: Tyranitar\n|-supereffective|p1b: Tyranitar\n|-damage|p1b: Tyranitar|0 fnt\n|faint|p1b: Tyranitar\n|\n|-weather|Snow|[upkeep]\n|-heal|p2b: I dont OU|58\/100 brn|[from] ability: Ice Body\n|-heal|p2b: I dont OU|64\/100 brn|[from] item: Leftovers\n|-damage|p2b: I dont OU|58\/100 brn|[from] brn\n|-damage|p2a: Aroura|0 fnt|[from] brn\n|faint|p2a: Aroura\n|upkeep\n|\n|t:|1695668822\n|switch|p2a: Icicle|Chien-Pao|100\/100\n|switch|p1b: Corviknight|Corviknight, F, shiny|100\/100\n|-ability|p2a: Icicle|Sword of Ruin\n|turn|4\n|\n|t:|1695668840\n|move|p2a: Icicle|Crunch|p1a: Goodra\n|-damage|p1a: Goodra|0 fnt\n|-ability|p1a: Goodra|Gooey\n|-unboost|p2a: Icicle|spe|1\n|faint|p1a: Goodra\n|move|p2b: I dont OU|Glaive Rush|p1b: Corviknight\n|-resisted|p1b: Corviknight\n|-damage|p1b: Corviknight|62\/100\n|-singlemove|p2b: I dont OU|Glaive Rush|[silent]\n|-damage|p2b: I dont OU|41\/100 brn|[from] item: Rocky Helmet|[of] p1b: Corviknight\n|move|p1b: Corviknight|Iron Head|p2b: I dont OU\n|-supereffective|p2b: I dont OU\n|-damage|p2b: I dont OU|0 fnt\n|faint|p2b: I dont OU\n|\n|-weather|Snow|[upkeep]\n|upkeep\n|\n|t:|1695668859\n|switch|p2b: Does he know?|Cetitan, M, shiny|100\/100\n|switch|p1a: Chandelure|Chandelure, M, shiny|100\/100\n|turn|5\n|\n|t:|1695668883\n|move|p2b: Does he know?|Ice Spinner|p1b: Corviknight\n|-damage|p1b: Corviknight|21\/100\n|-damage|p2b: Does he know?|84\/100|[from] item: Rocky Helmet|[of] p1b: Corviknight\n|move|p2a: Icicle|Crunch|p1a: Chandelure\n|-supereffective|p1a: Chandelure\n|-damage|p1a: Chandelure|0 fnt\n|faint|p1a: Chandelure\n|move|p1b: Corviknight|Body Press|p2a: Icicle\n|-supereffective|p2a: Icicle\n|-damage|p2a: Icicle|55\/100\n|\n|-weather|Snow|[upkeep]\n|-heal|p2b: Does he know?|90\/100|[from] item: Leftovers\n|-sideend|p2: Yume__ice idiot|move: Aurora Veil\n|upkeep\n|inactive|Battle timer is ON: inactive players will automatically lose when time's up. (requested by Yume__ice idiot)\n|\n|t:|1695668908\n|switch|p1a: Toxapex|Toxapex, F, shiny|100\/100\n|turn|6\n|\n|t:|1695668922\n|switch|p2a: MacnCheese|Rotom-Frost, shiny|100\/100\n|move|p1a: Toxapex|Baneful Bunker|p1a: Toxapex\n|-singleturn|p1a: Toxapex|move: Protect\n|move|p2b: Does he know?|Earthquake|p1a: Toxapex|[spread] \n|-activate|p1a: Toxapex|move: Protect\n|-immune|p2a: MacnCheese|[from] ability: Levitate\n|-immune|p1b: Corviknight\n|move|p1b: Corviknight|Iron Head|p2a: MacnCheese\n|-damage|p2a: MacnCheese|79\/100\n|\n|-weather|Snow|[upkeep]\n|-heal|p2b: Does he know?|96\/100|[from] item: Leftovers\n|upkeep\n|turn|7\n|inactive|gegwebdjey has 120 seconds left.\n|\n|t:|1695668965\n|move|p2b: Does he know?|Earthquake|p1a: Toxapex|[spread] p1a\n|-immune|p2a: MacnCheese|[from] ability: Levitate\n|-immune|p1b: Corviknight\n|-supereffective|p1a: Toxapex\n|-damage|p1a: Toxapex|62\/100\n|move|p2a: MacnCheese|Blizzard|p1a: Toxapex|[spread] p1a,p1b\n|-resisted|p1a: Toxapex\n|-damage|p1a: Toxapex|48\/100\n|-damage|p1b: Corviknight|0 fnt\n|faint|p1b: Corviknight\n|move|p1a: Toxapex|Gunk Shot|p2a: MacnCheese\n|-damage|p2a: MacnCheese|50\/100\n|\n|-weather|Snow|[upkeep]\n|-heal|p2b: Does he know?|100\/100|[from] item: Leftovers\n|-heal|p1a: Toxapex|54\/100|[from] item: Black Sludge\n|upkeep\n|\n|t:|1695668981\n|switch|p1b: Ninetales|Ninetales-Alola, F, shiny|100\/100\n|turn|8\n|inactive|gegwebdjey has 120 seconds left.\n|\n|t:|1695669001\n|switch|p2a: BAZOOKA|Iron Bundle, shiny|100\/100\n|-enditem|p2a: BAZOOKA|Booster Energy\n|-activate|p2a: BAZOOKA|ability: Quark Drive|[fromitem]\n|-start|p2a: BAZOOKA|quarkdrivespe\n|move|p1a: Toxapex|Baneful Bunker|p1a: Toxapex\n|-singleturn|p1a: Toxapex|move: Protect\n|move|p2b: Does he know?|Ice Spinner|p1b: Ninetales\n|-resisted|p1b: Ninetales\n|-damage|p1b: Ninetales|86\/100\n|move|p1b: Ninetales|Disable|p2b: Does he know?\n|-start|p2b: Does he know?|Disable|Ice Spinner\n|\n|-weather|none\n|-heal|p1a: Toxapex|60\/100|[from] item: Black Sludge\n|upkeep\n|turn|9\n|inactive|gegwebdjey has 120 seconds left.\n|\n|t:|1695669029\n|move|p2a: BAZOOKA|Freeze-Dry|p1a: Toxapex\n|-supereffective|p1a: Toxapex\n|-damage|p1a: Toxapex|2\/100\n|move|p1b: Ninetales|Disable|p2a: BAZOOKA\n|-start|p2a: BAZOOKA|Disable|Freeze-Dry\n|move|p2b: Does he know?|Liquidation|p1b: Ninetales\n|-damage|p1b: Ninetales|51\/100\n|move|p1a: Toxapex|Gunk Shot|p2b: Does he know?\n|-damage|p2b: Does he know?|54\/100\n|\n|-heal|p2b: Does he know?|60\/100|[from] item: Leftovers\n|-heal|p1a: Toxapex|8\/100|[from] item: Black Sludge\n|upkeep\n|turn|10\n|inactive|gegwebdjey has 120 seconds left.\n|\n|t:|1695669053\n|move|p1a: Toxapex|Baneful Bunker|p1a: Toxapex\n|-singleturn|p1a: Toxapex|move: Protect\n|move|p2a: BAZOOKA|Flip Turn|p1b: Ninetales\n|-damage|p1b: Ninetales|30\/100\n|\n|t:|1695669059\n|-end|p2a: BAZOOKA|Quark Drive|[silent]\n|switch|p2a: MacnCheese|Rotom-Frost, shiny|50\/100|[from] Flip Turn\n|move|p1b: Ninetales|Disable||[still]\n|-fail|p1b: Ninetales\n|move|p2b: Does he know?|Earthquake|p1a: Toxapex|[spread] p1b\n|-activate|p1a: Toxapex|move: Protect\n|-immune|p2a: MacnCheese|[from] ability: Levitate\n|-damage|p1b: Ninetales|0 fnt\n|faint|p1b: Ninetales\n|\n|-heal|p2b: Does he know?|66\/100|[from] item: Leftovers\n|-heal|p1a: Toxapex|15\/100|[from] item: Black Sludge\n|upkeep\n|turn|11\n|\n|t:|1695669087\n|-terastallize|p1a: Toxapex|Poison\n|move|p2b: Does he know?|Play Rough|p1a: Toxapex\n|-resisted|p1a: Toxapex\n|-damage|p1a: Toxapex|3\/100\n|move|p2a: MacnCheese|Blizzard|p1a: Toxapex\n|-damage|p1a: Toxapex|0 fnt\n|faint|p1a: Toxapex\n|\n|win|Yume__ice idiot\n|raw|gegwebdjey's rating: 1083 &rarr; <strong>1058<\/strong><br \/>(-25 for losing)\n|raw|Yume__ice idiot's rating: 1040 &rarr; <strong>1078<\/strong><br \/>(+38 for winning)\n|c|\u2606Yume__ice idiot|Ggs\n","uploadtime":1695669104,"views":14,"p1id":"gegwebdjey","p2id":"yumeiceidiot","formatid":"gen9nationaldexdoubles","rating":1058,"private":0,"password":""}