{"id":"gen9nationaldexdoubles-1976790618","p1":"vlpraca","p2":"the maraculous","format":"[Gen 9] National Dex Doubles","log":"|j|\u203dvlpraca\n|j|\u2606the maraculous\n|t:|1698341606\n|gametype|doubles\n|player|p1|vlpraca|brock|1276\n|player|p2|the maraculous|dragontamer|1525\n|teamsize|p1|6\n|teamsize|p2|6\n|gen|9\n|tier|[Gen 9] National Dex Doubles\n|rated|\n|rule|HP Percentage Mod: HP is shown in percentages\n|rule|Endless Battle Clause: Forcing endless battles is banned\n|rule|OHKO Clause: OHKO moves are banned\n|rule|Evasion Moves Clause: Evasion moves are banned\n|rule|Evasion Abilities Clause: Evasion abilities are banned\n|rule|Species Clause: Limit one of each Pok\u00e9mon\n|rule|Gravity Sleep Clause: The combination of sleep-inducing moves with imperfect accuracy and Gravity or Gigantamax Orbeetle are banned\n|clearpoke\n|poke|p1|Serperior, M|\n|poke|p1|Togekiss, M|\n|poke|p1|Ferrothorn, F|\n|poke|p1|Lucario, F|\n|poke|p1|Slowking, M|\n|poke|p1|Tyranitar, M|\n|poke|p2|Xurkitree|\n|poke|p2|Iron Valiant|\n|poke|p2|Chandelure, F|\n|poke|p2|Landorus-Therian, M|\n|poke|p2|Kartana|\n|poke|p2|Farigiraf, M|\n|teampreview\n|inactive|Battle timer is ON: inactive players will automatically lose when time's up. (requested by vlpraca)\n|\n|t:|1698341623\n|start\n|switch|p1a: Tyranitar|Tyranitar, M|100\/100\n|switch|p1b: Slowking|Slowking, M|100\/100\n|switch|p2a: Chandelure|Chandelure, F|100\/100\n|switch|p2b: Kartana|Kartana|100\/100\n|-item|p2a: Chandelure|Air Balloon\n|-weather|Sandstorm|[from] ability: Sand Stream|[of] p1a: Tyranitar\n|turn|1\n|\n|t:|1698341638\n|detailschange|p1a: Tyranitar|Tyranitar-Mega, M\n|-mega|p1a: Tyranitar|Tyranitar|Tyranitarite\n|move|p2b: Kartana|Leaf Blade|p1b: Slowking\n|-supereffective|p1b: Slowking\n|-damage|p1b: Slowking|1\/100\n|move|p2a: Chandelure|Imprison|p2a: Chandelure\n|-start|p2a: Chandelure|move: Imprison\n|move|p1a: Tyranitar|Rock Slide|p2b: Kartana|[spread] p2a,p2b\n|-supereffective|p2a: Chandelure\n|-resisted|p2b: Kartana\n|-damage|p2a: Chandelure|24\/100\n|-damage|p2b: Kartana|84\/100\n|-enditem|p2a: Chandelure|Air Balloon\n|cant|p1b: Slowking|move: Imprison|Flamethrower\n|\n|-weather|Sandstorm|[upkeep]\n|-damage|p2a: Chandelure|18\/100|[from] Sandstorm\n|-damage|p1b: Slowking|0 fnt|[from] Sandstorm\n|faint|p1b: Slowking\n|upkeep\n|\n|t:|1698341657\n|switch|p1b: Togekiss|Togekiss, M|100\/100\n|turn|2\n|\n|t:|1698341666\n|move|p2b: Kartana|Tailwind|p2b: Kartana\n|-sidestart|p2: the maraculous|move: Tailwind\n|move|p2a: Chandelure|Flamethrower|p1b: Togekiss\n|-damage|p1b: Togekiss|49\/100\n|move|p1b: Togekiss|Air Slash|p2b: Kartana\n|-damage|p2b: Kartana|0 fnt\n|faint|p2b: Kartana\n|move|p1a: Tyranitar|Rock Slide|p2a: Chandelure\n|-supereffective|p2a: Chandelure\n|-damage|p2a: Chandelure|0 fnt\n|faint|p2a: Chandelure\n|\n|-weather|Sandstorm|[upkeep]\n|-damage|p1b: Togekiss|43\/100|[from] Sandstorm\n|upkeep\n|\n|t:|1698341683\n|switch|p2b: Xurkitree|Xurkitree|100\/100\n|switch|p2a: Landorus|Landorus-Therian, M|100\/100\n|-ability|p2a: Landorus|Intimidate|boost\n|-unboost|p1a: Tyranitar|atk|1\n|-unboost|p1b: Togekiss|atk|1\n|turn|3\n|\n|t:|1698341691\n|switch|p1b: Ferrothorn|Ferrothorn, F|100\/100\n|-zpower|p2b: Xurkitree\n|move|p2b: Xurkitree|Z-Electric Terrain|p2b: Xurkitree|[anim]Electric Terrain\n|-boost|p2b: Xurkitree|spe|1|[zeffect]\n|-fieldstart|move: Electric Terrain\n|move|p2a: Landorus|Rock Slide|p1a: Tyranitar|[spread] p1a,p1b\n|-resisted|p1b: Ferrothorn\n|-damage|p1a: Tyranitar|87\/100\n|-damage|p1b: Ferrothorn|92\/100\n|move|p1a: Tyranitar|Earthquake|p2b: Xurkitree|[spread] p1b,p2b\n|-immune|p2a: Landorus\n|-supereffective|p2b: Xurkitree\n|-damage|p1b: Ferrothorn|78\/100\n|-damage|p2b: Xurkitree|47\/100\n|\n|-weather|Sandstorm|[upkeep]\n|-damage|p2b: Xurkitree|40\/100|[from] Sandstorm\n|-heal|p1b: Ferrothorn|84\/100|[from] item: Leftovers\n|upkeep\n|turn|4\n|\n|t:|1698341707\n|move|p2b: Xurkitree|Rising Voltage|p1a: Tyranitar\n|-hint|Rising Voltage's BP doubled on grounded target.\n|-damage|p1a: Tyranitar|43\/100\n|move|p2a: Landorus|Stomping Tantrum|p1a: Tyranitar\n|-supereffective|p1a: Tyranitar\n|-damage|p1a: Tyranitar|0 fnt\n|faint|p1a: Tyranitar\n|move|p1b: Ferrothorn|Leech Seed|p2a: Landorus\n|-start|p2a: Landorus|move: Leech Seed\n|\n|-weather|Sandstorm|[upkeep]\n|-damage|p2b: Xurkitree|34\/100|[from] Sandstorm\n|-heal|p1b: Ferrothorn|90\/100|[from] item: Leftovers\n|-damage|p2a: Landorus|88\/100|[from] Leech Seed|[of] p1b: Ferrothorn\n|-heal|p1b: Ferrothorn|100\/100|[silent]\n|upkeep\n|\n|t:|1698341716\n|switch|p1a: Lucario|Lucario, F|100\/100\n|turn|5\n|\n|t:|1698341724\n|switch|p2a: Farigiraf|Farigiraf, M|100\/100\n|-terastallize|p1a: Lucario|Flying\n|move|p1a: Lucario|Extreme Speed||[still]\n|cant|p2a: Farigiraf|ability: Armor Tail|Extreme Speed|[of] p1a: Lucario\n|move|p2b: Xurkitree|Rising Voltage|p1a: Lucario\n|-supereffective|p1a: Lucario\n|-damage|p1a: Lucario|0 fnt\n|faint|p1a: Lucario\n|-ability|p2b: Xurkitree|Beast Boost|boost\n|-boost|p2b: Xurkitree|spa|1\n|move|p1b: Ferrothorn|Stealth Rock|p2a: Farigiraf\n|-sidestart|p2: the maraculous|move: Stealth Rock\n|\n|-weather|none\n|-sideend|p2: the maraculous|move: Tailwind\n|upkeep\n|\n|t:|1698341735\n|switch|p1a: Serperior|Serperior, M|100\/100\n|turn|6\n|\n|t:|1698341741\n|move|p2b: Xurkitree|Rising Voltage|p1a: Serperior\n|-hint|Rising Voltage's BP doubled on grounded target.\n|-resisted|p1a: Serperior\n|-damage|p1a: Serperior|0 fnt\n|faint|p1a: Serperior\n|-ability|p2b: Xurkitree|Beast Boost|boost\n|-boost|p2b: Xurkitree|spa|1\n|move|p2a: Farigiraf|Nasty Plot|p2a: Farigiraf\n|-boost|p2a: Farigiraf|spa|2\n|move|p1b: Ferrothorn|Leech Seed|p2a: Farigiraf\n|-start|p2a: Farigiraf|move: Leech Seed\n|\n|-damage|p2a: Farigiraf|88\/100|[from] Leech Seed|[of] p1b: Ferrothorn\n|upkeep\n|-message|vlpraca forfeited.\n|\n|win|the maraculous\n|raw|vlpraca's rating: 1276 &rarr; <strong>1266<\/strong><br \/>(-10 for losing)\n|raw|the maraculous's rating: 1525 &rarr; <strong>1533<\/strong><br \/>(+8 for winning)\n|l|\u203dvlpraca\n","uploadtime":1698341760,"views":5,"p1id":"vlpraca","p2id":"themaraculous","formatid":"gen9nationaldexdoubles","rating":1266,"private":0,"password":""}