{"id":"gen9nationaldexdoubles-1980293498","p1":"Loomymc","p2":"Siro4__","format":"[Gen 9] National Dex Doubles","log":"|j|\u2606Loomymc\n|j|\u2606Siro4__\n|t:|1698772988\n|gametype|doubles\n|player|p1|Loomymc|cynthia|\n|player|p2|Siro4__|170|\n|teamsize|p1|6\n|teamsize|p2|6\n|gen|9\n|tier|[Gen 9] National Dex Doubles\n|rule|HP Percentage Mod: HP is shown in percentages\n|rule|Endless Battle Clause: Forcing endless battles is banned\n|rule|OHKO Clause: OHKO moves are banned\n|rule|Evasion Moves Clause: Evasion moves are banned\n|rule|Evasion Abilities Clause: Evasion abilities are banned\n|rule|Species Clause: Limit one of each Pok\u00e9mon\n|rule|Gravity Sleep Clause: The combination of sleep-inducing moves with imperfect accuracy and Gravity or Gigantamax Orbeetle are banned\n|clearpoke\n|poke|p1|Politoed, M|\n|poke|p1|Swampert, M|\n|poke|p1|Lanturn, M|\n|poke|p1|Ludicolo, M|\n|poke|p1|Slowking, M|\n|poke|p1|Greninja-*, M|\n|poke|p2|Rillaboom, M|\n|poke|p2|Greninja-*, M|\n|poke|p2|Urshifu-*, F|\n|poke|p2|Pelipper, F|\n|poke|p2|Ludicolo, F|\n|poke|p2|Tsareena, F|\n|teampreview\n|\n|t:|1698773022\n|start\n|switch|p1a: Lanturn|Lanturn, M|100\/100\n|switch|p1b: Greninja|Greninja, M, shiny|100\/100\n|switch|p2a: Greninja|Greninja, M|100\/100\n|switch|p2b: Tsareena|Tsareena, F|100\/100\n|turn|1\n|j| real kyao\n|\n|t:|1698773056\n|move|p1b: Greninja|Ice Beam|p2b: Tsareena\n|-start|p1b: Greninja|typechange|Ice|[from] ability: Protean\n|-supereffective|p2b: Tsareena\n|-damage|p2b: Tsareena|21\/100\n|-enditem|p2b: Tsareena|Figy Berry|[eat]\n|-heal|p2b: Tsareena|55\/100|[from] item: Figy Berry\n|move|p2a: Greninja|Toxic Spikes|p1b: Greninja\n|-start|p2a: Greninja|typechange|Poison|[from] ability: Protean\n|-sidestart|p1: Loomymc|move: Toxic Spikes\n|move|p2b: Tsareena|Power Whip|p1b: Greninja\n|-damage|p1b: Greninja|0 fnt\n|faint|p1b: Greninja\n|move|p1a: Lanturn|Scald|p2b: Tsareena\n|-resisted|p2b: Tsareena\n|-damage|p2b: Tsareena|46\/100\n|-status|p2b: Tsareena|brn\n|\n|-damage|p2b: Tsareena|40\/100 brn|[from] brn\n|upkeep\n|\n|t:|1698773108\n|switch|p1b: Swampert|Swampert, M|100\/100\n|-status|p1b: Swampert|psn\n|turn|2\n|\n|t:|1698773118\n|switch|p1a: Politoed|Politoed, M, shiny|100\/100\n|-status|p1a: Politoed|psn\n|-weather|RainDance|[from] ability: Drizzle|[of] p1a: Politoed\n|detailschange|p1b: Swampert|Swampert-Mega, M\n|-mega|p1b: Swampert|Swampert|Swampertite\n|move|p1b: Swampert|Ice Punch|p1a: Politoed\n|-resisted|p1a: Politoed\n|-damage|p1a: Politoed|84\/100 psn\n|move|p2a: Greninja|U-turn|p1a: Politoed\n|-damage|p1a: Politoed|62\/100 psn\n|\n|t:|1698773129\n|switch|p2a: Pelipper|Pelipper, F|100\/100|[from] U-turn\n|move|p2b: Tsareena|Power Whip|p1b: Swampert\n|-supereffective|p1b: Swampert\n|-damage|p1b: Swampert|4\/100 psn\n|\n|-weather|RainDance|[upkeep]\n|-damage|p1b: Swampert|0 fnt|[from] psn\n|faint|p1b: Swampert\n|-damage|p1a: Politoed|49\/100 psn|[from] psn\n|-damage|p2b: Tsareena|34\/100 brn|[from] brn\n|upkeep\n|\n|t:|1698773135\n|switch|p1b: Ludicolo|Ludicolo, M, shiny|100\/100\n|-status|p1b: Ludicolo|psn\n|turn|3\n|\n|t:|1698773149\n|move|p1b: Ludicolo|Ice Beam|p2b: Tsareena\n|-supereffective|p2b: Tsareena\n|-damage|p2b: Tsareena|0 fnt\n|faint|p2b: Tsareena\n|-damage|p1b: Ludicolo|91\/100 psn|[from] item: Life Orb\n|move|p2a: Pelipper|Tailwind|p2a: Pelipper\n|-sidestart|p2: Siro4__|move: Tailwind\n|move|p1a: Politoed|Perish Song|p1a: Politoed\n|-start|p1a: Politoed|perish3|[silent]\n|-start|p1b: Ludicolo|perish3|[silent]\n|-start|p2a: Pelipper|perish3|[silent]\n|-fieldactivate|move: Perish Song\n|\n|-weather|RainDance|[upkeep]\n|-damage|p1b: Ludicolo|78\/100 psn|[from] psn\n|-damage|p1a: Politoed|37\/100 psn|[from] psn\n|-start|p1b: Ludicolo|perish3\n|-start|p2a: Pelipper|perish3\n|-start|p1a: Politoed|perish3\n|upkeep\n|\n|t:|1698773163\n|switch|p2b: Ludicolo|Ludicolo, F|100\/100\n|turn|4\n|\n|t:|1698773194\n|switch|p1b: Lanturn|Lanturn, M|100\/100\n|-status|p1b: Lanturn|psn\n|move|p2b: Ludicolo|Energy Ball|p1a: Politoed\n|-supereffective|p1a: Politoed\n|-damage|p1a: Politoed|0 fnt\n|faint|p1a: Politoed\n|move|p2a: Pelipper|Hurricane|p1b: Lanturn\n|-resisted|p1b: Lanturn\n|-damage|p1b: Lanturn|76\/100 psn\n|\n|-weather|RainDance|[upkeep]\n|-heal|p1b: Lanturn|83\/100 psn|[from] item: Leftovers\n|-damage|p1b: Lanturn|70\/100 psn|[from] psn\n|-start|p2a: Pelipper|perish2\n|upkeep\n|\n|t:|1698773209\n|switch|p1a: Ludicolo|Ludicolo, M, shiny|78\/100 psn\n|turn|5\n|\n|t:|1698773221\n|move|p1a: Ludicolo|Fake Out|p2b: Ludicolo\n|-damage|p2b: Ludicolo|88\/100\n|-damage|p1a: Ludicolo|68\/100 psn|[from] item: Life Orb\n|cant|p2b: Ludicolo|flinch\n|move|p2a: Pelipper|Hurricane|p1a: Ludicolo\n|-supereffective|p1a: Ludicolo\n|-damage|p1a: Ludicolo|0 fnt\n|faint|p1a: Ludicolo\n|move|p1b: Lanturn|Heal Bell|p1b: Lanturn\n|-activate|p1b: Lanturn|move: Heal Bell\n|-curestatus|p1b: Lanturn|psn|[msg]\n|\n|-weather|RainDance|[upkeep]\n|-heal|p1b: Lanturn|76\/100|[from] item: Leftovers\n|-start|p2a: Pelipper|perish1\n|upkeep\n|\n|t:|1698773228\n|switch|p1a: Slowking|Slowking, M|100\/100\n|-status|p1a: Slowking|psn\n|turn|6\n|\n|t:|1698773246\n|move|p2b: Ludicolo|Energy Ball|p1b: Lanturn\n|-supereffective|p1b: Lanturn\n|-damage|p1b: Lanturn|0 fnt\n|faint|p1b: Lanturn\n|move|p2a: Pelipper|Hurricane|p1a: Slowking\n|-damage|p1a: Slowking|71\/100 psn\n|move|p1a: Slowking|Scald|p2b: Ludicolo\n|-resisted|p2b: Ludicolo\n|-damage|p2b: Ludicolo|76\/100\n|\n|-weather|RainDance|[upkeep]\n|-heal|p1a: Slowking|77\/100 psn|[from] item: Leftovers\n|-damage|p1a: Slowking|64\/100 psn|[from] psn\n|-start|p2a: Pelipper|perish0\n|-sideend|p2: Siro4__|move: Tailwind\n|upkeep\n|faint|p2a: Pelipper\n|\n|t:|1698773261\n|switch|p2a: Rillaboom|Rillaboom, M|100\/100\n|-fieldstart|move: Grassy Terrain|[from] ability: Grassy Surge|[of] p2a: Rillaboom\n|turn|7\n|\n|t:|1698773268\n|move|p2a: Rillaboom|Grassy Glide|p1a: Slowking\n|-supereffective|p1a: Slowking\n|-damage|p1a: Slowking|0 fnt\n|faint|p1a: Slowking\n|\n|win|Siro4__\n|l|\u2606Siro4__\n","uploadtime":1698773294,"views":8,"p1id":"loomymc","p2id":"siro4","formatid":"gen9nationaldexdoubles","rating":0,"private":0,"password":""}