{"id":"gen9nationaldexdoubles-1980968534","p1":"Octolockr","p2":"seanthsheep","format":"[Gen 9] National Dex Doubles","log":"|j|\u2606Octolockr\n|j|\u2606seanthsheep\n|t:|1698853127\n|gametype|doubles\n|player|p1|Octolockr|plasmagrunt-gen5bw|1084\n|player|p2|seanthsheep|bugsy|1163\n|teamsize|p1|6\n|teamsize|p2|6\n|gen|9\n|tier|[Gen 9] National Dex Doubles\n|rated|\n|rule|HP Percentage Mod: HP is shown in percentages\n|rule|Endless Battle Clause: Forcing endless battles is banned\n|rule|OHKO Clause: OHKO moves are banned\n|rule|Evasion Moves Clause: Evasion moves are banned\n|rule|Evasion Abilities Clause: Evasion abilities are banned\n|rule|Species Clause: Limit one of each Pok\u00e9mon\n|rule|Gravity Sleep Clause: The combination of sleep-inducing moves with imperfect accuracy and Gravity or Gigantamax Orbeetle are banned\n|clearpoke\n|poke|p1|Excadrill, F|\n|poke|p1|Togekiss, M|\n|poke|p1|Quaquaval, M|\n|poke|p1|Lopunny, F|\n|poke|p1|Ninetales-Alola, F|\n|poke|p1|Zangoose, F|\n|poke|p2|Mudsdale, F|\n|poke|p2|Hatterene, F|\n|poke|p2|Samurott-Hisui, M|\n|poke|p2|Ursaluna, F|\n|poke|p2|Arcanine-Hisui, F|\n|poke|p2|Sinistcha-Masterpiece|\n|teampreview\n|\n|t:|1698853139\n|start\n|switch|p1a: Quaquaval|Quaquaval, M|100\/100\n|switch|p1b: Zangoose|Zangoose, F|100\/100\n|switch|p2a: Hatterene|Hatterene, F, shiny|100\/100\n|switch|p2b: Samurott|Samurott-Hisui, M, shiny|100\/100\n|turn|1\n|\n|t:|1698853157\n|-terastallize|p1b: Zangoose|Ghost\n|move|p1b: Zangoose|Shadow Claw|p2a: Hatterene\n|-supereffective|p2a: Hatterene\n|-crit|p2a: Hatterene\n|-damage|p2a: Hatterene|7\/100\n|move|p2b: Samurott|Ceaseless Edge|p1b: Zangoose\n|-supereffective|p1b: Zangoose\n|-damage|p1b: Zangoose|0 fnt\n|-sidestart|p1: Octolockr|Spikes\n|faint|p1b: Zangoose\n|move|p1a: Quaquaval|Close Combat|p2b: Samurott\n|-supereffective|p2b: Samurott\n|-damage|p2b: Samurott|0 fnt\n|-unboost|p1a: Quaquaval|def|1\n|-unboost|p1a: Quaquaval|spd|1\n|faint|p2b: Samurott\n|-ability|p1a: Quaquaval|Moxie|boost\n|-boost|p1a: Quaquaval|atk|1\n|move|p2a: Hatterene|Trick Room|p2a: Hatterene\n|-fieldstart|move: Trick Room|[of] p2a: Hatterene\n|\n|-heal|p2a: Hatterene|13\/100|[from] item: Leftovers\n|upkeep\n|\n|t:|1698853179\n|switch|p2b: Mudsdale|Mudsdale, F, shiny|100\/100\n|switch|p1b: Lopunny|Lopunny, F|100\/100\n|-damage|p1b: Lopunny|88\/100|[from] Spikes\n|turn|2\n|\n|t:|1698853195\n|move|p1b: Lopunny|Fake Out|p2a: Hatterene\n|-damage|p2a: Hatterene|0 fnt\n|faint|p2a: Hatterene\n|move|p1a: Quaquaval|Aqua Jet|p2b: Mudsdale\n|-supereffective|p2b: Mudsdale\n|-damage|p2b: Mudsdale|46\/100\n|-ability|p2b: Mudsdale|Stamina|boost\n|-boost|p2b: Mudsdale|def|1\n|move|p2b: Mudsdale|Rock Slide|p1a: Quaquaval|[spread] p1a,p1b\n|-resisted|p1a: Quaquaval\n|-damage|p1a: Quaquaval|80\/100\n|-damage|p1b: Lopunny|60\/100\n|\n|upkeep\n|\n|t:|1698853206\n|switch|p2a: Sinistcha|Sinistcha-Masterpiece|100\/100\n|-heal|p2b: Mudsdale|71\/100|[from] ability: Hospitality|[of] p2a: Sinistcha\n|turn|3\n|\n|t:|1698853216\n|detailschange|p1b: Lopunny|Lopunny-Mega, F\n|-mega|p1b: Lopunny|Lopunny|Lopunnite\n|move|p1b: Lopunny|Quick Attack|p2b: Mudsdale\n|-damage|p2b: Mudsdale|59\/100\n|-ability|p2b: Mudsdale|Stamina|boost\n|-boost|p2b: Mudsdale|def|1\n|move|p2b: Mudsdale|Iron Head|p1a: Quaquaval\n|-resisted|p1a: Quaquaval\n|-damage|p1a: Quaquaval|51\/100\n|move|p2a: Sinistcha|Matcha Gotcha|p1b: Lopunny|[spread] p1a,p1b\n|-supereffective|p1a: Quaquaval\n|-damage|p1a: Quaquaval|0 fnt\n|-damage|p1b: Lopunny|15\/100\n|-status|p1b: Lopunny|brn\n|faint|p1a: Quaquaval\n|\n|-damage|p1b: Lopunny|9\/100 brn|[from] brn\n|upkeep\n|\n|t:|1698853233\n|switch|p1a: Togekiss|Togekiss, M|100\/100\n|turn|4\n|\n|t:|1698853244\n|move|p2b: Mudsdale|Rock Slide|p1b: Lopunny|[spread] p1a,p1b\n|-supereffective|p1a: Togekiss\n|-resisted|p1b: Lopunny\n|-damage|p1a: Togekiss|63\/100\n|-damage|p1b: Lopunny|0 fnt\n|faint|p1b: Lopunny\n|move|p2a: Sinistcha|Scald|p1a: Togekiss\n|-damage|p1a: Togekiss|39\/100\n|move|p1a: Togekiss|Air Slash|p2b: Mudsdale\n|-damage|p2b: Mudsdale|37\/100\n|-ability|p2b: Mudsdale|Stamina|boost\n|-boost|p2b: Mudsdale|def|1\n|\n|-heal|p1a: Togekiss|45\/100|[from] item: Leftovers\n|upkeep\n|\n|t:|1698853257\n|switch|p1b: Excadrill|Excadrill, F|100\/100\n|-damage|p1b: Excadrill|88\/100|[from] Spikes\n|-ability|p1b: Excadrill|Mold Breaker\n|turn|5\n|\n|t:|1698853275\n|move|p2b: Mudsdale|Body Press|p1b: Excadrill\n|-supereffective|p1b: Excadrill\n|-damage|p1b: Excadrill|0 fnt\n|faint|p1b: Excadrill\n|move|p2a: Sinistcha|Matcha Gotcha|p1a: Togekiss\n|-resisted|p1a: Togekiss\n|-damage|p1a: Togekiss|29\/100\n|move|p1a: Togekiss|Air Slash|p2a: Sinistcha\n|-supereffective|p2a: Sinistcha\n|-damage|p2a: Sinistcha|17\/100\n|-enditem|p2a: Sinistcha|Sitrus Berry|[eat]\n|-heal|p2a: Sinistcha|42\/100|[from] item: Sitrus Berry\n|\n|-heal|p1a: Togekiss|35\/100|[from] item: Leftovers\n|-fieldend|move: Trick Room\n|upkeep\n|inactive|Battle timer is ON: inactive players will automatically lose when time's up. (requested by seanthsheep)\n|\n|t:|1698853289\n|switch|p1b: Ninetales|Ninetales-Alola, F|100\/100\n|-damage|p1b: Ninetales|88\/100|[from] Spikes\n|-weather|Snow|[from] ability: Snow Warning|[of] p1b: Ninetales\n|turn|6\n|\n|t:|1698853298\n|switch|p2a: Arcanine|Arcanine-Hisui, F|100\/100\n|-ability|p2a: Arcanine|Intimidate|boost\n|-unboost|p1a: Togekiss|atk|1\n|-unboost|p1b: Ninetales|atk|1\n|move|p1b: Ninetales|Blizzard|p2a: Arcanine|[spread] p2a,p2b\n|-resisted|p2a: Arcanine\n|-supereffective|p2b: Mudsdale\n|-damage|p2a: Arcanine|91\/100\n|-damage|p2b: Mudsdale|0 fnt\n|faint|p2b: Mudsdale\n|move|p1a: Togekiss|Air Slash|p2a: Arcanine\n|-resisted|p2a: Arcanine\n|-damage|p2a: Arcanine|78\/100\n|\n|-weather|Snow|[upkeep]\n|-heal|p1a: Togekiss|41\/100|[from] item: Leftovers\n|upkeep\n|\n|t:|1698853311\n|switch|p2b: Sinistcha|Sinistcha-Masterpiece|42\/100\n|-heal|p2a: Arcanine|100\/100|[from] ability: Hospitality|[of] p2b: Sinistcha\n|turn|7\n|\n|t:|1698853328\n|move|p1b: Ninetales|Freeze-Dry|p2a: Arcanine\n|-resisted|p2a: Arcanine\n|-damage|p2a: Arcanine|92\/100\n|move|p1a: Togekiss|Air Slash|p2b: Sinistcha\n|-supereffective|p2b: Sinistcha\n|-crit|p2b: Sinistcha\n|-damage|p2b: Sinistcha|0 fnt\n|faint|p2b: Sinistcha\n|move|p2a: Arcanine|Heat Wave|p1a: Togekiss|[spread] p1a,p1b\n|-supereffective|p1b: Ninetales\n|-damage|p1a: Togekiss|22\/100\n|-damage|p1b: Ninetales|34\/100\n|\n|-weather|Snow|[upkeep]\n|-heal|p1a: Togekiss|29\/100|[from] item: Leftovers\n|upkeep\n|\n|t:|1698853339\n|switch|p2b: Ursaluna|Ursaluna, F|100\/100\n|turn|8\n|\n|t:|1698853346\n|move|p2b: Ursaluna|Protect|p2b: Ursaluna\n|-singleturn|p2b: Ursaluna|Protect\n|move|p1b: Ninetales|Blizzard|p2b: Ursaluna|[spread] p2a\n|-activate|p2b: Ursaluna|move: Protect\n|-resisted|p2a: Arcanine\n|-damage|p2a: Arcanine|83\/100\n|move|p1a: Togekiss|Air Slash|p2a: Arcanine\n|-resisted|p2a: Arcanine\n|-damage|p2a: Arcanine|72\/100\n|move|p2a: Arcanine|Heat Wave|p1b: Ninetales|[spread] p1a,p1b\n|-supereffective|p1b: Ninetales\n|-damage|p1a: Togekiss|9\/100\n|-damage|p1b: Ninetales|0 fnt\n|-status|p1a: Togekiss|brn\n|faint|p1b: Ninetales\n|\n|-weather|Snow|[upkeep]\n|-heal|p1a: Togekiss|15\/100 brn|[from] item: Leftovers\n|-damage|p1a: Togekiss|9\/100 brn|[from] brn\n|-status|p2b: Ursaluna|brn|[from] item: Flame Orb\n|upkeep\n|turn|9\n|-message|Octolockr forfeited.\n|\n|win|seanthsheep\n|raw|Octolockr's rating: 1084 &rarr; <strong>1066<\/strong><br \/>(-18 for losing)\n|raw|seanthsheep's rating: 1163 &rarr; <strong>1182<\/strong><br \/>(+19 for winning)\n|l|\u2606seanthsheep\n","uploadtime":1698853375,"views":8,"p1id":"octolockr","p2id":"seanthsheep","formatid":"gen9nationaldexdoubles","rating":1066,"private":0,"password":""}