{"id":"gen9nationaldexdoubles-1959974955","p1":"bloody moth","p2":"sleepselfmc","format":"[Gen 9] National Dex Doubles","log":"|j|\u2606bloody moth\n|j|\u2606sleepselfmc\n|t:|1696474556\n|gametype|doubles\n|player|p1|bloody moth|dawn|\n|player|p2|sleepselfmc|101|\n|teamsize|p1|6\n|teamsize|p2|6\n|gen|9\n|tier|[Gen 9] National Dex Doubles\n|rule|HP Percentage Mod: HP is shown in percentages\n|rule|Endless Battle Clause: Forcing endless battles is banned\n|rule|OHKO Clause: OHKO moves are banned\n|rule|Evasion Moves Clause: Evasion moves are banned\n|rule|Evasion Abilities Clause: Evasion abilities are banned\n|rule|Species Clause: Limit one of each Pok\u00e9mon\n|rule|Gravity Sleep Clause: The combination of sleep-inducing moves with imperfect accuracy and Gravity or Gigantamax Orbeetle are banned\n|clearpoke\n|poke|p1|Kommo-o, F|\n|poke|p1|Pangoro, F|\n|poke|p1|Flamigo, F|\n|poke|p1|Medicham, F|\n|poke|p1|Gholdengo|\n|poke|p1|Riolu, M|\n|poke|p2|Cresselia, F|\n|poke|p2|Oranguru, F|\n|poke|p2|Indeedee-F, F|\n|poke|p2|Hoopa-Unbound|\n|poke|p2|Hatenna, F|\n|poke|p2|Sylveon, M|\n|teampreview\n|inactive|Battle timer is ON: inactive players will automatically lose when time's up. (requested by sleepselfmc)\n|\n|t:|1696474578\n|start\n|switch|p1a: Medicham|Medicham, F|100\/100\n|switch|p1b: Gholdengo|Gholdengo|100\/100\n|switch|p2a: Hoopa|Hoopa-Unbound|100\/100\n|switch|p2b: Cresselia|Cresselia, F, shiny|100\/100\n|turn|1\n|j| jiangchengzi\n|\n|t:|1696474600\n|detailschange|p1a: Medicham|Medicham-Mega, F\n|-mega|p1a: Medicham|Medicham|Medichamite\n|move|p1a: Medicham|Fake Out|p2a: Hoopa\n|-damage|p2a: Hoopa|60\/100\n|move|p1b: Gholdengo|Shadow Ball|p2b: Cresselia\n|-supereffective|p2b: Cresselia\n|-damage|p2b: Cresselia|24\/100\n|cant|p2a: Hoopa|flinch\n|move|p2b: Cresselia|Trick Room|p2b: Cresselia\n|-fieldstart|move: Trick Room|[of] p2b: Cresselia\n|\n|-heal|p2b: Cresselia|30\/100|[from] item: Leftovers\n|upkeep\n|turn|2\n|\n|t:|1696474619\n|switch|p1b: Kommo-o|Kommo-o, F|100\/100\n|move|p2a: Hoopa|Hyperspace Fury|p1b: Kommo-o\n|-resisted|p1b: Kommo-o\n|-damage|p1b: Kommo-o|59\/100\n|-unboost|p2a: Hoopa|def|1\n|move|p2b: Cresselia|Moonlight|p2b: Cresselia\n|-heal|p2b: Cresselia|80\/100\n|move|p1a: Medicham|Close Combat|p2a: Hoopa\n|-damage|p2a: Hoopa|0 fnt\n|-unboost|p1a: Medicham|def|1\n|-unboost|p1a: Medicham|spd|1\n|faint|p2a: Hoopa\n|\n|-heal|p2b: Cresselia|87\/100|[from] item: Leftovers\n|upkeep\n|\n|t:|1696474623\n|switch|p2a: Indeedee|Indeedee-F, F, shiny|100\/100\n|-fieldstart|move: Psychic Terrain|[from] ability: Psychic Surge|[of] p2a: Indeedee\n|turn|3\n|\n|t:|1696474639\n|switch|p1b: Riolu|Riolu, M|100\/100\n|switch|p1a: Pangoro|Pangoro, F|100\/100\n|move|p2a: Indeedee|Expanding Force|p1a: Pangoro|[spread] p1b\n|-immune|p1a: Pangoro\n|-supereffective|p1b: Riolu\n|-enditem|p1b: Riolu|Focus Sash\n|-damage|p1b: Riolu|1\/100\n|-damage|p2a: Indeedee|91\/100|[from] item: Life Orb\n|move|p2b: Cresselia|Dazzling Gleam|p1b: Riolu|[spread] p1a,p1b\n|-supereffective|p1a: Pangoro\n|-supereffective|p1b: Riolu\n|-damage|p1a: Pangoro|48\/100\n|-damage|p1b: Riolu|0 fnt\n|faint|p1b: Riolu\n|\n|-heal|p2b: Cresselia|93\/100|[from] item: Leftovers\n|upkeep\n|\n|t:|1696474643\n|switch|p1b: Gholdengo|Gholdengo|100\/100\n|turn|4\n|j| Gocks\n|\n|t:|1696474661\n|move|p1a: Pangoro|Close Combat|p2a: Indeedee\n|-damage|p2a: Indeedee|0 fnt\n|-unboost|p1a: Pangoro|def|1\n|-unboost|p1a: Pangoro|spd|1\n|faint|p2a: Indeedee\n|move|p2b: Cresselia|Dazzling Gleam|p1b: Gholdengo|[spread] p1a,p1b\n|-supereffective|p1a: Pangoro\n|-resisted|p1b: Gholdengo\n|-damage|p1a: Pangoro|0 fnt\n|-damage|p1b: Gholdengo|92\/100\n|faint|p1a: Pangoro\n|move|p1b: Gholdengo|Shadow Ball|p2b: Cresselia\n|-supereffective|p2b: Cresselia\n|-damage|p2b: Cresselia|14\/100\n|\n|-heal|p2b: Cresselia|20\/100|[from] item: Leftovers\n|upkeep\n|\n|t:|1696474672\n|switch|p1a: Medicham|Medicham-Mega, F|100\/100\n|switch|p2a: Sylveon|Sylveon, M, shiny|100\/100\n|turn|5\n|\n|t:|1696474684\n|move|p1a: Medicham|Fake Out|p2b: Cresselia\n|-hint|Psychic Terrain doesn't affect Pok\u00e9mon immune to Ground.\n|-damage|p2b: Cresselia|4\/100\n|move|p2a: Sylveon|Hyper Voice|p1b: Gholdengo|[spread] p1a,p1b\n|-supereffective|p1a: Medicham\n|-resisted|p1b: Gholdengo\n|-damage|p1a: Medicham|0 fnt\n|-damage|p1b: Gholdengo|68\/100\n|faint|p1a: Medicham\n|cant|p2b: Cresselia|flinch\n|move|p1b: Gholdengo|Shadow Ball|p2a: Sylveon\n|-damage|p2a: Sylveon|56\/100\n|\n|-heal|p2a: Sylveon|62\/100|[from] item: Leftovers\n|-heal|p2b: Cresselia|10\/100|[from] item: Leftovers\n|-fieldend|move: Trick Room\n|upkeep\n|\n|t:|1696474692\n|switch|p1a: Kommo-o|Kommo-o, F|59\/100\n|turn|6\n|\n|t:|1696474709\n|move|p1b: Gholdengo|Shadow Ball|p2b: Cresselia\n|-supereffective|p2b: Cresselia\n|-damage|p2b: Cresselia|0 fnt\n|faint|p2b: Cresselia\n|move|p1a: Kommo-o|Flash Cannon|p2a: Sylveon\n|-supereffective|p2a: Sylveon\n|-damage|p2a: Sylveon|35\/100\n|-unboost|p2a: Sylveon|spd|1\n|move|p2a: Sylveon|Hyper Voice|p1a: Kommo-o|[spread] p1a,p1b\n|-supereffective|p1a: Kommo-o\n|-resisted|p1b: Gholdengo\n|-damage|p1a: Kommo-o|0 fnt\n|-damage|p1b: Gholdengo|45\/100\n|faint|p1a: Kommo-o\n|\n|-heal|p2a: Sylveon|41\/100|[from] item: Leftovers\n|upkeep\n|\n|t:|1696474715\n|switch|p1a: Flamigo|Flamigo, F|100\/100\n|switch|p2b: Oranguru|Oranguru, F, shiny|100\/100\n|-copyboost|p1a: Flamigo|p1b: Gholdengo|[from] ability: Costar\n|turn|7\n|\n|t:|1696474727\n|switch|p2a: Hatenna|Hatenna, F, shiny|100\/100\n|move|p1b: Gholdengo|Shadow Ball|p2a: Hatenna\n|-supereffective|p2a: Hatenna\n|-damage|p2a: Hatenna|0 fnt\n|faint|p2a: Hatenna\n|move|p1a: Flamigo|Throat Chop|p2b: Oranguru\n|-supereffective|p2b: Oranguru\n|-damage|p2b: Oranguru|44\/100\n|-start|p2b: Oranguru|Throat Chop|[silent]\n|move|p2b: Oranguru|Trick Room|p2b: Oranguru\n|-fieldstart|move: Trick Room|[of] p2b: Oranguru\n|\n|-heal|p2b: Oranguru|50\/100|[from] item: Leftovers\n|-fieldend|move: Psychic Terrain\n|upkeep\n|\n|t:|1696474731\n|switch|p2a: Sylveon|Sylveon, M, shiny|41\/100\n|turn|8\n|l| Gocks\n|\n|t:|1696474747\n|move|p2a: Sylveon|Hyper Voice|p1b: Gholdengo|[spread] p1a,p1b\n|-supereffective|p1a: Flamigo\n|-resisted|p1b: Gholdengo\n|-damage|p1a: Flamigo|6\/100\n|-damage|p1b: Gholdengo|25\/100\n|move|p2b: Oranguru|Expanding Force|p1a: Flamigo\n|-supereffective|p1a: Flamigo\n|-damage|p1a: Flamigo|0 fnt\n|faint|p1a: Flamigo\n|move|p1b: Gholdengo|Shadow Ball|p2a: Sylveon\n|-damage|p2a: Sylveon|0 fnt\n|faint|p2a: Sylveon\n|\n|-heal|p2b: Oranguru|56\/100|[from] item: Leftovers\n|-end|p2b: Oranguru|Throat Chop|[silent]\n|upkeep\n|turn|9\n|j| Gocks\n|\n|t:|1696474760\n|move|p2b: Oranguru|Expanding Force|p1b: Gholdengo\n|-resisted|p1b: Gholdengo\n|-damage|p1b: Gholdengo|11\/100\n|move|p1b: Gholdengo|Shadow Ball|p2b: Oranguru\n|-immune|p2b: Oranguru\n|\n|-heal|p2b: Oranguru|62\/100|[from] item: Leftovers\n|upkeep\n|turn|10\n|\n|t:|1696474767\n|move|p2b: Oranguru|Expanding Force|p1b: Gholdengo\n|-resisted|p1b: Gholdengo\n|-damage|p1b: Gholdengo|0 fnt\n|faint|p1b: Gholdengo\n|\n|win|sleepselfmc\n|l|\u2606bloody moth\n|l| jiangchengzi\n|l| Gocks\n|l|\u2606sleepselfmc\n|j| Gocks\n","uploadtime":1696474777,"views":11,"p1id":"bloodymoth","p2id":"sleepselfmc","formatid":"gen9nationaldexdoubles","rating":0,"private":0,"password":""}