{"id":"gen9nationaldexdoubles-1950964743","p1":"beiye","p2":"fumbari 24","format":"[Gen 9] National Dex Doubles","log":"|j|\u2606beiye\n|j|\u2606fumbari 24\n|t:|1695524333\n|gametype|doubles\n|player|p1|beiye|steven|1090\n|player|p2|fumbari 24|102|1074\n|teamsize|p1|6\n|teamsize|p2|6\n|gen|9\n|tier|[Gen 9] National Dex Doubles\n|rated|\n|rule|HP Percentage Mod: HP is shown in percentages\n|rule|Endless Battle Clause: Forcing endless battles is banned\n|rule|OHKO Clause: OHKO moves are banned\n|rule|Evasion Moves Clause: Evasion moves are banned\n|rule|Evasion Abilities Clause: Evasion abilities are banned\n|rule|Species Clause: Limit one of each Pok\u00e9mon\n|rule|Gravity Sleep Clause: The combination of sleep-inducing moves with imperfect accuracy and Gravity or Gigantamax Orbeetle are banned\n|clearpoke\n|poke|p1|Iron Bundle|\n|poke|p1|Abomasnow, M|\n|poke|p1|Indeedee-F, F|\n|poke|p1|Regidrago|\n|poke|p1|Empoleon, F|\n|poke|p1|Cetitan, M|\n|poke|p2|Metagross|\n|poke|p2|Blaziken, M|\n|poke|p2|Armaldo, M|\n|poke|p2|Pelipper, M|\n|poke|p2|Cradily, M|\n|poke|p2|Machamp, F|\n|teampreview\n|\n|t:|1695524364\n|start\n|switch|p1a: Empoleon|Empoleon, F|100\/100\n|switch|p1b: Regidrago|Regidrago|100\/100\n|switch|p2a: Metagross|Metagross, shiny|100\/100\n|switch|p2b: Inferno|Blaziken, M|100\/100\n|turn|1\n|\n|t:|1695524383\n|detailschange|p2a: Metagross|Metagross-Mega, shiny\n|-mega|p2a: Metagross|Metagross|Metagrossite\n|move|p2b: Inferno|Protect|p2b: Inferno\n|-singleturn|p2b: Inferno|Protect\n|move|p2a: Metagross|Bullet Punch|p1b: Regidrago\n|-damage|p1b: Regidrago|67\/100\n|move|p1b: Regidrago|Dragon Dance|p1b: Regidrago\n|-boost|p1b: Regidrago|atk|1\n|-boost|p1b: Regidrago|spe|1\n|move|p1a: Empoleon|Yawn|p2a: Metagross\n|-start|p2a: Metagross|move: Yawn|[of] p1a: Empoleon\n|\n|-ability|p2b: Inferno|Speed Boost|boost\n|-boost|p2b: Inferno|spe|1\n|upkeep\n|turn|2\n|\n|t:|1695524414\n|switch|p2a: La bomba|Machamp, F|100\/100\n|move|p1b: Regidrago|Dragon Dance|p1b: Regidrago\n|-boost|p1b: Regidrago|atk|1\n|-boost|p1b: Regidrago|spe|1\n|-zpower|p2b: Inferno\n|move|p2b: Inferno|Inferno Overdrive|p1b: Regidrago|[zeffect]\n|-resisted|p1b: Regidrago\n|-damage|p1b: Regidrago|18\/100\n|move|p1a: Empoleon|Yawn|p2b: Inferno\n|-start|p2b: Inferno|move: Yawn|[of] p1a: Empoleon\n|\n|-ability|p2b: Inferno|Speed Boost|boost\n|-boost|p2b: Inferno|spe|1\n|upkeep\n|turn|3\n|\n|t:|1695524441\n|switch|p2b: Cradily|Cradily, M|100\/100\n|move|p1b: Regidrago|Dragon Energy|p2a: La bomba|[spread] p2a,p2b\n|-damage|p2a: La bomba|94\/100\n|-damage|p2b: Cradily|92\/100\n|move|p1a: Empoleon|Stealth Rock|p2b: Cradily\n|-sidestart|p2: fumbari 24|move: Stealth Rock\n|move|p2a: La bomba|Ice Punch|p1b: Regidrago\n|-supereffective|p1b: Regidrago\n|-damage|p1b: Regidrago|0 fnt\n|faint|p1b: Regidrago\n|\n|upkeep\n|\n|t:|1695524456\n|switch|p1b: Indeedee|Indeedee-F, F|100\/100\n|-fieldstart|move: Psychic Terrain|[from] ability: Psychic Surge|[of] p1b: Indeedee\n|turn|4\n|\n|t:|1695524466\n|move|p2a: La bomba|Wide Guard|p2a: La bomba\n|-singleturn|p2a: La bomba|Wide Guard\n|move|p1b: Indeedee|Calm Mind|p1b: Indeedee\n|-boost|p1b: Indeedee|spa|1\n|-boost|p1b: Indeedee|spd|1\n|move|p1a: Empoleon|Yawn|p2a: La bomba\n|-start|p2a: La bomba|move: Yawn|[of] p1a: Empoleon\n|move|p2b: Cradily|Meteor Beam||[still]\n|-prepare|p2b: Cradily|Meteor Beam\n|-boost|p2b: Cradily|spa|1\n|-enditem|p2b: Cradily|Power Herb\n|-anim|p2b: Cradily|Meteor Beam|p1b: Indeedee\n|-damage|p1b: Indeedee|55\/100\n|\n|upkeep\n|turn|5\n|\n|t:|1695524488\n|move|p1b: Indeedee|Calm Mind|p1b: Indeedee\n|-boost|p1b: Indeedee|spa|1\n|-boost|p1b: Indeedee|spd|1\n|move|p1a: Empoleon|Yawn|p2b: Cradily\n|-start|p2b: Cradily|move: Yawn|[of] p1a: Empoleon\n|move|p2a: La bomba|Dynamic Punch|p1b: Indeedee\n|-damage|p1b: Indeedee|10\/100\n|-start|p1b: Indeedee|confusion\n|move|p2b: Cradily|Leech Seed|p1a: Empoleon\n|-start|p1a: Empoleon|move: Leech Seed\n|\n|-damage|p1a: Empoleon|88\/100|[from] Leech Seed|[of] p2b: Cradily\n|-heal|p2b: Cradily|100\/100|[silent]\n|-end|p2a: La bomba|move: Yawn|[silent]\n|-status|p2a: La bomba|slp\n|upkeep\n|turn|6\n|\n|t:|1695524515\n|switch|p1a: Abomasnow|Abomasnow, M|100\/100\n|-weather|Snow|[from] ability: Snow Warning|[of] p1a: Abomasnow\n|-activate|p1b: Indeedee|confusion\n|-damage|p1b: Indeedee|4\/100|[from] confusion\n|cant|p2a: La bomba|slp\n|move|p2b: Cradily|Giga Drain|p1b: Indeedee\n|-damage|p1b: Indeedee|0 fnt\n|faint|p1b: Indeedee\n|\n|-weather|Snow|[upkeep]\n|-end|p2b: Cradily|move: Yawn|[silent]\n|-status|p2b: Cradily|slp\n|upkeep\n|\n|t:|1695524530\n|switch|p1b: Iron Bundle|Iron Bundle|100\/100\n|-enditem|p1b: Iron Bundle|Booster Energy\n|-activate|p1b: Iron Bundle|ability: Quark Drive|[fromitem]\n|-start|p1b: Iron Bundle|quarkdrivespe\n|turn|7\n|inactive|Battle timer is ON: inactive players will automatically lose when time's up. (requested by fumbari 24)\n|\n|t:|1695524540\n|cant|p2b: Cradily|slp\n|move|p1b: Iron Bundle|Blizzard|p2a: La bomba|[spread] p2a,p2b\n|-supereffective|p2b: Cradily\n|-damage|p2a: La bomba|64\/100 slp\n|-damage|p2b: Cradily|23\/100 slp\n|move|p1a: Abomasnow|Aurora Veil|p1a: Abomasnow\n|-sidestart|p1: beiye|move: Aurora Veil\n|-curestatus|p2a: La bomba|slp|[msg]\n|move|p2a: La bomba|Dynamic Punch|p1b: Iron Bundle\n|-supereffective|p1b: Iron Bundle\n|-damage|p1b: Iron Bundle|54\/100\n|-start|p1b: Iron Bundle|confusion\n|\n|-weather|Snow|[upkeep]\n|upkeep\n|turn|8\n|\n|t:|1695524565\n|-terastallize|p1b: Iron Bundle|Fire\n|move|p2a: La bomba|Wide Guard|p2a: La bomba\n|-singleturn|p2a: La bomba|Wide Guard\n|-activate|p1b: Iron Bundle|confusion\n|move|p1b: Iron Bundle|Blizzard|p2b: Cradily|[spread] \n|-activate|p2a: La bomba|move: Wide Guard\n|-activate|p2b: Cradily|move: Wide Guard\n|move|p1a: Abomasnow|Leech Seed|p2a: La bomba\n|-start|p2a: La bomba|move: Leech Seed\n|-curestatus|p2b: Cradily|slp|[msg]\n|move|p2b: Cradily|Meteor Beam||[still]\n|-prepare|p2b: Cradily|Meteor Beam\n|-boost|p2b: Cradily|spa|1\n|\n|-weather|Snow|[upkeep]\n|-damage|p2a: La bomba|51\/100|[from] Leech Seed|[of] p1a: Abomasnow\n|-fieldend|move: Psychic Terrain\n|upkeep\n|turn|9\n|\n|t:|1695524585\n|-activate|p1b: Iron Bundle|confusion\n|move|p1b: Iron Bundle|Blizzard|p2b: Cradily|[spread] p2a,p2b\n|-supereffective|p2b: Cradily\n|-damage|p2a: La bomba|17\/100\n|-damage|p2b: Cradily|0 fnt\n|-enditem|p2a: La bomba|Sitrus Berry|[eat]\n|-heal|p2a: La bomba|42\/100|[from] item: Sitrus Berry\n|faint|p2b: Cradily\n|move|p1a: Abomasnow|Giga Drain|p2a: La bomba\n|-damage|p2a: La bomba|24\/100\n|move|p2a: La bomba|Dynamic Punch|p1b: Iron Bundle\n|-damage|p1b: Iron Bundle|17\/100\n|\n|-weather|Snow|[upkeep]\n|-damage|p2a: La bomba|12\/100|[from] Leech Seed|[of] p1a: Abomasnow\n|upkeep\n|\n|t:|1695524592\n|switch|p2b: Inferno|Blaziken, M|100\/100\n|-damage|p2b: Inferno|88\/100|[from] Stealth Rock\n|turn|10\n|\n|t:|1695524608\n|move|p2b: Inferno|Protect|p2b: Inferno\n|-singleturn|p2b: Inferno|Protect\n|-activate|p1b: Iron Bundle|confusion\n|move|p1b: Iron Bundle|Hydro Pump|p2b: Inferno\n|-activate|p2b: Inferno|move: Protect\n|move|p1a: Abomasnow|Focus Blast|p2a: La bomba\n|-crit|p2a: La bomba\n|-damage|p2a: La bomba|0 fnt\n|faint|p2a: La bomba\n|\n|-weather|none\n|-ability|p2b: Inferno|Speed Boost|boost\n|-boost|p2b: Inferno|spe|1\n|upkeep\n|\n|t:|1695524617\n|switch|p2a: Metagross|Metagross-Mega, shiny|100\/100\n|-damage|p2a: Metagross|94\/100|[from] Stealth Rock\n|turn|11\n|\n|t:|1695524627\n|-end|p1b: Iron Bundle|Quark Drive|[silent]\n|switch|p1b: Cetitan|Cetitan, M|100\/100\n|switch|p1a: Empoleon|Empoleon, F|88\/100\n|move|p2a: Metagross|Bullet Punch|p1b: Cetitan\n|-supereffective|p1b: Cetitan\n|-damage|p1b: Cetitan|70\/100\n|move|p2b: Inferno|Flare Blitz|p1a: Empoleon\n|-damage|p1a: Empoleon|60\/100\n|-damage|p2b: Inferno|78\/100|[from] Recoil\n|\n|-heal|p1a: Empoleon|66\/100|[from] item: Leftovers\n|-sideend|p1: beiye|move: Aurora Veil\n|-ability|p2b: Inferno|Speed Boost|boost\n|-boost|p2b: Inferno|spe|1\n|upkeep\n|turn|12\n|\n|t:|1695524656\n|move|p2b: Inferno|Flare Blitz|p1a: Empoleon\n|-damage|p1a: Empoleon|20\/100\n|-damage|p2b: Inferno|61\/100|[from] Recoil\n|move|p2a: Metagross|Stomping Tantrum|p1a: Empoleon\n|-supereffective|p1a: Empoleon\n|-damage|p1a: Empoleon|0 fnt\n|faint|p1a: Empoleon\n|move|p1b: Cetitan|High Horsepower|p2a: Metagross\n|-supereffective|p2a: Metagross\n|-damage|p2a: Metagross|41\/100\n|\n|-ability|p2b: Inferno|Speed Boost|boost\n|-boost|p2b: Inferno|spe|1\n|upkeep\n|\n|t:|1695524668\n|switch|p1a: Abomasnow|Abomasnow, M|100\/100\n|-weather|Snow|[from] ability: Snow Warning|[of] p1a: Abomasnow\n|turn|13\n|\n|t:|1695524677\n|move|p1b: Cetitan|High Horsepower|p2a: Metagross\n|-supereffective|p2a: Metagross\n|-damage|p2a: Metagross|0 fnt\n|faint|p2a: Metagross\n|move|p2b: Inferno|Flare Blitz|p1a: Abomasnow\n|-supereffective|p1a: Abomasnow\n|-damage|p1a: Abomasnow|0 fnt\n|faint|p1a: Abomasnow\n|-damage|p2b: Inferno|23\/100|[from] Recoil\n|\n|-weather|Snow|[upkeep]\n|-ability|p2b: Inferno|Speed Boost|boost\n|-boost|p2b: Inferno|spe|1\n|upkeep\n|\n|t:|1695524688\n|switch|p2a: Mine mine|Pelipper, M|100\/100\n|switch|p1a: Iron Bundle|Iron Bundle, tera:Fire|17\/100\n|-damage|p2a: Mine mine|75\/100|[from] Stealth Rock\n|-weather|RainDance|[from] ability: Drizzle|[of] p2a: Mine mine\n|turn|14\n|\n|t:|1695524702\n|move|p2b: Inferno|Rock Slide|p1b: Cetitan|[spread] p1a,p1b\n|-supereffective|p1a: Iron Bundle\n|-supereffective|p1b: Cetitan\n|-damage|p1a: Iron Bundle|0 fnt\n|-damage|p1b: Cetitan|34\/100\n|faint|p1a: Iron Bundle\n|-end|p1a: Iron Bundle|Quark Drive|[silent]\n|cant|p1b: Cetitan|flinch\n|move|p2a: Mine mine|Tailwind|p2a: Mine mine\n|-sidestart|p2: fumbari 24|move: Tailwind\n|\n|-weather|RainDance|[upkeep]\n|-ability|p2b: Inferno|Speed Boost|boost\n|-boost|p2b: Inferno|spe|1\n|upkeep\n|turn|15\n|-message|beiye forfeited.\n|\n|win|fumbari 24\n|raw|beiye's rating: 1090 &rarr; <strong>1065<\/strong><br \/>(-25 for losing)\n|raw|fumbari 24's rating: 1074 &rarr; <strong>1104<\/strong><br \/>(+30 for winning)\n|l|\u2606beiye\n","uploadtime":1695524715,"views":9,"p1id":"beiye","p2id":"fumbari24","formatid":"gen9nationaldexdoubles","rating":1065,"private":0,"password":""}