{"id":"gen9nationaldexdoubles-1975858216","p1":"Andres624342","p2":"cyanblacksilver","format":"[Gen 9] National Dex Doubles","log":"|j|\u2606Andres624342\n|j|\u2606cyanblacksilver\n|t:|1698244340\n|gametype|doubles\n|player|p1|Andres624342|101|1048\n|player|p2|cyanblacksilver|ethan|1089\n|teamsize|p1|6\n|teamsize|p2|6\n|gen|9\n|tier|[Gen 9] National Dex Doubles\n|rated|\n|rule|HP Percentage Mod: HP is shown in percentages\n|rule|Endless Battle Clause: Forcing endless battles is banned\n|rule|OHKO Clause: OHKO moves are banned\n|rule|Evasion Moves Clause: Evasion moves are banned\n|rule|Evasion Abilities Clause: Evasion abilities are banned\n|rule|Species Clause: Limit one of each Pok\u00e9mon\n|rule|Gravity Sleep Clause: The combination of sleep-inducing moves with imperfect accuracy and Gravity or Gigantamax Orbeetle are banned\n|clearpoke\n|poke|p1|Meganium, F|\n|poke|p1|Wigglytuff, F|\n|poke|p1|Vespiquen, F|\n|poke|p1|Farigiraf, F|\n|poke|p1|Lumineon, M|\n|poke|p1|Unfezant, F|\n|poke|p2|Diancie|\n|poke|p2|Klefki, M|\n|poke|p2|Oranguru, M|\n|poke|p2|Doublade, F|\n|poke|p2|Talonflame, M|\n|poke|p2|Flutter Mane|\n|teampreview\n|\n|t:|1698244347\n|start\n|switch|p1a: Unfezant|Unfezant, F, shiny|100\/100\n|switch|p1b: Vespiquen|Vespiquen, F|100\/100\n|switch|p2a: Diancie|Diancie|100\/100\n|switch|p2b: Klefki|Klefki, M|100\/100\n|-ability|p1b: Vespiquen|Pressure\n|turn|1\n|\n|t:|1698244382\n|switch|p1b: Lumineon|Lumineon, M|100\/100\n|move|p1a: Unfezant|Tailwind|p1a: Unfezant\n|-sidestart|p1: Andres624342|move: Tailwind\n|move|p2a: Diancie|Diamond Storm|p1b: Lumineon|[spread] p1b\n|-miss|p2a: Diancie|p1a: Unfezant\n|-damage|p1b: Lumineon|64\/100\n|move|p2b: Klefki|Trick Room|p2b: Klefki\n|-fieldstart|move: Trick Room|[of] p2b: Klefki\n|\n|-heal|p1b: Lumineon|70\/100|[from] item: Leftovers\n|upkeep\n|turn|2\n|\n|t:|1698244411\n|move|p2b: Klefki|Light Screen|p2b: Klefki\n|-sidestart|p2: cyanblacksilver|move: Light Screen\n|move|p2a: Diancie|Diamond Storm|p1b: Lumineon|[spread] p1a,p1b\n|-supereffective|p1a: Unfezant\n|-damage|p1a: Unfezant|41\/100\n|-damage|p1b: Lumineon|39\/100\n|-boost|p2a: Diancie|def|2\n|move|p1b: Lumineon|Chilling Water|p2a: Diancie\n|-supereffective|p2a: Diancie\n|-damage|p2a: Diancie|84\/100\n|-enditem|p2a: Diancie|Weakness Policy\n|-boost|p2a: Diancie|atk|2|[from] item: Weakness Policy\n|-boost|p2a: Diancie|spa|2|[from] item: Weakness Policy\n|move|p1a: Unfezant|Brave Bird|p2a: Diancie\n|-resisted|p2a: Diancie\n|-damage|p2a: Diancie|72\/100\n|-damage|p1a: Unfezant|38\/100|[from] Recoil\n|\n|-heal|p1b: Lumineon|45\/100|[from] item: Leftovers\n|upkeep\n|turn|3\n|\n|t:|1698244435\n|switch|p2b: Oranguru|Oranguru, M|100\/100\n|move|p2a: Diancie|Diamond Storm|p1a: Unfezant|[spread] p1a,p1b\n|-supereffective|p1a: Unfezant\n|-damage|p1a: Unfezant|0 fnt\n|-damage|p1b: Lumineon|0 fnt\n|-boost|p2a: Diancie|def|2\n|faint|p1a: Unfezant\n|faint|p1b: Lumineon\n|\n|upkeep\n|\n|t:|1698244447\n|switch|p1b: Vespiquen|Vespiquen, F|100\/100\n|switch|p1a: Meganium|Meganium, F|100\/100\n|-ability|p1b: Vespiquen|Pressure\n|turn|4\n|\n|t:|1698244463\n|move|p2a: Diancie|Diamond Storm|p1b: Vespiquen|[spread] p1a,p1b\n|-supereffective|p1b: Vespiquen\n|-damage|p1a: Meganium|37\/100\n|-damage|p1b: Vespiquen|0 fnt\n|faint|p1b: Vespiquen\n|move|p2b: Oranguru|Instruct|p2a: Diancie\n|-singleturn|p2a: Diancie|move: Instruct|[of] p2b: Oranguru\n|move|p2a: Diancie|Diamond Storm|p1a: Meganium\n|-damage|p1a: Meganium|0 fnt\n|-boost|p2a: Diancie|def|2\n|faint|p1a: Meganium\n|\n|-sideend|p1: Andres624342|move: Tailwind\n|upkeep\n|\n|t:|1698244482\n|switch|p1b: Farigiraf|Farigiraf, F|100\/100\n|switch|p1a: Wigglytuff|Wigglytuff, F|100\/100\n|turn|5\n|\n|t:|1698244500\n|-terastallize|p1b: Farigiraf|Normal\n|move|p1a: Wigglytuff|Fire Blast|p2a: Diancie\n|-resisted|p2a: Diancie\n|-damage|p2a: Diancie|63\/100\n|move|p2a: Diancie|Diamond Storm|p1a: Wigglytuff|[spread] p1a,p1b\n|-damage|p1a: Wigglytuff|26\/100\n|-damage|p1b: Farigiraf|42\/100\n|-enditem|p1b: Farigiraf|Sitrus Berry|[eat]\n|-heal|p1b: Farigiraf|67\/100|[from] item: Sitrus Berry\n|move|p2b: Oranguru|Instruct|p2a: Diancie\n|-singleturn|p2a: Diancie|move: Instruct|[of] p2b: Oranguru\n|move|p2a: Diancie|Diamond Storm|p1a: Wigglytuff|[spread] p1a,p1b\n|-damage|p1a: Wigglytuff|0 fnt\n|-damage|p1b: Farigiraf|0 fnt\n|faint|p1a: Wigglytuff\n|faint|p1b: Farigiraf\n|\n|win|cyanblacksilver\n|raw|Andres624342's rating: 1048 &rarr; <strong>1033<\/strong><br \/>(-15 for losing)\n|raw|cyanblacksilver's rating: 1089 &rarr; <strong>1113<\/strong><br \/>(+24 for winning)\n","uploadtime":1698244619,"views":11,"p1id":"andres624342","p2id":"cyanblacksilver","formatid":"gen9nationaldexdoubles","rating":1033,"private":0,"password":""}