{"id":"gen9nationaldexdoubles-1956293277","p1":"german_mg53","p2":"harvestmarc","format":"[Gen 9] National Dex Doubles","log":"|j|\u2606german_mg53\n|j|\u2606harvestmarc\n|t:|1696093837\n|gametype|doubles\n|player|p1|german_mg53|saturn|\n|player|p2|harvestmarc|caitlin|\n|teamsize|p1|6\n|teamsize|p2|6\n|gen|9\n|tier|[Gen 9] National Dex Doubles\n|rule|HP Percentage Mod: HP is shown in percentages\n|rule|Endless Battle Clause: Forcing endless battles is banned\n|rule|OHKO Clause: OHKO moves are banned\n|rule|Evasion Moves Clause: Evasion moves are banned\n|rule|Evasion Abilities Clause: Evasion abilities are banned\n|rule|Species Clause: Limit one of each Pok\u00e9mon\n|rule|Gravity Sleep Clause: The combination of sleep-inducing moves with imperfect accuracy and Gravity or Gigantamax Orbeetle are banned\n|clearpoke\n|poke|p1|Flygon, M|\n|poke|p1|Eelektross, F|\n|poke|p1|Orthworm, F|\n|poke|p1|Lilligant-Hisui, F|\n|poke|p1|Charizard, M|\n|poke|p1|Pachirisu, F|\n|poke|p2|Lilligant-Hisui, F|\n|poke|p2|Indeedee-F, F|\n|poke|p2|Torkoal, M|\n|poke|p2|Hatterene, F|\n|poke|p2|Armarouge, M|\n|poke|p2|Ursaluna, M|\n|teampreview\n|j| PJewe\n|j| VenusTatas\n|\n|t:|1696093893\n|start\n|switch|p1a: arantxa|Flygon, M|100\/100\n|switch|p1b: radiolo|Eelektross, F|100\/100\n|switch|p2a: Plateresco|Torkoal, M, shiny|100\/100\n|switch|p2b: Barroca|Lilligant-Hisui, F|100\/100\n|-weather|SunnyDay|[from] ability: Drought|[of] p2a: Plateresco\n|turn|1\n|\n|t:|1696093913\n|switch|p2a: Manierista|Indeedee-F, F, shiny|100\/100\n|-fieldstart|move: Psychic Terrain|[from] ability: Psychic Surge|[of] p2a: Manierista\n|move|p2b: Barroca|Sleep Powder|p1a: arantxa\n|-status|p1a: arantxa|slp|[from] move: Sleep Powder\n|cant|p1a: arantxa|slp\n|move|p1b: radiolo|Dragon Tail|p2b: Barroca\n|-damage|p2b: Barroca|75\/100\n|drag|p2b: Rom\u00e1nico|Ursaluna, M|100\/100\n|\n|-weather|SunnyDay|[upkeep]\n|-status|p2b: Rom\u00e1nico|brn|[from] item: Flame Orb\n|upkeep\n|turn|2\n|\n|t:|1696093937\n|-curestatus|p1a: arantxa|slp|[msg]\n|move|p1a: arantxa|Earthquake|p2b: Rom\u00e1nico|[spread] p2a,p2b\n|-immune|p1b: radiolo|[from] ability: Levitate\n|-damage|p2a: Manierista|42\/100\n|-damage|p2b: Rom\u00e1nico|72\/100 brn\n|-damage|p1a: arantxa|91\/100|[from] item: Life Orb\n|move|p2b: Rom\u00e1nico|Facade|p1b: radiolo\n|-damage|p1b: radiolo|0 fnt\n|faint|p1b: radiolo\n|move|p2a: Manierista|Trick Room|p2a: Manierista\n|-fieldstart|move: Trick Room|[of] p2a: Manierista\n|\n|-weather|SunnyDay|[upkeep]\n|-damage|p2b: Rom\u00e1nico|66\/100 brn|[from] brn\n|upkeep\n|\n|t:|1696093963\n|switch|p1b: sorpresiva|Orthworm, F|100\/100\n|turn|3\n|\n|t:|1696093976\n|move|p2a: Manierista|Helping Hand|p2b: Rom\u00e1nico\n|-singleturn|p2b: Rom\u00e1nico|Helping Hand|[of] p2a: Manierista\n|move|p1a: arantxa|Quick Attack|p2a: Manierista\n|-activate|p2a: Manierista|move: Psychic Terrain\n|move|p2b: Rom\u00e1nico|Headlong Rush|p1b: sorpresiva\n|-immune|p1b: sorpresiva|[from] ability: Earth Eater\n|move|p1b: sorpresiva|Iron Head|p2a: Manierista\n|-damage|p2a: Manierista|11\/100\n|-damage|p1b: sorpresiva|84\/100|[from] item: Rocky Helmet|[of] p2a: Manierista\n|\n|-weather|SunnyDay|[upkeep]\n|-damage|p2b: Rom\u00e1nico|60\/100 brn|[from] brn\n|upkeep\n|turn|4\n|\n|t:|1696093993\n|move|p2a: Manierista|Helping Hand|p2b: Rom\u00e1nico\n|-singleturn|p2b: Rom\u00e1nico|Helping Hand|[of] p2a: Manierista\n|move|p2b: Rom\u00e1nico|Facade|p1a: arantxa\n|-damage|p1a: arantxa|0 fnt\n|faint|p1a: arantxa\n|move|p1b: sorpresiva|Coil|p1b: sorpresiva\n|-boost|p1b: sorpresiva|atk|1\n|-boost|p1b: sorpresiva|def|1\n|-boost|p1b: sorpresiva|accuracy|1\n|\n|-weather|SunnyDay|[upkeep]\n|-damage|p2b: Rom\u00e1nico|54\/100 brn|[from] brn\n|upkeep\n|\n|t:|1696094010\n|switch|p1a: mar|Pachirisu, F|100\/100\n|turn|5\n|\n|t:|1696094019\n|switch|p1a: longaniza|Charizard, M|100\/100\n|move|p2a: Manierista|Helping Hand|p2b: Rom\u00e1nico\n|-singleturn|p2b: Rom\u00e1nico|Helping Hand|[of] p2a: Manierista\n|move|p2b: Rom\u00e1nico|Headlong Rush|p1a: longaniza\n|-immune|p1a: longaniza\n|move|p1b: sorpresiva|Iron Head|p2a: Manierista\n|-crit|p2a: Manierista\n|-damage|p2a: Manierista|0 fnt\n|-damage|p1b: sorpresiva|67\/100|[from] item: Rocky Helmet|[of] p2a: Manierista\n|faint|p2a: Manierista\n|\n|-weather|none\n|-damage|p2b: Rom\u00e1nico|48\/100 brn|[from] brn\n|-fieldend|move: Psychic Terrain\n|upkeep\n|\n|t:|1696094035\n|switch|p2a: Plateresco|Torkoal, M, shiny|100\/100\n|-weather|SunnyDay|[from] ability: Drought|[of] p2a: Plateresco\n|turn|6\n|\n|t:|1696094066\n|switch|p1a: mar|Pachirisu, F|100\/100\n|move|p2a: Plateresco|Eruption|p1b: sorpresiva|[spread] p1a,p1b\n|-supereffective|p1b: sorpresiva\n|-damage|p1a: mar|0 fnt\n|-damage|p1b: sorpresiva|0 fnt\n|faint|p1a: mar\n|faint|p1b: sorpresiva\n|move|p2b: Rom\u00e1nico|Facade|p1: mar|[notarget]\n|-fail|p2b: Rom\u00e1nico\n|\n|-weather|SunnyDay|[upkeep]\n|-damage|p2b: Rom\u00e1nico|42\/100 brn|[from] brn\n|-fieldend|move: Trick Room\n|upkeep\n|\n|t:|1696094078\n|switch|p1a: longaniza|Charizard, M|100\/100\n|switch|p1b: bailonga|Lilligant-Hisui, F|100\/100\n|turn|7\n|\n|t:|1696094092\n|switch|p2a: Rococ\u00f3|Hatterene, F, shiny|100\/100\n|detailschange|p1a: longaniza|Charizard-Mega-Y, M\n|-mega|p1a: longaniza|Charizard|Charizardite Y\n|move|p1b: bailonga|Close Combat|p2a: Rococ\u00f3\n|-resisted|p2a: Rococ\u00f3\n|-damage|p2a: Rococ\u00f3|84\/100\n|-unboost|p1b: bailonga|def|1\n|-unboost|p1b: bailonga|spd|1\n|move|p1a: longaniza|Ancient Power|p2a: Rococ\u00f3\n|-damage|p2a: Rococ\u00f3|59\/100\n|move|p2b: Rom\u00e1nico|Facade|p1b: bailonga\n|-damage|p1b: bailonga|0 fnt\n|faint|p1b: bailonga\n|\n|-weather|SunnyDay|[upkeep]\n|-damage|p2b: Rom\u00e1nico|36\/100 brn|[from] brn\n|upkeep\n|turn|8\n|\n|t:|1696094111\n|move|p2b: Rom\u00e1nico|Protect|p2b: Rom\u00e1nico\n|-singleturn|p2b: Rom\u00e1nico|Protect\n|move|p1a: longaniza|Solar Beam||[still]\n|-prepare|p1a: longaniza|Solar Beam\n|-anim|p1a: longaniza|Solar Beam|p2b: Rom\u00e1nico\n|-activate|p2b: Rom\u00e1nico|move: Protect\n|move|p2a: Rococ\u00f3|Trick Room|p2a: Rococ\u00f3\n|-fieldstart|move: Trick Room|[of] p2a: Rococ\u00f3\n|\n|-weather|SunnyDay|[upkeep]\n|-damage|p2b: Rom\u00e1nico|30\/100 brn|[from] brn\n|upkeep\n|turn|9\n|\n|t:|1696094124\n|move|p2a: Rococ\u00f3|Psychic|p1a: longaniza\n|-damage|p1a: longaniza|36\/100\n|-damage|p2a: Rococ\u00f3|50\/100|[from] item: Life Orb\n|move|p2b: Rom\u00e1nico|Facade|p1a: longaniza\n|-damage|p1a: longaniza|0 fnt\n|faint|p1a: longaniza\n|\n|win|harvestmarc\n|l|\u2606german_mg53\n","uploadtime":1696094144,"views":11,"p1id":"germanmg53","p2id":"harvestmarc","formatid":"gen9nationaldexdoubles","rating":0,"private":0,"password":""}