{"id":"gen9nationaldexdoubles-1982162763","p1":"decidoustree","p2":"MikazukiRex_","format":"[Gen 9] National Dex Doubles","log":"|j|\u2606decidoustree\n|j|\u2606MikazukiRex_\n|t:|1698974366\n|gametype|doubles\n|player|p1|decidoustree|veteranf|\n|player|p2|MikazukiRex_|ltsurge|\n|teamsize|p1|6\n|teamsize|p2|6\n|gen|9\n|tier|[Gen 9] National Dex Doubles\n|rule|HP Percentage Mod: HP is shown in percentages\n|rule|Endless Battle Clause: Forcing endless battles is banned\n|rule|OHKO Clause: OHKO moves are banned\n|rule|Evasion Moves Clause: Evasion moves are banned\n|rule|Evasion Abilities Clause: Evasion abilities are banned\n|rule|Species Clause: Limit one of each Pok\u00e9mon\n|rule|Gravity Sleep Clause: The combination of sleep-inducing moves with imperfect accuracy and Gravity or Gigantamax Orbeetle are banned\n|clearpoke\n|poke|p1|Jirachi|\n|poke|p1|Mismagius, F|\n|poke|p1|Audino, F|\n|poke|p1|Delphox, F|\n|poke|p1|Mienshao, M|\n|poke|p1|Altaria, F|\n|poke|p2|Skeledirge, M|\n|poke|p2|Meowscarada, M|\n|poke|p2|Grimmsnarl, M|\n|poke|p2|Chien-Pao|\n|poke|p2|Garganacl, M|\n|poke|p2|Maushold|\n|teampreview\n|c|\u2606MikazukiRex_|oh lord, your team\n|c|\u2606decidoustree|there is no problem\n|c|\u2606MikazukiRex_|looks atrocious\n|c|\u2606MikazukiRex_|as in tanks\n|c|\u2606MikazukiRex_|tanky*\n|c|\u2606MikazukiRex_|im scared lmao\n|c|\u2606MikazukiRex_|glhf :)\n|c|\u2606decidoustree|\ud83d\ude2d\n|c|\u2606decidoustree|gl\n|\n|t:|1698974438\n|start\n|switch|p1a: Get mad !!!|Mienshao, M|100\/100\n|switch|p1b: Machiavellian Bach|Jirachi|100\/100\n|switch|p2a: Meowscarada|Meowscarada, M|100\/100\n|switch|p2b: Grimmsnarl|Grimmsnarl, M|100\/100\n|turn|1\n|\n|t:|1698974472\n|move|p2a: Meowscarada|Protect|p2a: Meowscarada\n|-singleturn|p2a: Meowscarada|Protect\n|move|p1a: Get mad !!!|Fake Out|p2b: Grimmsnarl\n|-damage|p2b: Grimmsnarl|83\/100\n|-damage|p1a: Get mad !!!|91\/100|[from] item: Life Orb\n|cant|p2b: Grimmsnarl|flinch\n|move|p1b: Machiavellian Bach|Cosmic Power|p1b: Machiavellian Bach\n|-boost|p1b: Machiavellian Bach|def|1\n|-boost|p1b: Machiavellian Bach|spd|1\n|\n|upkeep\n|turn|2\n|\n|t:|1698974505\n|move|p2b: Grimmsnarl|Reflect|p2b: Grimmsnarl\n|-sidestart|p2: MikazukiRex_|Reflect\n|move|p2a: Meowscarada|Flower Trick|p1b: Machiavellian Bach\n|-resisted|p1b: Machiavellian Bach\n|-crit|p1b: Machiavellian Bach\n|-damage|p1b: Machiavellian Bach|82\/100\n|move|p1a: Get mad !!!|High Jump Kick|p2a: Meowscarada\n|-supereffective|p2a: Meowscarada\n|-enditem|p2a: Meowscarada|Focus Sash\n|-damage|p2a: Meowscarada|1\/100\n|-damage|p1a: Get mad !!!|81\/100|[from] item: Life Orb\n|move|p1b: Machiavellian Bach|Cosmic Power|p1b: Machiavellian Bach\n|-boost|p1b: Machiavellian Bach|def|1\n|-boost|p1b: Machiavellian Bach|spd|1\n|\n|-heal|p1b: Machiavellian Bach|88\/100|[from] item: Leftovers\n|upkeep\n|turn|3\n|\n|t:|1698974535\n|move|p2a: Meowscarada|Flower Trick|p1a: Get mad !!!\n|-crit|p1a: Get mad !!!\n|-damage|p1a: Get mad !!!|0 fnt\n|faint|p1a: Get mad !!!\n|move|p1b: Machiavellian Bach|Charge Beam|p2a: Meowscarada\n|-resisted|p2a: Meowscarada\n|-crit|p2a: Meowscarada\n|-damage|p2a: Meowscarada|0 fnt\n|-boost|p1b: Machiavellian Bach|spa|1\n|faint|p2a: Meowscarada\n|move|p2b: Grimmsnarl|Spirit Break|p1b: Machiavellian Bach\n|-resisted|p1b: Machiavellian Bach\n|-damage|p1b: Machiavellian Bach|82\/100\n|-unboost|p1b: Machiavellian Bach|spa|1\n|\n|-heal|p1b: Machiavellian Bach|88\/100|[from] item: Leftovers\n|upkeep\n|\n|t:|1698974563\n|switch|p2a: Skeledirge|Skeledirge, M|100\/100\n|switch|p1a: Yes !|Audino, F|100\/100\n|turn|4\n|\n|t:|1698974599\n|-terastallize|p1b: Machiavellian Bach|Fairy\n|move|p2b: Grimmsnarl|Light Screen|p2b: Grimmsnarl\n|-sidestart|p2: MikazukiRex_|move: Light Screen\n|move|p1b: Machiavellian Bach|Charge Beam|p2b: Grimmsnarl\n|-damage|p2b: Grimmsnarl|75\/100\n|-boost|p1b: Machiavellian Bach|spa|1\n|move|p2a: Skeledirge|Will-O-Wisp|p1b: Machiavellian Bach\n|-status|p1b: Machiavellian Bach|brn\n|move|p1a: Yes !|Yawn|p2a: Skeledirge\n|-start|p2a: Skeledirge|move: Yawn|[of] p1a: Yes !\n|\n|-heal|p1b: Machiavellian Bach|94\/100 brn|[from] item: Leftovers\n|-damage|p1b: Machiavellian Bach|88\/100 brn|[from] brn\n|upkeep\n|turn|5\n|\n|t:|1698974633\n|switch|p2a: Garganacl|Garganacl, M|100\/100\n|move|p2b: Grimmsnarl|Parting Shot|p1b: Machiavellian Bach\n|-unboost|p1b: Machiavellian Bach|atk|1\n|-unboost|p1b: Machiavellian Bach|spa|1\n|\n|t:|1698974639\n|switch|p2b: Skeledirge|Skeledirge, M|100\/100|[from] Parting Shot\n|move|p1b: Machiavellian Bach|Baton Pass|p1b: Machiavellian Bach\n|\n|t:|1698974646\n|switch|p1b: Fluffy|Altaria, F|100\/100|[from] Baton Pass\n|move|p1a: Yes !|Yawn|p2b: Skeledirge\n|-start|p2b: Skeledirge|move: Yawn|[of] p1a: Yes !\n|\n|upkeep\n|turn|6\n|\n|t:|1698974671\n|switch|p2b: Grimmsnarl|Grimmsnarl, M|75\/100\n|detailschange|p1b: Fluffy|Altaria-Mega, F\n|-mega|p1b: Fluffy|Altaria|Altarianite\n|move|p1a: Yes !|Helping Hand|p1b: Fluffy\n|-singleturn|p1b: Fluffy|Helping Hand|[of] p1a: Yes !\n|move|p1b: Fluffy|Hyper Voice|p2b: Grimmsnarl|[spread] p2a,p2b\n|-supereffective|p2b: Grimmsnarl\n|-damage|p2a: Garganacl|78\/100\n|-damage|p2b: Grimmsnarl|20\/100\n|move|p2a: Garganacl|Salt Cure|p1b: Fluffy\n|-damage|p1b: Fluffy|94\/100\n|-start|p1b: Fluffy|Salt Cure\n|\n|-heal|p2a: Garganacl|84\/100|[from] item: Leftovers\n|-damage|p1b: Fluffy|82\/100|[from] Salt Cure\n|upkeep\n|turn|7\n|\n|t:|1698974705\n|switch|p2b: Skeledirge|Skeledirge, M|100\/100\n|move|p1b: Fluffy|Hyper Voice|p2a: Garganacl|[spread] p2a,p2b\n|-resisted|p2b: Skeledirge\n|-damage|p2a: Garganacl|70\/100\n|-damage|p2b: Skeledirge|92\/100\n|move|p1a: Yes !|Hyper Voice|p2a: Garganacl|[spread] p2a\n|-immune|p2b: Skeledirge\n|-resisted|p2a: Garganacl\n|-damage|p2a: Garganacl|66\/100\n|move|p2a: Garganacl|Body Press|p1a: Yes !\n|-supereffective|p1a: Yes !\n|-damage|p1a: Yes !|63\/100\n|-damage|p2a: Garganacl|49\/100|[from] item: Rocky Helmet|[of] p1a: Yes !\n|\n|-heal|p2a: Garganacl|55\/100|[from] item: Leftovers\n|-damage|p1b: Fluffy|70\/100|[from] Salt Cure\n|upkeep\n|turn|8\n|\n|t:|1698974779\n|move|p1b: Fluffy|Draco Meteor|p2b: Skeledirge\n|-damage|p2b: Skeledirge|65\/100\n|-unboost|p1b: Fluffy|spa|2\n|move|p2b: Skeledirge|Will-O-Wisp|p1b: Fluffy\n|-status|p1b: Fluffy|brn\n|move|p1a: Yes !|Blizzard|p2a: Garganacl|[spread] p2a,p2b\n|-resisted|p2b: Skeledirge\n|-damage|p2a: Garganacl|49\/100\n|-damage|p2b: Skeledirge|62\/100\n|move|p2a: Garganacl|Recover|p2a: Garganacl\n|-heal|p2a: Garganacl|99\/100\n|\n|-heal|p2a: Garganacl|100\/100|[from] item: Leftovers\n|-damage|p1b: Fluffy|64\/100 brn|[from] brn\n|-damage|p1b: Fluffy|51\/100 brn|[from] Salt Cure\n|upkeep\n|turn|9\n|\n|t:|1698974823\n|move|p1b: Fluffy|Hyper Voice|p2b: Skeledirge|[spread] p2a,p2b\n|-resisted|p2b: Skeledirge\n|-damage|p2a: Garganacl|93\/100\n|-damage|p2b: Skeledirge|53\/100\n|move|p2b: Skeledirge|Torch Song|p1a: Yes !\n|-damage|p1a: Yes !|39\/100\n|-boost|p2b: Skeledirge|spa|1\n|-enditem|p2b: Skeledirge|Throat Spray\n|-boost|p2b: Skeledirge|spa|1|[from] item: Throat Spray\n|move|p1a: Yes !|Yawn|p2a: Garganacl\n|-immune|p2a: Garganacl|[from] ability: Purifying Salt\n|move|p2a: Garganacl|Body Press|p1a: Yes !\n|-supereffective|p1a: Yes !\n|-damage|p1a: Yes !|0 fnt\n|-damage|p2a: Garganacl|76\/100|[from] item: Rocky Helmet|[of] p1a: Yes !\n|faint|p1a: Yes !\n|\n|-heal|p2a: Garganacl|82\/100|[from] item: Leftovers\n|-damage|p1b: Fluffy|45\/100 brn|[from] brn\n|-damage|p1b: Fluffy|33\/100 brn|[from] Salt Cure\n|-sideend|p2: MikazukiRex_|Reflect\n|upkeep\n|\n|t:|1698974848\n|switch|p1a: 999|Mismagius, F|100\/100\n|turn|10\n|\n|t:|1698974874\n|move|p1a: 999|Shadow Ball|p2b: Skeledirge\n|-supereffective|p2b: Skeledirge\n|-damage|p2b: Skeledirge|3\/100\n|-damage|p1a: 999|91\/100|[from] item: Life Orb\n|move|p1b: Fluffy|Hyper Voice|p2a: Garganacl|[spread] p2a,p2b\n|-resisted|p2b: Skeledirge\n|-damage|p2a: Garganacl|74\/100\n|-damage|p2b: Skeledirge|0 fnt\n|faint|p2b: Skeledirge\n|move|p2a: Garganacl|Salt Cure|p1a: 999\n|-damage|p1a: 999|64\/100\n|-start|p1a: 999|Salt Cure\n|\n|-heal|p2a: Garganacl|80\/100|[from] item: Leftovers\n|-damage|p1b: Fluffy|27\/100 brn|[from] brn\n|-damage|p1a: 999|52\/100|[from] Salt Cure\n|-damage|p1b: Fluffy|14\/100 brn|[from] Salt Cure\n|upkeep\n|\n|t:|1698974900\n|switch|p2b: Chien-Pao|Chien-Pao|100\/100\n|-ability|p2b: Chien-Pao|Sword of Ruin\n|turn|11\n|\n|t:|1698974937\n|switch|p1a: Machiavellian Bach|Jirachi, tera:Fairy|88\/100 brn\n|move|p2b: Chien-Pao|Protect|p2b: Chien-Pao\n|-singleturn|p2b: Chien-Pao|Protect\n|move|p1b: Fluffy|Hyper Voice|p2b: Chien-Pao|[spread] p2a\n|-activate|p2b: Chien-Pao|move: Protect\n|-damage|p2a: Garganacl|72\/100\n|move|p2a: Garganacl|Salt Cure|p1a: Machiavellian Bach\n|-damage|p1a: Machiavellian Bach|73\/100 brn\n|-start|p1a: Machiavellian Bach|Salt Cure\n|\n|-heal|p1a: Machiavellian Bach|79\/100 brn|[from] item: Leftovers\n|-heal|p2a: Garganacl|78\/100|[from] item: Leftovers\n|-damage|p1a: Machiavellian Bach|73\/100 brn|[from] brn\n|-damage|p1b: Fluffy|8\/100 brn|[from] brn\n|-damage|p1a: Machiavellian Bach|61\/100 brn|[from] Salt Cure\n|-damage|p1b: Fluffy|0 fnt|[from] Salt Cure\n|faint|p1b: Fluffy\n|-sideend|p2: MikazukiRex_|move: Light Screen\n|upkeep\n|l|\u2606MikazukiRex_\n|player|p2|\n|\n|t:|1698974964\n|switch|p1b: 999|Mismagius, F|52\/100\n|turn|12\n|j|\u2606MikazukiRex_\n|player|p2|MikazukiRex_|ltsurge\n|c|\u2606MikazukiRex_|wth\n|c|\u2606MikazukiRex_|I got kicked out lol\n|\n|t:|1698975007\n|move|p2b: Chien-Pao|Sucker Punch|p1b: 999\n|-supereffective|p1b: 999\n|-damage|p1b: 999|0 fnt\n|faint|p1b: 999\n|-damage|p2b: Chien-Pao|91\/100|[from] item: Life Orb\n|move|p1a: Machiavellian Bach|Charge Beam|p2a: Garganacl\n|-damage|p2a: Garganacl|70\/100\n|-boost|p1a: Machiavellian Bach|spa|1\n|move|p2a: Garganacl|Salt Cure|p1a: Machiavellian Bach\n|-damage|p1a: Machiavellian Bach|46\/100 brn\n|\n|-heal|p1a: Machiavellian Bach|53\/100 brn|[from] item: Leftovers\n|-heal|p2a: Garganacl|76\/100|[from] item: Leftovers\n|-damage|p1a: Machiavellian Bach|46\/100 brn|[from] brn\n|-damage|p1a: Machiavellian Bach|34\/100 brn|[from] Salt Cure\n|upkeep\n|\n|t:|1698975023\n|switch|p1b: Lemonade|Delphox, F|100\/100\n|turn|13\n|\n|t:|1698975043\n|move|p2b: Chien-Pao|Protect|p2b: Chien-Pao\n|-singleturn|p2b: Chien-Pao|Protect\n|move|p1b: Lemonade|Hypnosis|p2a: Garganacl\n|-immune|p2a: Garganacl|[from] ability: Purifying Salt\n|move|p1a: Machiavellian Bach|Charge Beam|p2a: Garganacl\n|-damage|p2a: Garganacl|64\/100\n|-boost|p1a: Machiavellian Bach|spa|1\n|move|p2a: Garganacl|Salt Cure|p1b: Lemonade\n|-supereffective|p1b: Lemonade\n|-damage|p1b: Lemonade|47\/100\n|-start|p1b: Lemonade|Salt Cure\n|\n|-heal|p1a: Machiavellian Bach|40\/100 brn|[from] item: Leftovers\n|-heal|p2a: Garganacl|70\/100|[from] item: Leftovers\n|-damage|p1a: Machiavellian Bach|34\/100 brn|[from] brn\n|-damage|p1b: Lemonade|35\/100|[from] Salt Cure\n|-damage|p1a: Machiavellian Bach|22\/100 brn|[from] Salt Cure\n|upkeep\n|turn|14\n|c|\u2606decidoustree|i forgot\n|c|\u2606MikazukiRex_|no worries it happens\n|\n|t:|1698975086\n|move|p2b: Chien-Pao|Sucker Punch||[still]\n|-fail|p2b: Chien-Pao\n|move|p1b: Lemonade|Calm Mind|p1b: Lemonade\n|-boost|p1b: Lemonade|spa|1\n|-boost|p1b: Lemonade|spd|1\n|move|p1a: Machiavellian Bach|Charge Beam|p2a: Garganacl\n|-damage|p2a: Garganacl|53\/100\n|-boost|p1a: Machiavellian Bach|spa|1\n|move|p2a: Garganacl|Salt Cure|p1b: Lemonade\n|-supereffective|p1b: Lemonade\n|-damage|p1b: Lemonade|0 fnt\n|faint|p1b: Lemonade\n|\n|-heal|p1a: Machiavellian Bach|28\/100 brn|[from] item: Leftovers\n|-heal|p2a: Garganacl|60\/100|[from] item: Leftovers\n|-damage|p1a: Machiavellian Bach|22\/100 brn|[from] brn\n|-damage|p1a: Machiavellian Bach|10\/100 brn|[from] Salt Cure\n|upkeep\n|turn|15\n|\n|t:|1698975107\n|move|p2b: Chien-Pao|Sacred Sword|p1a: Machiavellian Bach\n|-resisted|p1a: Machiavellian Bach\n|-damage|p1a: Machiavellian Bach|0 fnt\n|faint|p1a: Machiavellian Bach\n|-damage|p2b: Chien-Pao|81\/100|[from] item: Life Orb\n|\n|win|MikazukiRex_\n|c|\u2606decidoustree|gg\n|c|\u2606MikazukiRex_|ggs\n|l|\u2606MikazukiRex_\n","uploadtime":1698975118,"views":71,"p1id":"decidoustree","p2id":"mikazukirex","formatid":"gen9nationaldexdoubles","rating":0,"private":0,"password":""}