{"id":"gen9nationaldexdoubles-1987798282","p1":"Sano the Hareghig","p2":"ty269204","format":"[Gen 9] National Dex Doubles","log":"|j|\u2606Sano the Hareghig\n|j|\u2606ty269204\n|t:|1699637852\n|gametype|doubles\n|player|p1|Sano the Hareghig|byron|1228\n|player|p2|ty269204|266|1123\n|teamsize|p1|6\n|teamsize|p2|6\n|gen|9\n|tier|[Gen 9] National Dex Doubles\n|rated|\n|rule|HP Percentage Mod: HP is shown in percentages\n|rule|Endless Battle Clause: Forcing endless battles is banned\n|rule|OHKO Clause: OHKO moves are banned\n|rule|Evasion Moves Clause: Evasion moves are banned\n|rule|Evasion Abilities Clause: Evasion abilities are banned\n|rule|Species Clause: Limit one of each Pok\u00e9mon\n|rule|Gravity Sleep Clause: The combination of sleep-inducing moves with imperfect accuracy and Gravity or Gigantamax Orbeetle are banned\n|clearpoke\n|poke|p1|Yanmega, F|\n|poke|p1|Raikou|\n|poke|p1|Flygon, M|\n|poke|p1|Suicune|\n|poke|p1|Entei|\n|poke|p1|Basculegion, M|\n|poke|p2|Garganacl, F|\n|poke|p2|Urshifu-*, F|\n|poke|p2|Pelipper, F|\n|poke|p2|Ferrothorn, M|\n|poke|p2|Serperior, M|\n|poke|p2|Swampert, F|\n|teampreview\n|inactive|Battle timer is ON: inactive players will automatically lose when time's up. (requested by ty269204)\n|\n|t:|1699637871\n|start\n|switch|p1a: Flygon|Flygon, M|100\/100\n|switch|p1b: Basculegion|Basculegion, M|100\/100\n|switch|p2a: Ferrothorn|Ferrothorn, M|100\/100\n|switch|p2b: Serperior|Serperior, M|100\/100\n|turn|1\n|\n|t:|1699637890\n|-terastallize|p1b: Basculegion|Dragon\n|move|p1b: Basculegion|Outrage|p2b: Serperior\n|-damage|p2b: Serperior|0 fnt\n|faint|p2b: Serperior\n|move|p1a: Flygon|Dragon Dance|p1a: Flygon\n|-boost|p1a: Flygon|atk|1\n|-boost|p1a: Flygon|spe|1\n|move|p2a: Ferrothorn|Leech Seed|p1a: Flygon\n|-start|p1a: Flygon|move: Leech Seed\n|\n|-damage|p1a: Flygon|88\/100|[from] Leech Seed|[of] p2a: Ferrothorn\n|upkeep\n|\n|t:|1699637904\n|switch|p2b: Garganacl|Garganacl, F|100\/100\n|turn|2\n|\n|t:|1699637915\n|move|p1a: Flygon|Fire Punch|p2a: Ferrothorn\n|-supereffective|p2a: Ferrothorn\n|-damage|p2a: Ferrothorn|0 fnt\n|-damage|p1a: Flygon|76\/100|[from] ability: Iron Barbs|[of] p2a: Ferrothorn\n|-damage|p1a: Flygon|59\/100|[from] item: Rocky Helmet|[of] p2a: Ferrothorn\n|faint|p2a: Ferrothorn\n|-damage|p1a: Flygon|50\/100|[from] item: Life Orb\n|move|p1b: Basculegion|Outrage|p2b: Garganacl|[from]lockedmove\n|-damage|p2b: Garganacl|55\/100\n|-start|p1b: Basculegion|confusion|[fatigue]\n|move|p2b: Garganacl|Salt Cure|p1b: Basculegion\n|-damage|p1b: Basculegion|84\/100\n|-start|p1b: Basculegion|Salt Cure\n|\n|-heal|p2b: Garganacl|62\/100|[from] item: Leftovers\n|-damage|p1b: Basculegion|72\/100|[from] Salt Cure\n|upkeep\n|\n|t:|1699637939\n|switch|p2a: Pelipper|Pelipper, F|100\/100\n|-weather|RainDance|[from] ability: Drizzle|[of] p2a: Pelipper\n|turn|3\n|\n|t:|1699637948\n|move|p1a: Flygon|Outrage|p2b: Garganacl\n|-damage|p2b: Garganacl|8\/100\n|-damage|p1a: Flygon|40\/100|[from] item: Life Orb\n|-activate|p1b: Basculegion|confusion\n|-damage|p1b: Basculegion|53\/100|[from] confusion\n|move|p2a: Pelipper|U-turn|p1b: Basculegion\n|-damage|p1b: Basculegion|41\/100\n|\n|t:|1699637959\n|switch|p2a: Swampert|Swampert, F, shiny|100\/100|[from] U-turn\n|move|p2b: Garganacl|Body Press|p1b: Basculegion\n|-damage|p1b: Basculegion|0 fnt\n|faint|p1b: Basculegion\n|\n|-weather|RainDance|[upkeep]\n|-heal|p2b: Garganacl|14\/100|[from] item: Leftovers\n|-damage|p1a: Flygon|27\/100|[from] Leech Seed|[of] p2a: Swampert\n|upkeep\n|\n|t:|1699637968\n|switch|p1b: Entei|Entei|100\/100\n|-ability|p1b: Entei|Pressure\n|turn|4\n|\n|t:|1699637982\n|detailschange|p2a: Swampert|Swampert-Mega, F, shiny\n|-mega|p2a: Swampert|Swampert|Swampertite\n|move|p1b: Entei|Extreme Speed|p2b: Garganacl\n|-resisted|p2b: Garganacl\n|-crit|p2b: Garganacl\n|-damage|p2b: Garganacl|0 fnt\n|faint|p2b: Garganacl\n|move|p2a: Swampert|Ice Punch|p1a: Flygon\n|-supereffective|p1a: Flygon\n|-damage|p1a: Flygon|0 fnt\n|faint|p1a: Flygon\n|\n|-weather|RainDance|[upkeep]\n|upkeep\n|\n|t:|1699637996\n|switch|p1a: Yanmega|Yanmega, F|100\/100\n|switch|p2b: Urshifu|Urshifu-Rapid-Strike, F|100\/100\n|turn|5\n|\n|t:|1699638010\n|move|p1a: Yanmega|Protect|p1a: Yanmega\n|-singleturn|p1a: Yanmega|Protect\n|move|p1b: Entei|Extreme Speed|p2a: Swampert\n|-damage|p2a: Swampert|64\/100\n|move|p2a: Swampert|Earthquake|p1a: Yanmega|[spread] p2b,p1b\n|-activate|p1a: Yanmega|move: Protect\n|-supereffective|p1b: Entei\n|-damage|p2b: Urshifu|49\/100\n|-damage|p1b: Entei|0 fnt\n|faint|p1b: Entei\n|move|p2b: Urshifu|Surging Strikes|p1a: Yanmega\n|-crit|p1a: Yanmega\n|-damage|p1a: Yanmega|65\/100\n|-crit|p1a: Yanmega\n|-damage|p1a: Yanmega|28\/100\n|-crit|p1a: Yanmega\n|-damage|p1a: Yanmega|0 fnt\n|faint|p1a: Yanmega\n|-hitcount|p1: Yanmega|3\n|\n|-weather|RainDance|[upkeep]\n|upkeep\n|\n|t:|1699638027\n|switch|p1b: Suicune|Suicune|100\/100\n|switch|p1a: Raikou|Raikou|100\/100\n|-ability|p1a: Raikou|Pressure\n|-ability|p1b: Suicune|Pressure\n|turn|6\n|\n|t:|1699638039\n|move|p2b: Urshifu|Detect|p2b: Urshifu\n|-singleturn|p2b: Urshifu|Protect\n|move|p2a: Swampert|Earthquake|p1b: Suicune|[spread] p1a,p1b\n|-activate|p2b: Urshifu|move: Protect\n|-supereffective|p1a: Raikou\n|-damage|p1a: Raikou|9\/100\n|-damage|p1b: Suicune|74\/100\n|move|p1b: Suicune|Calm Mind|p1b: Suicune\n|-boost|p1b: Suicune|spa|1\n|-boost|p1b: Suicune|spd|1\n|move|p1a: Raikou|Roar|p2a: Swampert\n|drag|p2a: Pelipper|Pelipper, F|100\/100\n|\n|-weather|RainDance|[upkeep]\n|-heal|p1a: Raikou|15\/100|[from] item: Leftovers\n|-heal|p1b: Suicune|80\/100|[from] item: Leftovers\n|upkeep\n|turn|7\n|\n|t:|1699638067\n|switch|p2a: Swampert|Swampert-Mega, F, shiny|64\/100\n|move|p2b: Urshifu|Aqua Jet|p1a: Raikou\n|-damage|p1a: Raikou|0 fnt\n|faint|p1a: Raikou\n|move|p1b: Suicune|Toxic|p2a: Swampert\n|-status|p2a: Swampert|tox\n|\n|-weather|none\n|-heal|p1b: Suicune|87\/100|[from] item: Leftovers\n|-damage|p2a: Swampert|58\/100 tox|[from] psn\n|upkeep\n|turn|8\n|\n|t:|1699638089\n|switch|p2b: Pelipper|Pelipper, F|100\/100\n|-weather|RainDance|[from] ability: Drizzle|[of] p2b: Pelipper\n|move|p2a: Swampert|Brick Break|p1b: Suicune\n|-damage|p1b: Suicune|70\/100\n|move|p1b: Suicune|Surf|p2b: Pelipper|[spread] p2a,p2b\n|-resisted|p2b: Pelipper\n|-damage|p2a: Swampert|14\/100 tox\n|-damage|p2b: Pelipper|65\/100\n|\n|-weather|RainDance|[upkeep]\n|-heal|p1b: Suicune|76\/100|[from] item: Leftovers\n|-heal|p2b: Pelipper|71\/100|[from] item: Leftovers\n|-damage|p2a: Swampert|2\/100 tox|[from] psn\n|upkeep\n|turn|9\n|\n|t:|1699638105\n|move|p2a: Swampert|Earthquake|p1b: Suicune|[spread] p1b\n|-immune|p2b: Pelipper\n|-damage|p1b: Suicune|50\/100\n|move|p1b: Suicune|Calm Mind|p1b: Suicune\n|-boost|p1b: Suicune|spa|1\n|-boost|p1b: Suicune|spd|1\n|move|p2b: Pelipper|Hurricane|p1b: Suicune\n|-damage|p1b: Suicune|29\/100\n|\n|-weather|RainDance|[upkeep]\n|-heal|p1b: Suicune|35\/100|[from] item: Leftovers\n|-heal|p2b: Pelipper|78\/100|[from] item: Leftovers\n|-damage|p2a: Swampert|0 fnt|[from] psn\n|faint|p2a: Swampert\n|upkeep\n|\n|t:|1699638115\n|switch|p2a: Urshifu|Urshifu-Rapid-Strike, F|49\/100\n|turn|10\n|\n|t:|1699638122\n|move|p2a: Urshifu|Surging Strikes|p1b: Suicune\n|-resisted|p1b: Suicune\n|-crit|p1b: Suicune\n|-damage|p1b: Suicune|26\/100\n|-resisted|p1b: Suicune\n|-crit|p1b: Suicune\n|-damage|p1b: Suicune|19\/100\n|-resisted|p1b: Suicune\n|-crit|p1b: Suicune\n|-damage|p1b: Suicune|11\/100\n|-hitcount|p1b: Suicune|3\n|move|p1b: Suicune|Surf|p2b: Pelipper|[spread] p2a,p2b\n|-resisted|p2a: Urshifu\n|-resisted|p2b: Pelipper\n|-damage|p2a: Urshifu|1\/100\n|-damage|p2b: Pelipper|34\/100\n|-enditem|p2a: Urshifu|Aguav Berry|[eat]\n|-heal|p2a: Urshifu|34\/100|[from] item: Aguav Berry\n|move|p2b: Pelipper|Hurricane|p1b: Suicune\n|-damage|p1b: Suicune|0 fnt\n|faint|p1b: Suicune\n|\n|win|ty269204\n|raw|Sano the Hareghig's rating: 1228 &rarr; <strong>1196<\/strong><br \/>(-32 for losing)\n|raw|ty269204's rating: 1123 &rarr; <strong>1155<\/strong><br \/>(+32 for winning)\n|l|\u2606Sano the Hareghig\n","uploadtime":1699638142,"views":5,"p1id":"sanothehareghig","p2id":"ty269204","formatid":"gen9nationaldexdoubles","rating":1155,"private":0,"password":""}