{"id":"gen9nationaldexdoubles-1994801456","p1":"InferiorCizy","p2":"Zoroark Nidoking","format":"[Gen 9] National Dex Doubles","log":"|j|\u2606InferiorCizy\n|j|\u2606Zoroark Nidoking\n|t:|1700494097\n|gametype|doubles\n|player|p1|InferiorCizy|lucas|1207\n|player|p2|Zoroark Nidoking|gambler|1428\n|teamsize|p1|6\n|teamsize|p2|6\n|gen|9\n|tier|[Gen 9] National Dex Doubles\n|rated|\n|rule|HP Percentage Mod: HP is shown in percentages\n|rule|Endless Battle Clause: Forcing endless battles is banned\n|rule|OHKO Clause: OHKO moves are banned\n|rule|Evasion Moves Clause: Evasion moves are banned\n|rule|Evasion Abilities Clause: Evasion abilities are banned\n|rule|Species Clause: Limit one of each Pok\u00e9mon\n|rule|Gravity Sleep Clause: The combination of sleep-inducing moves with imperfect accuracy and Gravity or Gigantamax Orbeetle are banned\n|clearpoke\n|poke|p1|Amoonguss, M|\n|poke|p1|Palafin, M|\n|poke|p1|Incineroar, M|\n|poke|p1|Flutter Mane|\n|poke|p1|Ogerpon-Cornerstone, F|\n|poke|p1|Regieleki|\n|poke|p2|Incineroar, M|\n|poke|p2|Urshifu-*, M|\n|poke|p2|Rillaboom, M|\n|poke|p2|Landorus-Therian, M|\n|poke|p2|Flutter Mane|\n|poke|p2|Kommo-o, M|\n|teampreview\n|inactive|Battle timer is ON: inactive players will automatically lose when time's up. (requested by Zoroark Nidoking)\n|\n|t:|1700494113\n|start\n|switch|p1a: Palafin|Palafin, M|100\/100\n|switch|p1b: Incineroar|Incineroar, M|100\/100\n|switch|p2a: Heel|Incineroar, M, shiny|100\/100\n|switch|p2b: Drummer|Rillaboom, M, shiny|100\/100\n|-fieldstart|move: Grassy Terrain|[from] ability: Grassy Surge|[of] p2b: Drummer\n|-ability|p1b: Incineroar|Intimidate|boost\n|-unboost|p2a: Heel|atk|1\n|-fail|p2b: Drummer|unboost|[from] item: Clear Amulet|[of] p2b: Drummer\n|-ability|p2a: Heel|Intimidate|boost\n|-unboost|p1a: Palafin|atk|1\n|-unboost|p1b: Incineroar|atk|1\n|turn|1\n|\n|t:|1700494128\n|detailschange|p1a: Palafin|Palafin-Hero, M\n|switch|p1a: Amoonguss|Amoonguss, M|100\/100\n|move|p2b: Drummer|Grassy Glide|p1a: Amoonguss\n|-resisted|p1a: Amoonguss\n|-damage|p1a: Amoonguss|94\/100\n|move|p1b: Incineroar|Parting Shot|p2b: Drummer\n|-fail|p2b: Drummer|unboost|[from] item: Clear Amulet|[of] p2b: Drummer\n|move|p2a: Heel|Will-O-Wisp|p1a: Amoonguss\n|-status|p1a: Amoonguss|brn\n|\n|-heal|p1a: Amoonguss|99\/100 brn|[from] Grassy Terrain\n|-damage|p1a: Amoonguss|94\/100 brn|[from] brn\n|upkeep\n|turn|2\n|\n|t:|1700494144\n|move|p1a: Amoonguss|Protect|p1a: Amoonguss\n|-singleturn|p1a: Amoonguss|Protect\n|move|p2b: Drummer|High Horsepower|p1b: Incineroar\n|-supereffective|p1b: Incineroar\n|-damage|p1b: Incineroar|42\/100\n|-enditem|p1b: Incineroar|Sitrus Berry|[eat]\n|-heal|p1b: Incineroar|67\/100|[from] item: Sitrus Berry\n|move|p1b: Incineroar|Parting Shot|p2a: Heel\n|-unboost|p2a: Heel|atk|1\n|-unboost|p2a: Heel|spa|1\n|\n|t:|1700494160\n|switch|p1b: Ogerpon|Ogerpon-Cornerstone, F|100\/100|[from] Parting Shot\n|move|p2a: Heel|Parting Shot|p1b: Ogerpon\n|-unboost|p1b: Ogerpon|atk|1\n|-unboost|p1b: Ogerpon|spa|1\n|\n|t:|1700494166\n|switch|p2a: Rapid Flow|Urshifu-Rapid-Strike, M|100\/100|[from] Parting Shot\n|\n|-heal|p1a: Amoonguss|99\/100 brn|[from] Grassy Terrain\n|-damage|p1a: Amoonguss|94\/100 brn|[from] brn\n|upkeep\n|turn|3\n|\n|t:|1700494176\n|move|p1a: Amoonguss|Rage Powder|p1a: Amoonguss\n|-singleturn|p1a: Amoonguss|move: Rage Powder\n|move|p2b: Drummer|Grassy Glide|p1b: Ogerpon\n|-damage|p1b: Ogerpon|53\/100\n|move|p2a: Rapid Flow|Surging Strikes|p1a: Amoonguss\n|-resisted|p1a: Amoonguss\n|-crit|p1a: Amoonguss\n|-damage|p1a: Amoonguss|84\/100 brn\n|-resisted|p1a: Amoonguss\n|-crit|p1a: Amoonguss\n|-damage|p1a: Amoonguss|74\/100 brn\n|-resisted|p1a: Amoonguss\n|-crit|p1a: Amoonguss\n|-damage|p1a: Amoonguss|65\/100 brn\n|-hitcount|p1a: Amoonguss|3\n|-damage|p2a: Rapid Flow|91\/100|[from] item: Life Orb\n|move|p1b: Ogerpon|Horn Leech|p2a: Rapid Flow\n|-supereffective|p2a: Rapid Flow\n|-damage|p2a: Rapid Flow|10\/100\n|-heal|p1b: Ogerpon|99\/100|[from] drain|[of] p2a: Rapid Flow\n|\n|-heal|p2a: Rapid Flow|16\/100|[from] Grassy Terrain\n|-heal|p1b: Ogerpon|100\/100|[from] Grassy Terrain\n|-heal|p1a: Amoonguss|71\/100 brn|[from] Grassy Terrain\n|-damage|p1a: Amoonguss|65\/100 brn|[from] brn\n|upkeep\n|turn|4\n|\n|t:|1700494197\n|switch|p1a: Incineroar|Incineroar, M|67\/100\n|-ability|p1a: Incineroar|Intimidate|boost\n|-unboost|p2a: Rapid Flow|atk|1\n|-fail|p2b: Drummer|unboost|[from] item: Clear Amulet|[of] p2b: Drummer\n|move|p2a: Rapid Flow|Protect|p2a: Rapid Flow\n|-singleturn|p2a: Rapid Flow|Protect\n|move|p1b: Ogerpon|Ivy Cudgel|p2a: Rapid Flow|[anim] Ivy Cudgel Rock\n|-activate|p2a: Rapid Flow|move: Protect\n|move|p2b: Drummer|High Horsepower|p1b: Ogerpon\n|-damage|p1b: Ogerpon|60\/100\n|\n|-heal|p2a: Rapid Flow|22\/100|[from] Grassy Terrain\n|-heal|p1b: Ogerpon|66\/100|[from] Grassy Terrain\n|-heal|p1a: Incineroar|73\/100|[from] Grassy Terrain\n|upkeep\n|turn|5\n|inactive|InferiorCizy has 120 seconds left.\n|\n|t:|1700494234\n|switch|p1a: Amoonguss|Amoonguss, M|98\/100 brn\n|move|p2a: Rapid Flow|Surging Strikes|p1b: Ogerpon\n|-crit|p1b: Ogerpon\n|-damage|p1b: Ogerpon|34\/100\n|-crit|p1b: Ogerpon\n|-damage|p1b: Ogerpon|1\/100\n|-crit|p1b: Ogerpon\n|-damage|p1b: Ogerpon|0 fnt\n|faint|p1b: Ogerpon\n|-hitcount|p1: Ogerpon|3\n|-damage|p2a: Rapid Flow|12\/100|[from] item: Life Orb\n|move|p2b: Drummer|High Horsepower|p1a: Amoonguss\n|-damage|p1a: Amoonguss|73\/100 brn\n|\n|-heal|p2a: Rapid Flow|18\/100|[from] Grassy Terrain\n|-heal|p1a: Amoonguss|79\/100 brn|[from] Grassy Terrain\n|-damage|p1a: Amoonguss|73\/100 brn|[from] brn\n|-fieldend|move: Grassy Terrain\n|upkeep\n|\n|t:|1700494249\n|switch|p1b: Flutter Mane|Flutter Mane|100\/100\n|turn|6\n|inactive|InferiorCizy has 120 seconds left.\n|\n|t:|1700494260\n|switch|p2b: Heel|Incineroar, M, shiny|100\/100\n|-ability|p2b: Heel|Intimidate|boost\n|-unboost|p1a: Amoonguss|atk|1\n|-unboost|p1b: Flutter Mane|atk|1\n|-terastallize|p1b: Flutter Mane|Fairy\n|move|p2a: Rapid Flow|Protect|p2a: Rapid Flow\n|-singleturn|p2a: Rapid Flow|Protect\n|move|p1a: Amoonguss|Rage Powder|p1a: Amoonguss\n|-singleturn|p1a: Amoonguss|move: Rage Powder\n|move|p1b: Flutter Mane|Moonblast|p2b: Heel\n|-damage|p2b: Heel|35\/100\n|\n|-damage|p1a: Amoonguss|67\/100 brn|[from] brn\n|upkeep\n|turn|7\n|inactive|InferiorCizy has 120 seconds left.\n|\n|t:|1700494285\n|switch|p2a: Drummer|Rillaboom, M, shiny|100\/100\n|-fieldstart|move: Grassy Terrain|[from] ability: Grassy Surge|[of] p2a: Drummer\n|move|p1a: Amoonguss|Rage Powder|p1a: Amoonguss\n|-singleturn|p1a: Amoonguss|move: Rage Powder\n|move|p1b: Flutter Mane|Moonblast|p2a: Drummer\n|-damage|p2a: Drummer|0 fnt\n|faint|p2a: Drummer\n|move|p2b: Heel|Parting Shot|p1a: Amoonguss\n|-unboost|p1a: Amoonguss|atk|1\n|-unboost|p1a: Amoonguss|spa|1\n|inactive|Zoroark Nidoking has 120 seconds left.\n|\n|t:|1700494300\n|switch|p2b: Hate Him Too|Landorus-Therian, M|100\/100|[from] Parting Shot\n|-ability|p2b: Hate Him Too|Intimidate|boost\n|-unboost|p1a: Amoonguss|atk|1\n|-unboost|p1b: Flutter Mane|atk|1\n|\n|-heal|p1a: Amoonguss|73\/100 brn|[from] Grassy Terrain\n|-damage|p1a: Amoonguss|67\/100 brn|[from] brn\n|upkeep\n|\n|t:|1700494304\n|switch|p2a: Heel|Incineroar, M, shiny|35\/100\n|-ability|p2a: Heel|Intimidate|boost\n|-unboost|p1a: Amoonguss|atk|1\n|-unboost|p1b: Flutter Mane|atk|1\n|turn|8\n|\n|t:|1700494318\n|move|p2a: Heel|Fake Out|p1b: Flutter Mane\n|-damage|p1b: Flutter Mane|84\/100\n|move|p2b: Hate Him Too|U-turn|p1b: Flutter Mane\n|-resisted|p1b: Flutter Mane\n|-damage|p1b: Flutter Mane|66\/100\n|\n|t:|1700494324\n|switch|p2b: Rapid Flow|Urshifu-Rapid-Strike, M|18\/100|[from] U-turn\n|cant|p1b: Flutter Mane|flinch\n|move|p1a: Amoonguss|Spore|p2b: Rapid Flow\n|-status|p2b: Rapid Flow|slp|[from] move: Spore\n|\n|-heal|p1b: Flutter Mane|72\/100|[from] Grassy Terrain\n|-heal|p2b: Rapid Flow|24\/100 slp|[from] Grassy Terrain\n|-heal|p2a: Heel|41\/100|[from] Grassy Terrain\n|-heal|p1a: Amoonguss|73\/100 brn|[from] Grassy Terrain\n|-damage|p1a: Amoonguss|67\/100 brn|[from] brn\n|upkeep\n|turn|9\n|\n|t:|1700494338\n|move|p1b: Flutter Mane|Moonblast|p2a: Heel\n|-damage|p2a: Heel|0 fnt\n|faint|p2a: Heel\n|cant|p2b: Rapid Flow|slp\n|move|p1a: Amoonguss|Pollen Puff|p1b: Flutter Mane\n|-heal|p1b: Flutter Mane|100\/100\n|\n|-heal|p2b: Rapid Flow|30\/100 slp|[from] Grassy Terrain\n|-heal|p1a: Amoonguss|73\/100 brn|[from] Grassy Terrain\n|-damage|p1a: Amoonguss|67\/100 brn|[from] brn\n|upkeep\n|\n|t:|1700494345\n|switch|p2a: Hate Him Too|Landorus-Therian, M|100\/100\n|-ability|p2a: Hate Him Too|Intimidate|boost\n|-unboost|p1a: Amoonguss|atk|1\n|-unboost|p1b: Flutter Mane|atk|1\n|turn|10\n|\n|t:|1700494361\n|switch|p1a: Incineroar|Incineroar, M|73\/100\n|-ability|p1a: Incineroar|Intimidate|boost\n|-unboost|p2a: Hate Him Too|atk|1\n|-unboost|p2b: Rapid Flow|atk|1\n|-terastallize|p2a: Hate Him Too|Flying\n|move|p2a: Hate Him Too|Tera Blast|p1b: Flutter Mane|[anim] Tera Blast Flying\n|-damage|p1b: Flutter Mane|40\/100\n|move|p1b: Flutter Mane|Moonblast|p2b: Rapid Flow\n|-supereffective|p2b: Rapid Flow\n|-damage|p2b: Rapid Flow|0 fnt\n|faint|p2b: Rapid Flow\n|\n|-heal|p1b: Flutter Mane|46\/100|[from] Grassy Terrain\n|-heal|p1a: Incineroar|79\/100|[from] Grassy Terrain\n|upkeep\n|\n|t:|1700494373\n|switch|p2b: Tropics|Kommo-o, M, shiny|100\/100\n|turn|11\n|\n|t:|1700494385\n|switch|p2a: Main the Sociable|Flutter Mane, shiny|100\/100\n|move|p1a: Incineroar|Fake Out|p2a: Main the Sociable\n|-immune|p2a: Main the Sociable\n|move|p1b: Flutter Mane|Moonblast|p2a: Main the Sociable\n|-damage|p2a: Main the Sociable|0 fnt\n|faint|p2a: Main the Sociable\n|-end|p2a: Main the Sociable|Protosynthesis|[silent]\n|move|p2b: Tropics|Flash Cannon|p1b: Flutter Mane\n|-supereffective|p1b: Flutter Mane\n|-damage|p1b: Flutter Mane|3\/100\n|\n|-heal|p1b: Flutter Mane|9\/100|[from] Grassy Terrain\n|-heal|p1a: Incineroar|85\/100|[from] Grassy Terrain\n|-fieldend|move: Grassy Terrain\n|upkeep\n|\n|t:|1700494395\n|switch|p2a: Hate Him Too|Landorus-Therian, M, tera:Flying|100\/100\n|-ability|p2a: Hate Him Too|Intimidate|boost\n|-unboost|p1a: Incineroar|atk|1\n|-unboost|p1b: Flutter Mane|atk|1\n|turn|12\n|\n|t:|1700494417\n|-end|p1b: Flutter Mane|Protosynthesis|[silent]\n|switch|p1b: Amoonguss|Amoonguss, M|99\/100 brn\n|move|p2a: Hate Him Too|Rock Slide|p1b: Amoonguss|[spread] p1b\n|-miss|p2a: Hate Him Too|p1a: Incineroar\n|-damage|p1b: Amoonguss|86\/100 brn\n|move|p2b: Tropics|Clanging Scales|p1a: Incineroar|[spread] p1a,p1b\n|-damage|p1a: Incineroar|49\/100\n|-damage|p1b: Amoonguss|51\/100 brn\n|-unboost|p2b: Tropics|def|1\n|-enditem|p2b: Tropics|Throat Spray\n|-boost|p2b: Tropics|spa|1|[from] item: Throat Spray\n|move|p1a: Incineroar|Parting Shot|p2a: Hate Him Too\n|-unboost|p2a: Hate Him Too|atk|1\n|-unboost|p2a: Hate Him Too|spa|1\n|\n|t:|1700494428\n|switch|p1a: Regieleki|Regieleki|100\/100|[from] Parting Shot\n|\n|-damage|p1b: Amoonguss|45\/100 brn|[from] brn\n|upkeep\n|turn|13\n|\n|t:|1700494434\n|move|p1a: Regieleki|Thunderbolt|p2a: Hate Him Too\n|-supereffective|p2a: Hate Him Too\n|-damage|p2a: Hate Him Too|0 fnt\n|faint|p2a: Hate Him Too\n|move|p2b: Tropics|Clanging Scales|p1b: Amoonguss|[spread] p1a,p1b\n|-enditem|p1a: Regieleki|Focus Sash\n|-damage|p1a: Regieleki|1\/100\n|-damage|p1b: Amoonguss|0 fnt\n|faint|p1b: Amoonguss\n|-unboost|p2b: Tropics|def|1\n|\n|upkeep\n|\n|t:|1700494447\n|switch|p1b: Flutter Mane|Flutter Mane, tera:Fairy|9\/100\n|turn|14\n|\n|t:|1700494452\n|move|p1a: Regieleki|Electroweb|p2b: Tropics\n|-resisted|p2b: Tropics\n|-damage|p2b: Tropics|82\/100\n|-unboost|p2b: Tropics|spe|1\n|move|p1b: Flutter Mane|Moonblast|p2b: Tropics\n|-supereffective|p2b: Tropics\n|-damage|p2b: Tropics|0 fnt\n|faint|p2b: Tropics\n|\n|win|InferiorCizy\n|raw|InferiorCizy's rating: 1207 &rarr; <strong>1246<\/strong><br \/>(+39 for winning)\n|raw|Zoroark Nidoking's rating: 1428 &rarr; <strong>1397<\/strong><br \/>(-31 for losing)\n|l|\u2606Zoroark Nidoking\n","uploadtime":1700494464,"views":12,"p1id":"inferiorcizy","p2id":"zoroarknidoking","formatid":"gen9nationaldexdoubles","rating":1246,"private":0,"password":""}