{"id":"gen9nationaldexdoubles-1966002275","p1":"vapores","p2":"tsxrtsxths","format":"[Gen 9] National Dex Doubles","log":"|j|\u2606vapores\n|j|\u2606tsxrtsxths\n|t:|1697136551\n|gametype|doubles\n|player|p1|vapores|palmer|1000\n|player|p2|tsxrtsxths|hugh|1152\n|teamsize|p1|6\n|teamsize|p2|6\n|gen|9\n|tier|[Gen 9] National Dex Doubles\n|rated|\n|rule|HP Percentage Mod: HP is shown in percentages\n|rule|Endless Battle Clause: Forcing endless battles is banned\n|rule|OHKO Clause: OHKO moves are banned\n|rule|Evasion Moves Clause: Evasion moves are banned\n|rule|Evasion Abilities Clause: Evasion abilities are banned\n|rule|Species Clause: Limit one of each Pok\u00e9mon\n|rule|Gravity Sleep Clause: The combination of sleep-inducing moves with imperfect accuracy and Gravity or Gigantamax Orbeetle are banned\n|clearpoke\n|poke|p1|Vaporeon, F|\n|poke|p1|Charizard, M|\n|poke|p1|Donphan, M|\n|poke|p1|Torterra, M|\n|poke|p1|Aggron, M|\n|poke|p1|Toxtricity, M|\n|poke|p2|Gholdengo|\n|poke|p2|Armarouge, M|\n|poke|p2|Indeedee-F, F|\n|poke|p2|Regieleki|\n|poke|p2|Ursaluna-Bloodmoon, M|\n|poke|p2|Glimmora, M|\n|teampreview\n|inactive|Battle timer is ON: inactive players will automatically lose when time's up. (requested by vapores)\n|c|\u2606vapores|glhf\n|inactive|tsxrtsxths has 120 seconds left.\n|\n|t:|1697136595\n|start\n|switch|p1a: Vaper|Vaporeon, F|100\/100\n|switch|p1b: Chari|Charizard, M|100\/100\n|switch|p2a: Armarouge|Armarouge, M|100\/100\n|switch|p2b: Indeedee|Indeedee-F, F|100\/100\n|-fieldstart|move: Psychic Terrain|[from] ability: Psychic Surge|[of] p2b: Indeedee\n|turn|1\n|\n|t:|1697136609\n|detailschange|p1b: Chari|Charizard-Mega-X, M\n|-mega|p1b: Chari|Charizard|Charizardite X\n|move|p2b: Indeedee|Follow Me|p2b: Indeedee\n|-singleturn|p2b: Indeedee|move: Follow Me\n|move|p1b: Chari|Dragon Claw|p2b: Indeedee\n|-damage|p2b: Indeedee|42\/100\n|move|p1a: Vaper|Muddy Water|p2a: Armarouge|[spread] p2a,p2b\n|-supereffective|p2a: Armarouge\n|-damage|p2a: Armarouge|44\/100\n|-damage|p2b: Indeedee|14\/100\n|move|p2a: Armarouge|Trick Room|p2a: Armarouge\n|-fieldstart|move: Trick Room|[of] p2a: Armarouge\n|\n|-heal|p2b: Indeedee|21\/100|[from] item: Leftovers\n|upkeep\n|turn|2\n|\n|t:|1697136623\n|move|p1a: Vaper|Muddy Water|p2b: Indeedee|[spread] p2a,p2b\n|-supereffective|p2a: Armarouge\n|-crit|p2b: Indeedee\n|-damage|p2a: Armarouge|0 fnt\n|-damage|p2b: Indeedee|0 fnt\n|faint|p2a: Armarouge\n|faint|p2b: Indeedee\n|move|p1b: Chari|Dragon Claw|p2: Armarouge|[notarget]\n|-fail|p1b: Chari\n|\n|upkeep\n|\n|t:|1697136635\n|switch|p2a: Ursaluna|Ursaluna-Bloodmoon, M|100\/100\n|switch|p2b: Gholdengo|Gholdengo|100\/100\n|turn|3\n|\n|t:|1697136656\n|move|p1a: Vaper|Muddy Water|p2a: Ursaluna|[spread] p2a,p2b\n|-supereffective|p2a: Ursaluna\n|-damage|p2a: Ursaluna|17\/100\n|-damage|p2b: Gholdengo|65\/100\n|move|p2b: Gholdengo|Make It Rain|p1b: Chari|[spread] p1a,p1b\n|-resisted|p1a: Vaper\n|-resisted|p1b: Chari\n|-damage|p1a: Vaper|79\/100\n|-damage|p1b: Chari|50\/100\n|-unboost|p2b: Gholdengo|spa|1\n|move|p1b: Chari|Blaze Kick|p2b: Gholdengo\n|-supereffective|p2b: Gholdengo\n|-damage|p2b: Gholdengo|0 fnt\n|faint|p2b: Gholdengo\n|move|p2a: Ursaluna|Roar|p1a: Vaper\n|drag|p1a: Rolly|Donphan, M|100\/100\n|\n|-heal|p2a: Ursaluna|23\/100|[from] item: Leftovers\n|upkeep\n|inactive|tsxrtsxths has 120 seconds left.\n|\n|t:|1697136673\n|switch|p2b: Glimmora|Glimmora, M|100\/100\n|turn|4\n|\n|t:|1697136685\n|switch|p1a: Vaper|Vaporeon, F|79\/100\n|move|p2a: Ursaluna|Moonblast|p1b: Chari\n|-damage|p1b: Chari|0 fnt\n|faint|p1b: Chari\n|move|p2b: Glimmora|Sludge Wave|p1a: Vaper|[spread] p2a,p1a\n|-resisted|p2a: Ursaluna\n|-damage|p2a: Ursaluna|0 fnt\n|-damage|p1a: Vaper|60\/100\n|faint|p2a: Ursaluna\n|\n|upkeep\n|\n|t:|1697136695\n|switch|p2a: Regieleki|Regieleki|100\/100\n|switch|p1b: Rolly|Donphan, M|100\/100\n|turn|5\n|\n|t:|1697136709\n|move|p1b: Rolly|Earthquake|p2b: Glimmora|[spread] p1a,p2a,p2b\n|-supereffective|p2a: Regieleki\n|-supereffective|p2b: Glimmora\n|-damage|p1a: Vaper|14\/100\n|-damage|p2a: Regieleki|0 fnt\n|-damage|p2b: Glimmora|0 fnt\n|-activate|p2b: Glimmora|ability: Toxic Debris\n|-sidestart|p1: vapores|move: Toxic Spikes\n|faint|p2a: Regieleki\n|faint|p2b: Glimmora\n|\n|win|vapores\n|raw|vapores's rating: 1000 &rarr; <strong>1056<\/strong><br \/>(+56 for winning)\n|raw|tsxrtsxths's rating: 1152 &rarr; <strong>1117<\/strong><br \/>(-35 for losing)\n|c|\u2606vapores|????\n|c|\u2606vapores|gg\n|l|\u2606tsxrtsxths\n","uploadtime":1697136728,"views":9,"p1id":"vapores","p2id":"tsxrtsxths","formatid":"gen9nationaldexdoubles","rating":1056,"private":0,"password":""}