{"id":"gen9nationaldexdoubles-1993445649","p1":"yogodragon","p2":"Sargenbob","format":"[Gen 9] National Dex Doubles","log":"|j|\u2606yogodragon\n|j|\u2606Sargenbob\n|t:|1700318860\n|gametype|doubles\n|player|p1|yogodragon|swimmerf-gen4dp|1094\n|player|p2|Sargenbob|red|1109\n|teamsize|p1|6\n|teamsize|p2|6\n|gen|9\n|tier|[Gen 9] National Dex Doubles\n|rated|\n|rule|HP Percentage Mod: HP is shown in percentages\n|rule|Endless Battle Clause: Forcing endless battles is banned\n|rule|OHKO Clause: OHKO moves are banned\n|rule|Evasion Moves Clause: Evasion moves are banned\n|rule|Evasion Abilities Clause: Evasion abilities are banned\n|rule|Species Clause: Limit one of each Pok\u00e9mon\n|rule|Gravity Sleep Clause: The combination of sleep-inducing moves with imperfect accuracy and Gravity or Gigantamax Orbeetle are banned\n|clearpoke\n|poke|p1|Charizard, F|\n|poke|p1|Blacephalon|\n|poke|p1|Ninetales, F|\n|poke|p1|Murkrow, F|\n|poke|p1|Ceruledge, M|\n|poke|p1|Heatran, M|\n|poke|p2|Ursaluna, F|\n|poke|p2|Gothitelle, F|\n|poke|p2|Salamence, F|\n|poke|p2|Amoonguss, F|\n|poke|p2|Diancie|\n|poke|p2|Incineroar, F|\n|teampreview\n|inactive|Battle timer is ON: inactive players will automatically lose when time's up. (requested by Sargenbob)\n|\n|t:|1700318874\n|start\n|switch|p1a: Ninetales|Ninetales, F, shiny|100\/100\n|switch|p1b: Murkrow|Murkrow, F, shiny|100\/100\n|switch|p2a: Freddy|Ursaluna, F, shiny|100\/100\n|switch|p2b: Waifu|Gothitelle, F, shiny|100\/100\n|-weather|SunnyDay|[from] ability: Drought|[of] p1a: Ninetales\n|turn|1\n|\n|t:|1700318895\n|move|p1b: Murkrow|Tailwind|p1b: Murkrow\n|-sidestart|p1: yogodragon|move: Tailwind\n|move|p1a: Ninetales|Memento|p2a: Freddy\n|-unboost|p2a: Freddy|atk|2\n|-unboost|p2a: Freddy|spa|2\n|faint|p1a: Ninetales\n|move|p2a: Freddy|Swords Dance|p2a: Freddy\n|-boost|p2a: Freddy|atk|2\n|move|p2b: Waifu|Trick Room|p2b: Waifu\n|-fieldstart|move: Trick Room|[of] p2b: Waifu\n|\n|-weather|SunnyDay|[upkeep]\n|-status|p2a: Freddy|brn|[from] item: Flame Orb\n|upkeep\n|inactive|yogodragon has 120 seconds left.\n|\n|t:|1700318910\n|switch|p1a: Blacephalon|Blacephalon, shiny|100\/100\n|turn|2\n|\n|t:|1700318933\n|switch|p2b: Toad|Amoonguss, F, shiny|100\/100\n|-terastallize|p1a: Blacephalon|Fire\n|move|p2a: Freddy|Headlong Rush|p1a: Blacephalon\n|-supereffective|p1a: Blacephalon\n|-damage|p1a: Blacephalon|0 fnt\n|-unboost|p2a: Freddy|def|1\n|-unboost|p2a: Freddy|spd|1\n|faint|p1a: Blacephalon\n|move|p1b: Murkrow|Heat Wave|p2b: Toad|[spread] p2a,p2b\n|-supereffective|p2b: Toad\n|-damage|p2a: Freddy|63\/100 brn\n|-damage|p2b: Toad|45\/100\n|\n|-weather|SunnyDay|[upkeep]\n|-damage|p2a: Freddy|56\/100 brn|[from] brn\n|upkeep\n|inactive|yogodragon has 120 seconds left.\n|\n|t:|1700318950\n|switch|p1a: Heatran|Heatran, M|100\/100\n|turn|3\n|\n|t:|1700318956\n|move|p2b: Toad|Spore|p1b: Murkrow\n|-status|p1b: Murkrow|slp|[from] move: Spore\n|move|p2a: Freddy|Headlong Rush|p1a: Heatran\n|-supereffective|p1a: Heatran\n|-damage|p1a: Heatran|0 fnt\n|-unboost|p2a: Freddy|def|1\n|-unboost|p2a: Freddy|spd|1\n|faint|p1a: Heatran\n|cant|p1b: Murkrow|slp\n|\n|-weather|SunnyDay|[upkeep]\n|-damage|p2a: Freddy|50\/100 brn|[from] brn\n|upkeep\n|\n|t:|1700318970\n|switch|p1a: Ceruledge|Ceruledge, M, shiny|100\/100\n|turn|4\n|\n|t:|1700318986\n|move|p2b: Toad|Pollen Puff|p2a: Freddy\n|-heal|p2a: Freddy|99\/100 brn\n|move|p2a: Freddy|Headlong Rush|p1a: Ceruledge\n|-supereffective|p1a: Ceruledge\n|-damage|p1a: Ceruledge|0 fnt\n|-unboost|p2a: Freddy|def|1\n|-unboost|p2a: Freddy|spd|1\n|faint|p1a: Ceruledge\n|-curestatus|p1b: Murkrow|slp|[msg]\n|move|p1b: Murkrow|Heat Wave|p2b: Toad|[spread] p2a,p2b\n|-supereffective|p2b: Toad\n|-damage|p2a: Freddy|40\/100 brn\n|-damage|p2b: Toad|0 fnt\n|faint|p2b: Toad\n|\n|-weather|SunnyDay|[upkeep]\n|-damage|p2a: Freddy|34\/100 brn|[from] brn\n|-sideend|p1: yogodragon|move: Tailwind\n|upkeep\n|\n|t:|1700319005\n|switch|p2b: Waifu|Gothitelle, F, shiny|100\/100\n|switch|p1a: Charizard|Charizard, F, shiny|100\/100\n|turn|5\n|\n|t:|1700319014\n|detailschange|p1a: Charizard|Charizard-Mega-Y, F, shiny\n|-mega|p1a: Charizard|Charizard|Charizardite Y\n|move|p2b: Waifu|Fake Out|p1b: Murkrow\n|-damage|p1b: Murkrow|87\/100\n|-damage|p2b: Waifu|84\/100|[from] item: Rocky Helmet|[of] p1b: Murkrow\n|move|p2a: Freddy|Facade|p1a: Charizard\n|-damage|p1a: Charizard|0 fnt\n|faint|p1a: Charizard\n|cant|p1b: Murkrow|flinch\n|\n|-weather|none\n|-damage|p2a: Freddy|28\/100 brn|[from] brn\n|-fieldend|move: Trick Room\n|upkeep\n|turn|6\n|\n|t:|1700319032\n|move|p1b: Murkrow|Heat Wave|p2a: Freddy|[spread] p2a,p2b\n|-damage|p2a: Freddy|0 fnt\n|-damage|p2b: Waifu|68\/100\n|faint|p2a: Freddy\n|move|p2b: Waifu|Trick Room|p2b: Waifu\n|-fieldstart|move: Trick Room|[of] p2b: Waifu\n|\n|upkeep\n|\n|t:|1700319038\n|switch|p2a: Crystal|Diancie, shiny|100\/100\n|turn|7\n|\n|t:|1700319047\n|switch|p2b: El-Macho|Incineroar, F, shiny|100\/100\n|-ability|p2b: El-Macho|Intimidate|boost\n|-unboost|p1b: Murkrow|atk|1\n|move|p2a: Crystal|Diamond Storm|p1b: Murkrow\n|-supereffective|p1b: Murkrow\n|-damage|p1b: Murkrow|0 fnt\n|faint|p1b: Murkrow\n|\n|win|Sargenbob\n|raw|yogodragon's rating: 1094 &rarr; <strong>1071<\/strong><br \/>(-23 for losing)\n|raw|Sargenbob's rating: 1109 &rarr; <strong>1133<\/strong><br \/>(+24 for winning)\n|c|\u2606Sargenbob|gg\n|l|\u2606yogodragon\n","uploadtime":1700319061,"views":7,"p1id":"yogodragon","p2id":"sargenbob","formatid":"gen9nationaldexdoubles","rating":1071,"private":0,"password":""}