{"id":"gen9nationaldexdoubles-1981373339","p1":"LooneyTunesShow","p2":"El Ryuk456","format":"[Gen 9] National Dex Doubles","log":"|j|\u2606LooneyTunesShow\n|j|\u2606El Ryuk456\n|t:|1698888772\n|gametype|doubles\n|player|p1|LooneyTunesShow|florian-bb|1220\n|player|p2|El Ryuk456|ingo|1491\n|teamsize|p1|6\n|teamsize|p2|6\n|gen|9\n|tier|[Gen 9] National Dex Doubles\n|rated|\n|rule|HP Percentage Mod: HP is shown in percentages\n|rule|Endless Battle Clause: Forcing endless battles is banned\n|rule|OHKO Clause: OHKO moves are banned\n|rule|Evasion Moves Clause: Evasion moves are banned\n|rule|Evasion Abilities Clause: Evasion abilities are banned\n|rule|Species Clause: Limit one of each Pok\u00e9mon\n|rule|Gravity Sleep Clause: The combination of sleep-inducing moves with imperfect accuracy and Gravity or Gigantamax Orbeetle are banned\n|clearpoke\n|poke|p1|Diancie|\n|poke|p1|Meloetta|\n|poke|p1|Manaphy|\n|poke|p1|Shaymin-Sky|\n|poke|p1|Mew|\n|poke|p1|Jirachi|\n|poke|p2|Raikou|\n|poke|p2|Latios, M|\n|poke|p2|Entei|\n|poke|p2|Weavile, F|\n|poke|p2|Flutter Mane|\n|poke|p2|Snorlax, M|\n|teampreview\n|inactive|Battle timer is ON: inactive players will automatically lose when time's up. (requested by LooneyTunesShow)\n|\n|t:|1698888800\n|start\n|switch|p1a: 1000 yrs old|Jirachi|100\/100\n|switch|p1b: Ancestor|Mew|100\/100\n|switch|p2a: Raikou|Raikou|100\/100\n|switch|p2b: Weavile|Weavile, F|100\/100\n|-ability|p2b: Weavile|Pressure\n|turn|1\n|\n|t:|1698888806\n|-terastallize|p1a: 1000 yrs old|Steel\n|move|p2b: Weavile|Fake Out|p1a: 1000 yrs old\n|-resisted|p1a: 1000 yrs old\n|-damage|p1a: 1000 yrs old|95\/100\n|move|p2a: Raikou|Snarl|p1a: 1000 yrs old|[spread] p1a\n|-miss|p2a: Raikou|p1b: Ancestor\n|-damage|p1a: 1000 yrs old|84\/100\n|-unboost|p1a: 1000 yrs old|spa|1\n|cant|p1a: 1000 yrs old|flinch\n|-zpower|p1b: Ancestor\n|move|p1b: Ancestor|Genesis Supernova|p2a: Raikou|[zeffect]\n|-damage|p2a: Raikou|18\/100\n|-fieldstart|move: Psychic Terrain\n|\n|upkeep\n|turn|2\n|\n|t:|1698888826\n|move|p2b: Weavile|Ice Spinner|p1b: Ancestor\n|-damage|p1b: Ancestor|66\/100\n|-fieldend|move: Psychic Terrain\n|-zpower|p2a: Raikou\n|move|p2a: Raikou|Gigavolt Havoc|p1a: 1000 yrs old|[zeffect]\n|-damage|p1a: 1000 yrs old|10\/100\n|move|p1b: Ancestor|Aura Sphere|p2b: Weavile\n|-supereffective|p2b: Weavile\n|-damage|p2b: Weavile|26\/100\n|move|p1a: 1000 yrs old|Ancient Power|p2b: Weavile\n|-supereffective|p2b: Weavile\n|-damage|p2b: Weavile|5\/100\n|\n|upkeep\n|turn|3\n|\n|t:|1698888845\n|move|p2b: Weavile|Snarl|p1b: Ancestor|[spread] p1a,p1b\n|-supereffective|p1b: Ancestor\n|-damage|p1a: 1000 yrs old|3\/100\n|-damage|p1b: Ancestor|52\/100\n|-unboost|p1a: 1000 yrs old|spa|1\n|-unboost|p1b: Ancestor|spa|1\n|move|p2a: Raikou|Volt Switch|p1a: 1000 yrs old\n|-damage|p1a: 1000 yrs old|0 fnt\n|faint|p1a: 1000 yrs old\n|\n|t:|1698888857\n|switch|p2a: Latios|Latios, M|100\/100|[from] Volt Switch\n|move|p1b: Ancestor|Aura Sphere|p2b: Weavile\n|-supereffective|p2b: Weavile\n|-damage|p2b: Weavile|0 fnt\n|faint|p2b: Weavile\n|\n|upkeep\n|\n|t:|1698888870\n|switch|p2b: Flutter Mane|Flutter Mane|100\/100\n|switch|p1a: The Swan Princess|Meloetta|100\/100\n|-enditem|p2b: Flutter Mane|Booster Energy\n|-activate|p2b: Flutter Mane|ability: Protosynthesis|[fromitem]\n|-start|p2b: Flutter Mane|protosynthesisspa\n|turn|4\n|\n|t:|1698888883\n|detailschange|p2a: Latios|Latios-Mega, M\n|-mega|p2a: Latios|Latios|Latiosite\n|move|p2b: Flutter Mane|Protect|p2b: Flutter Mane\n|-singleturn|p2b: Flutter Mane|Protect\n|move|p2a: Latios|Tailwind|p2a: Latios\n|-sidestart|p2: El Ryuk456|move: Tailwind\n|move|p1b: Ancestor|Psych Up|p2b: Flutter Mane\n|-copyboost|p1b: Ancestor|p2b: Flutter Mane|[from] move: Psych Up\n|move|p1a: The Swan Princess|Relic Song|p2a: Latios|[spread] p2a\n|-activate|p2b: Flutter Mane|move: Protect\n|-damage|p2a: Latios|73\/100\n|-formechange|p1a: The Swan Princess|Meloetta-Pirouette|[msg]\n|\n|upkeep\n|turn|5\n|\n|t:|1698888902\n|move|p2b: Flutter Mane|Shadow Ball|p1b: Ancestor\n|-supereffective|p1b: Ancestor\n|-damage|p1b: Ancestor|0 fnt\n|faint|p1b: Ancestor\n|move|p2a: Latios|Psychic|p1a: The Swan Princess\n|-supereffective|p1a: The Swan Princess\n|-damage|p1a: The Swan Princess|0 fnt\n|faint|p1a: The Swan Princess\n|\n|upkeep\n|\n|t:|1698888910\n|switch|p1b: Prince of Sea|Manaphy|100\/100\n|switch|p1a: Princess Diana|Diancie|100\/100\n|turn|6\n|\n|t:|1698888918\n|detailschange|p1a: Princess Diana|Diancie-Mega\n|-mega|p1a: Princess Diana|Diancie|Diancite\n|-terastallize|p2b: Flutter Mane|Fairy\n|move|p2b: Flutter Mane|Dazzling Gleam|p1a: Princess Diana|[spread] p1a,p1b\n|-crit|p1a: Princess Diana\n|-damage|p1a: Princess Diana|0 fnt\n|-damage|p1b: Prince of Sea|48\/100\n|faint|p1a: Princess Diana\n|move|p2a: Latios|Psychic|p1b: Prince of Sea\n|-damage|p1b: Prince of Sea|0 fnt\n|faint|p1b: Prince of Sea\n|\n|upkeep\n|j| wkx6v587\n|\n|t:|1698888925\n|switch|p1a: Thank You|Shaymin-Sky|100\/100\n|turn|7\n|-message|LooneyTunesShow forfeited.\n|\n|win|El Ryuk456\n|raw|LooneyTunesShow's rating: 1220 &rarr; <strong>1211<\/strong><br \/>(-9 for losing)\n|raw|El Ryuk456's rating: 1491 &rarr; <strong>1498<\/strong><br \/>(+7 for winning)\n|l|\u2606LooneyTunesShow\n","uploadtime":1698888931,"views":10,"p1id":"looneytunesshow","p2id":"elryuk456","formatid":"gen9nationaldexdoubles","rating":1211,"private":0,"password":""}