{"id":"gen9nationaldexdoubles-1964530573","p1":"gachatyking","p2":"Snail_Chips","format":"[Gen 9] National Dex Doubles","log":"|j|\u2606gachatyking\n|j|\u2606Snail_Chips\n|t:|1696977238\n|gametype|doubles\n|player|p1|gachatyking|backersf|1066\n|player|p2|Snail_Chips|ruinmaniac|1041\n|teamsize|p1|6\n|teamsize|p2|6\n|gen|9\n|tier|[Gen 9] National Dex Doubles\n|rated|\n|rule|HP Percentage Mod: HP is shown in percentages\n|rule|Endless Battle Clause: Forcing endless battles is banned\n|rule|OHKO Clause: OHKO moves are banned\n|rule|Evasion Moves Clause: Evasion moves are banned\n|rule|Evasion Abilities Clause: Evasion abilities are banned\n|rule|Species Clause: Limit one of each Pok\u00e9mon\n|rule|Gravity Sleep Clause: The combination of sleep-inducing moves with imperfect accuracy and Gravity or Gigantamax Orbeetle are banned\n|clearpoke\n|poke|p1|Ribombee, M|\n|poke|p1|Blaziken, M|\n|poke|p1|Lilligant-Hisui, F|\n|poke|p1|Oricorio-Pom-Pom, F|\n|poke|p1|Cacturne, M|\n|poke|p1|Lopunny, F|\n|poke|p2|Baxcalibur, M|\n|poke|p2|Abomasnow, F|\n|poke|p2|Indeedee-F, F|\n|poke|p2|Gliscor, F|\n|poke|p2|Basculegion, M|\n|poke|p2|Empoleon, F|\n|teampreview\n|\n|t:|1696977244\n|start\n|switch|p1a: Ribombee|Ribombee, M|100\/100\n|switch|p1b: Oricorio|Oricorio-Pom-Pom, F|100\/100\n|switch|p2a: Baxcalibur|Baxcalibur, M|100\/100\n|switch|p2b: Abomasnow|Abomasnow, F|100\/100\n|-weather|Snow|[from] ability: Snow Warning|[of] p2b: Abomasnow\n|turn|1\n|c|\u2606Snail_Chips|testing this team out, might be shit, fair warning\n|-activate|p1b: Oricorio|item: Quick Claw\n|\n|t:|1696977264\n|-terastallize|p1b: Oricorio|Dragon\n|-terastallize|p2a: Baxcalibur|Steel\n|move|p1b: Oricorio|Revelation Dance|p2a: Baxcalibur\n|-resisted|p2a: Baxcalibur\n|-damage|p2a: Baxcalibur|80\/100\n|move|p1a: Ribombee|Quiver Dance|p1a: Ribombee\n|-boost|p1a: Ribombee|spa|1\n|-boost|p1a: Ribombee|spd|1\n|-boost|p1a: Ribombee|spe|1\n|-activate|p1b: Oricorio|ability: Dancer\n|move|p1b: Oricorio|Quiver Dance|p1b: Oricorio|[from]ability: Dancer\n|-boost|p1b: Oricorio|spa|1\n|-boost|p1b: Oricorio|spd|1\n|-boost|p1b: Oricorio|spe|1\n|move|p2a: Baxcalibur|Dragon Dance|p2a: Baxcalibur\n|-boost|p2a: Baxcalibur|atk|1\n|-boost|p2a: Baxcalibur|spe|1\n|-activate|p1b: Oricorio|ability: Dancer\n|move|p1b: Oricorio|Dragon Dance|p1b: Oricorio|[from]ability: Dancer\n|-boost|p1b: Oricorio|atk|1\n|-boost|p1b: Oricorio|spe|1\n|move|p2b: Abomasnow|Aurora Veil|p2b: Abomasnow\n|-sidestart|p2: Snail_Chips|move: Aurora Veil\n|\n|-weather|Snow|[upkeep]\n|-heal|p2a: Baxcalibur|86\/100|[from] ability: Ice Body\n|upkeep\n|turn|2\n|\n|t:|1696977295\n|move|p1a: Ribombee|Quiver Dance|p1a: Ribombee\n|-boost|p1a: Ribombee|spa|1\n|-boost|p1a: Ribombee|spd|1\n|-boost|p1a: Ribombee|spe|1\n|-activate|p1b: Oricorio|ability: Dancer\n|move|p1b: Oricorio|Quiver Dance|p1b: Oricorio|[from]ability: Dancer\n|-boost|p1b: Oricorio|spa|1\n|-boost|p1b: Oricorio|spd|1\n|-boost|p1b: Oricorio|spe|1\n|move|p1b: Oricorio|Revelation Dance|p2a: Baxcalibur\n|-resisted|p2a: Baxcalibur\n|-damage|p2a: Baxcalibur|57\/100\n|move|p2a: Baxcalibur|Dragon Claw|p1b: Oricorio\n|-supereffective|p1b: Oricorio\n|-damage|p1b: Oricorio|0 fnt\n|faint|p1b: Oricorio\n|move|p2b: Abomasnow|Bulldoze|p1a: Ribombee|[spread] p2a,p1a\n|-supereffective|p2a: Baxcalibur\n|-resisted|p1a: Ribombee\n|-damage|p2a: Baxcalibur|48\/100\n|-damage|p1a: Ribombee|93\/100\n|-unboost|p2a: Baxcalibur|spe|1\n|-unboost|p1a: Ribombee|spe|1\n|-enditem|p2a: Baxcalibur|Weakness Policy\n|-boost|p2a: Baxcalibur|atk|2|[from] item: Weakness Policy\n|-boost|p2a: Baxcalibur|spa|2|[from] item: Weakness Policy\n|\n|-weather|Snow|[upkeep]\n|-heal|p2a: Baxcalibur|55\/100|[from] ability: Ice Body\n|upkeep\n|\n|t:|1696977310\n|switch|p1b: Blaziken|Blaziken, M|100\/100\n|turn|3\n|\n|t:|1696977337\n|switch|p2b: Gliscor|Gliscor, F|100\/100\n|move|p1a: Ribombee|Quiver Dance|p1a: Ribombee\n|-boost|p1a: Ribombee|spa|1\n|-boost|p1a: Ribombee|spd|1\n|-boost|p1a: Ribombee|spe|1\n|move|p2a: Baxcalibur|Earthquake|p1b: Blaziken|[spread] p1a,p1b\n|-immune|p2b: Gliscor\n|-resisted|p1a: Ribombee\n|-supereffective|p1b: Blaziken\n|-damage|p1a: Ribombee|20\/100\n|-damage|p1b: Blaziken|0 fnt\n|faint|p1b: Blaziken\n|\n|-weather|Snow|[upkeep]\n|-heal|p2a: Baxcalibur|61\/100|[from] ability: Ice Body\n|-status|p2b: Gliscor|tox|[from] item: Toxic Orb\n|upkeep\n|\n|t:|1696977349\n|switch|p1b: Lilligant|Lilligant-Hisui, F, shiny|100\/100\n|turn|4\n|\n|t:|1696977370\n|move|p1a: Ribombee|Quiver Dance|p1a: Ribombee\n|-boost|p1a: Ribombee|spa|1\n|-boost|p1a: Ribombee|spd|1\n|-boost|p1a: Ribombee|spe|1\n|move|p1b: Lilligant|Axe Kick|p2a: Baxcalibur\n|-supereffective|p2a: Baxcalibur\n|-damage|p2a: Baxcalibur|0 fnt\n|faint|p2a: Baxcalibur\n|move|p2b: Gliscor|Facade|p1b: Lilligant\n|-damage|p1b: Lilligant|40\/100\n|\n|-weather|Snow|[upkeep]\n|upkeep\n|\n|t:|1696977384\n|switch|p2a: Empoleon|Empoleon, F|100\/100\n|turn|5\n|\n|t:|1696977394\n|move|p1a: Ribombee|Quiver Dance|p1a: Ribombee\n|-boost|p1a: Ribombee|spa|1\n|-boost|p1a: Ribombee|spd|1\n|-boost|p1a: Ribombee|spe|1\n|move|p1b: Lilligant|Ice Spinner|p2b: Gliscor\n|-supereffective|p2b: Gliscor\n|-damage|p2b: Gliscor|0 fnt\n|faint|p2b: Gliscor\n|move|p2a: Empoleon|Haze|p2a: Empoleon\n|-clearallboost\n|\n|-weather|none\n|upkeep\n|\n|t:|1696977405\n|switch|p2b: Abomasnow|Abomasnow, F|100\/100\n|-weather|Snow|[from] ability: Snow Warning|[of] p2b: Abomasnow\n|turn|6\n|\n|t:|1696977415\n|move|p1a: Ribombee|Quiver Dance|p1a: Ribombee\n|-boost|p1a: Ribombee|spa|1\n|-boost|p1a: Ribombee|spd|1\n|-boost|p1a: Ribombee|spe|1\n|move|p1b: Lilligant|Axe Kick|p2b: Abomasnow\n|-supereffective|p2b: Abomasnow\n|-damage|p2b: Abomasnow|1\/100\n|move|p2b: Abomasnow|Blizzard|p1a: Ribombee|[spread] p1a,p1b\n|-supereffective|p1b: Lilligant\n|-damage|p1a: Ribombee|0 fnt\n|-damage|p1b: Lilligant|0 fnt\n|faint|p1a: Ribombee\n|faint|p1b: Lilligant\n|move|p2a: Empoleon|Stealth Rock|p1: Ribombee\n|-sidestart|p1: gachatyking|move: Stealth Rock\n|\n|-weather|Snow|[upkeep]\n|upkeep\n|\n|t:|1696977424\n|switch|p1a: Cacturne|Cacturne, M|100\/100\n|switch|p1b: Lopunny|Lopunny, F, shiny|100\/100\n|-damage|p1b: Lopunny|88\/100|[from] Stealth Rock\n|-damage|p1a: Cacturne|88\/100|[from] Stealth Rock\n|turn|7\n|\n|t:|1696977444\n|detailschange|p1b: Lopunny|Lopunny-Mega, F, shiny\n|-mega|p1b: Lopunny|Lopunny|Lopunnite\n|move|p1b: Lopunny|Thunderbolt|p2b: Abomasnow\n|-resisted|p2b: Abomasnow\n|-damage|p2b: Abomasnow|0 fnt\n|faint|p2b: Abomasnow\n|move|p2a: Empoleon|Ice Beam|p1a: Cacturne\n|-supereffective|p1a: Cacturne\n|-damage|p1a: Cacturne|0 fnt\n|faint|p1a: Cacturne\n|-damage|p2a: Empoleon|91\/100|[from] item: Life Orb\n|\n|-weather|Snow|[upkeep]\n|upkeep\n|\n|t:|1696977454\n|switch|p2b: Indeedee|Indeedee-F, F|100\/100\n|turn|8\n|\n|t:|1696977463\n|move|p2b: Indeedee|Fake Out|p1b: Lopunny\n|-damage|p1b: Lopunny|76\/100\n|cant|p1b: Lopunny|flinch\n|move|p2a: Empoleon|Ice Beam|p1b: Lopunny\n|-damage|p1b: Lopunny|27\/100\n|-damage|p2a: Empoleon|81\/100|[from] item: Life Orb\n|\n|-weather|Snow|[upkeep]\n|-sideend|p2: Snail_Chips|move: Aurora Veil\n|upkeep\n|turn|9\n|\n|t:|1696977475\n|move|p2b: Indeedee|Follow Me|p2b: Indeedee\n|-singleturn|p2b: Indeedee|move: Follow Me\n|move|p1b: Lopunny|Aura Sphere|p2b: Indeedee\n|-damage|p2b: Indeedee|77\/100\n|move|p2a: Empoleon|Ice Beam|p1b: Lopunny\n|-crit|p1b: Lopunny\n|-damage|p1b: Lopunny|0 fnt\n|faint|p1b: Lopunny\n|-damage|p2a: Empoleon|71\/100|[from] item: Life Orb\n|\n|win|Snail_Chips\n|raw|gachatyking's rating: 1066 &rarr; <strong>1045<\/strong><br \/>(-21 for losing)\n|raw|Snail_Chips's rating: 1041 &rarr; <strong>1077<\/strong><br \/>(+36 for winning)\n|c|\u2606Snail_Chips|gg\n","uploadtime":1696977502,"views":7,"p1id":"gachatyking","p2id":"snailchips","formatid":"gen9nationaldexdoubles","rating":1045,"private":0,"password":""}