{"id":"gen9nationaldexdoubles-1968867751","p1":"SubwayBossAstro","p2":"Whiske_what","format":"[Gen 9] National Dex Doubles","log":"|j|\u2606SubwayBossAstro\n|j|\u2606Whiske_what\n|t:|1697471335\n|gametype|doubles\n|player|p1|SubwayBossAstro|ingo|\n|player|p2|Whiske_what|cynthia|\n|teamsize|p1|5\n|teamsize|p2|5\n|gen|9\n|tier|[Gen 9] National Dex Doubles\n|rule|HP Percentage Mod: HP is shown in percentages\n|rule|Endless Battle Clause: Forcing endless battles is banned\n|rule|OHKO Clause: OHKO moves are banned\n|rule|Evasion Moves Clause: Evasion moves are banned\n|rule|Evasion Abilities Clause: Evasion abilities are banned\n|rule|Species Clause: Limit one of each Pok\u00e9mon\n|rule|Gravity Sleep Clause: The combination of sleep-inducing moves with imperfect accuracy and Gravity or Gigantamax Orbeetle are banned\n|clearpoke\n|poke|p1|Rotom-Heat|\n|poke|p1|Gholdengo|\n|poke|p1|Ceruledge, M|\n|poke|p1|Garganacl, M|\n|poke|p1|Regigigas|\n|poke|p2|Magikarp, M|\n|poke|p2|Iron Hands|\n|poke|p2|Greedent, F|\n|poke|p2|Slowpoke, M|\n|poke|p2|Diglett, M|\n|teampreview\n|\n|t:|1697471343\n|start\n|switch|p1a: Atlas|Regigigas, shiny|100\/100\n|switch|p1b: garg on these nuts|Garganacl, M|100\/100\n|switch|p2a: Diglett|Diglett, M|100\/100\n|switch|p2b: Slowpoke|Slowpoke, M|100\/100\n|-start|p1a: Atlas|ability: Slow Start\n|turn|1\n|\n|t:|1697471358\n|move|p2a: Diglett|Rock Blast|p1a: Atlas\n|-damage|p1a: Atlas|97\/100\n|-damage|p1a: Atlas|94\/100\n|-hitcount|p1a: Atlas|2\n|move|p1b: garg on these nuts|Iron Defense|p1b: garg on these nuts\n|-boost|p1b: garg on these nuts|def|2\n|move|p2b: Slowpoke|Body Slam|p1b: garg on these nuts\n|-resisted|p1b: garg on these nuts\n|-damage|p1b: garg on these nuts|97\/100\n|-damage|p2b: Slowpoke|84\/100|[from] item: Rocky Helmet|[of] p1b: garg on these nuts\n|move|p1a: Atlas|Substitute|p1a: Atlas\n|-start|p1a: Atlas|Substitute\n|-damage|p1a: Atlas|69\/100\n|\n|-heal|p1a: Atlas|75\/100|[from] item: Leftovers\n|upkeep\n|turn|2\n|\n|t:|1697471378\n|-terastallize|p2b: Slowpoke|Water\n|move|p2a: Diglett|Rock Blast|p1a: Atlas\n|-activate|p1a: Atlas|move: Substitute|[damage]\n|-activate|p1a: Atlas|move: Substitute|[damage]\n|-activate|p1a: Atlas|move: Substitute|[damage]\n|-hitcount|p1a: Atlas|3\n|move|p1b: garg on these nuts|Iron Defense|p1b: garg on these nuts\n|-boost|p1b: garg on these nuts|def|2\n|move|p2b: Slowpoke|Chilling Water|p1b: garg on these nuts\n|-supereffective|p1b: garg on these nuts\n|-damage|p1b: garg on these nuts|72\/100\n|-unboost|p1b: garg on these nuts|atk|1\n|move|p1a: Atlas|Toxic|p2a: Diglett\n|-status|p2a: Diglett|tox\n|\n|-heal|p1a: Atlas|81\/100|[from] item: Leftovers\n|-damage|p2a: Diglett|94\/100 tox|[from] psn\n|upkeep\n|turn|3\n|\n|t:|1697471406\n|move|p2a: Diglett|Rock Blast|p1a: Atlas\n|-activate|p1a: Atlas|move: Substitute|[damage]\n|-activate|p1a: Atlas|move: Substitute|[damage]\n|-activate|p1a: Atlas|move: Substitute|[damage]\n|-activate|p1a: Atlas|move: Substitute|[damage]\n|-end|p1a: Atlas|Substitute\n|-hitcount|p1a: Atlas|5\n|move|p1b: garg on these nuts|Iron Defense|p1b: garg on these nuts\n|-boost|p1b: garg on these nuts|def|2\n|move|p2b: Slowpoke|Flamethrower|p1b: garg on these nuts\n|-resisted|p1b: garg on these nuts\n|-damage|p1b: garg on these nuts|67\/100\n|move|p1a: Atlas|Toxic|p2b: Slowpoke\n|-status|p2b: Slowpoke|tox\n|\n|-heal|p1a: Atlas|87\/100|[from] item: Leftovers\n|-damage|p2a: Diglett|82\/100 tox|[from] psn\n|-damage|p2b: Slowpoke|78\/100 tox|[from] psn\n|upkeep\n|turn|4\n|\n|t:|1697471450\n|switch|p2b: Iron Hands|Iron Hands|100\/100\n|move|p2a: Diglett|Rock Blast|p1a: Atlas\n|-damage|p1a: Atlas|84\/100\n|-damage|p1a: Atlas|81\/100\n|-damage|p1a: Atlas|77\/100\n|-damage|p1a: Atlas|74\/100\n|-hitcount|p1a: Atlas|4\n|move|p1b: garg on these nuts|Recover|p1b: garg on these nuts\n|-heal|p1b: garg on these nuts|100\/100\n|move|p1a: Atlas|Substitute|p1a: Atlas\n|-start|p1a: Atlas|Substitute\n|-damage|p1a: Atlas|49\/100\n|\n|-heal|p1a: Atlas|55\/100|[from] item: Leftovers\n|-damage|p2a: Diglett|64\/100 tox|[from] psn\n|upkeep\n|turn|5\n|\n|t:|1697471473\n|move|p2b: Iron Hands|Protect|p2b: Iron Hands\n|-singleturn|p2b: Iron Hands|Protect\n|move|p2a: Diglett|Rock Blast|p1b: garg on these nuts|[miss]\n|-miss|p2a: Diglett|p1b: garg on these nuts\n|move|p1b: garg on these nuts|Body Press|p2b: Iron Hands\n|-activate|p2b: Iron Hands|move: Protect\n|move|p1a: Atlas|Toxic|p2b: Iron Hands\n|-activate|p2b: Iron Hands|move: Protect\n|\n|-heal|p1a: Atlas|61\/100|[from] item: Leftovers\n|-damage|p2a: Diglett|40\/100 tox|[from] psn\n|-end|p1a: Atlas|Slow Start\n|upkeep\n|turn|6\n|\n|t:|1697471513\n|move|p2a: Diglett|Rock Blast|p1b: garg on these nuts\n|-damage|p1b: garg on these nuts|99\/100\n|-damage|p1b: garg on these nuts|99\/100\n|-hitcount|p1b: garg on these nuts|2\n|move|p1a: Atlas|Focus Blast|p2a: Diglett\n|-damage|p2a: Diglett|0 fnt\n|faint|p2a: Diglett\n|move|p2b: Iron Hands|Iron Head|p1b: garg on these nuts\n|-supereffective|p1b: garg on these nuts\n|-damage|p1b: garg on these nuts|89\/100\n|-damage|p2b: Iron Hands|84\/100|[from] item: Rocky Helmet|[of] p1b: garg on these nuts\n|move|p1b: garg on these nuts|Body Press|p2b: Iron Hands\n|-damage|p2b: Iron Hands|32\/100\n|\n|-heal|p1a: Atlas|68\/100|[from] item: Leftovers\n|upkeep\n|\n|t:|1697471535\n|switch|p2a: Slowpoke|Slowpoke, M, tera:Water|78\/100 tox\n|turn|7\n|\n|t:|1697471550\n|move|p2b: Iron Hands|Protect|p2b: Iron Hands\n|-singleturn|p2b: Iron Hands|Protect\n|move|p1a: Atlas|Toxic|p2b: Iron Hands\n|-activate|p2b: Iron Hands|move: Protect\n|move|p1b: garg on these nuts|Salt Cure|p2a: Slowpoke\n|-damage|p2a: Slowpoke|69\/100 tox\n|-start|p2a: Slowpoke|Salt Cure\n|move|p2a: Slowpoke|Liquidation|p1b: garg on these nuts\n|-supereffective|p1b: garg on these nuts\n|-damage|p1b: garg on these nuts|78\/100\n|-damage|p2a: Slowpoke|53\/100 tox|[from] item: Rocky Helmet|[of] p1b: garg on these nuts\n|\n|-heal|p1a: Atlas|74\/100|[from] item: Leftovers\n|-damage|p2a: Slowpoke|47\/100 tox|[from] psn\n|-damage|p2a: Slowpoke|22\/100 tox|[from] Salt Cure\n|upkeep\n|turn|8\n|\n|t:|1697471580\n|move|p2b: Iron Hands|Protect||[still]\n|-fail|p2b: Iron Hands\n|move|p1a: Atlas|Focus Blast|p2b: Iron Hands\n|-damage|p2b: Iron Hands|11\/100\n|move|p1b: garg on these nuts|Recover|p1b: garg on these nuts\n|-heal|p1b: garg on these nuts|100\/100\n|move|p2a: Slowpoke|Liquidation|p1b: garg on these nuts\n|-supereffective|p1b: garg on these nuts\n|-damage|p1b: garg on these nuts|88\/100\n|-damage|p2a: Slowpoke|5\/100 tox|[from] item: Rocky Helmet|[of] p1b: garg on these nuts\n|\n|-heal|p1a: Atlas|80\/100|[from] item: Leftovers\n|-damage|p2a: Slowpoke|0 fnt|[from] psn\n|faint|p2a: Slowpoke\n|upkeep\n|\n|t:|1697471596\n|switch|p2a: Magikarp|Magikarp, M|100\/100\n|turn|9\n|\n|t:|1697471611\n|move|p1a: Atlas|Toxic|p2a: Magikarp\n|-status|p2a: Magikarp|tox\n|move|p2a: Magikarp|Splash|p2a: Magikarp\n|-nothing\n|move|p2b: Iron Hands|Close Combat|p1b: garg on these nuts\n|-supereffective|p1b: garg on these nuts\n|-damage|p1b: garg on these nuts|68\/100\n|-unboost|p2b: Iron Hands|def|1\n|-unboost|p2b: Iron Hands|spd|1\n|-damage|p2b: Iron Hands|0 fnt|[from] item: Rocky Helmet|[of] p1b: garg on these nuts\n|faint|p2b: Iron Hands\n|-end|p2b: Iron Hands|Quark Drive|[silent]\n|move|p1b: garg on these nuts|Salt Cure|p2a: Magikarp\n|-crit|p2a: Magikarp\n|-damage|p2a: Magikarp|54\/100 tox\n|-start|p2a: Magikarp|Salt Cure\n|\n|-heal|p1a: Atlas|86\/100|[from] item: Leftovers\n|-damage|p2a: Magikarp|48\/100 tox|[from] psn\n|-damage|p2a: Magikarp|23\/100 tox|[from] Salt Cure\n|upkeep\n|\n|t:|1697471631\n|switch|p2b: Greedent|Greedent, F|100\/100\n|turn|10\n|\n|t:|1697471648\n|move|p1a: Atlas|Focus Blast|p2a: Magikarp\n|-damage|p2a: Magikarp|0 fnt\n|faint|p2a: Magikarp\n|move|p1b: garg on these nuts|Body Press|p2b: Greedent\n|-supereffective|p2b: Greedent\n|-damage|p2b: Greedent|0 fnt\n|faint|p2b: Greedent\n|\n|win|SubwayBossAstro\n","uploadtime":1697471658,"views":7,"p1id":"subwaybossastro","p2id":"whiskewhat","formatid":"gen9nationaldexdoubles","rating":0,"private":0,"password":""}