{"id":"gen9nationaldexdoubles-1955366587","p1":"AutumnCookie","p2":"kpoc12","format":"[Gen 9] National Dex Doubles","log":"|j|\u2606AutumnCookie\n|j|\u2606kpoc12\n|t:|1695992022\n|gametype|doubles\n|player|p1|AutumnCookie|leon|\n|player|p2|kpoc12|raihan|\n|teamsize|p1|6\n|teamsize|p2|6\n|gen|9\n|tier|[Gen 9] National Dex Doubles\n|rule|HP Percentage Mod: HP is shown in percentages\n|rule|Endless Battle Clause: Forcing endless battles is banned\n|rule|OHKO Clause: OHKO moves are banned\n|rule|Evasion Moves Clause: Evasion moves are banned\n|rule|Evasion Abilities Clause: Evasion abilities are banned\n|rule|Species Clause: Limit one of each Pok\u00e9mon\n|rule|Gravity Sleep Clause: The combination of sleep-inducing moves with imperfect accuracy and Gravity or Gigantamax Orbeetle are banned\n|clearpoke\n|poke|p1|Charizard, M|\n|poke|p1|Aegislash, F|\n|poke|p1|Dragapult, M|\n|poke|p1|Rhyperior, F|\n|poke|p1|Rillaboom, M|\n|poke|p1|Mr. Rime, M|\n|poke|p2|Torkoal, F|\n|poke|p2|Goodra, M|\n|poke|p2|Turtonator, M|\n|poke|p2|Flygon, F|\n|poke|p2|Duraludon, M|\n|poke|p2|Gigalith, F|\n|teampreview\n|\n|t:|1695992132\n|start\n|switch|p1a: Rhyperior|Rhyperior, F|100\/100\n|switch|p1b: Aegislash|Aegislash, F|100\/100\n|switch|p2a: Torkoal|Torkoal, F|100\/100\n|switch|p2b: Goodra|Goodra, M|100\/100\n|-weather|SunnyDay|[from] ability: Drought|[of] p2a: Torkoal\n|turn|1\n|j| cassinidivision\n|c| cassinidivision|hai\n|-activate|p2a: Torkoal|item: Quick Claw\n|\n|t:|1695992197\n|move|p1b: Aegislash|King's Shield|p1b: Aegislash\n|-singleturn|p1b: Aegislash|Protect\n|move|p2a: Torkoal|Lava Plume|p1a: Rhyperior|[spread] p2b,p1a\n|-activate|p1b: Aegislash|move: Protect\n|-resisted|p2b: Goodra\n|-resisted|p1a: Rhyperior\n|-damage|p2b: Goodra|89\/100\n|-damage|p1a: Rhyperior|83\/100\n|move|p2b: Goodra|Dragon Pulse|p1a: Rhyperior\n|-damage|p1a: Rhyperior|47\/100\n|move|p1a: Rhyperior|Earthquake|p2a: Torkoal|[spread] p2a,p2b\n|-activate|p1b: Aegislash|move: Protect\n|-supereffective|p2a: Torkoal\n|-damage|p2a: Torkoal|38\/100\n|-damage|p2b: Goodra|37\/100\n|-enditem|p2b: Goodra|Sitrus Berry|[eat]\n|-heal|p2b: Goodra|62\/100|[from] item: Sitrus Berry\n|\n|-weather|SunnyDay|[upkeep]\n|upkeep\n|turn|2\n|c|\u2606AutumnCookie|I AM ACTUALLY SO SCARED RN\n|\n|t:|1695992253\n|-formechange|p1b: Aegislash|Aegislash-Blade||[from] ability: Stance Change\n|move|p1b: Aegislash|Shadow Sneak|p2a: Torkoal\n|-damage|p2a: Torkoal|21\/100\n|move|p2b: Goodra|Dragon Pulse|p1a: Rhyperior\n|-damage|p1a: Rhyperior|9\/100\n|move|p2a: Torkoal|Lava Plume|p1b: Aegislash|[spread] p2b,p1a,p1b\n|-resisted|p2b: Goodra\n|-resisted|p1a: Rhyperior\n|-supereffective|p1b: Aegislash\n|-crit|p1b: Aegislash\n|-damage|p2b: Goodra|50\/100\n|-damage|p1a: Rhyperior|0 fnt\n|-damage|p1b: Aegislash|0 fnt\n|faint|p1a: Rhyperior\n|faint|p1b: Aegislash\n|\n|-weather|SunnyDay|[upkeep]\n|upkeep\n|c| cassinidivision|OH SHIT\n|c|\u2606AutumnCookie|REALLY HOPED SHADOW SNEAK WOULD DO MORE .\n|\n|t:|1695992286\n|switch|p1b: Dragapult|Dragapult, M|100\/100\n|switch|p1a: Mr. Rime|Mr. Rime, M|100\/100\n|turn|3\n|\n|t:|1695992304\n|move|p1a: Mr. Rime|Fake Out|p2a: Torkoal\n|-damage|p2a: Torkoal|14\/100\n|move|p1b: Dragapult|Dragon Darts|p2b: Goodra\n|-supereffective|p2b: Goodra\n|-damage|p2b: Goodra|0 fnt\n|-anim|p1b: Dragapult|Dragon Darts|p2a: Torkoal\n|-damage|p2a: Torkoal|0 fnt\n|faint|p2b: Goodra\n|faint|p2a: Torkoal\n|\n|-weather|SunnyDay|[upkeep]\n|upkeep\n|c|\u2606kpoc12|evil to them\n|c| cassinidivision|so mean to turtle\n|c|\u2606AutumnCookie|THIS IS VERY SERIOUS SORRY TORKOAL...\n|\n|t:|1695992360\n|switch|p2b: Flygon|Flygon, F|100\/100\n|switch|p2a: Gigalith|Gigalith, F|100\/100\n|-weather|Sandstorm|[from] ability: Sand Stream|[of] p2a: Gigalith\n|turn|4\n|\n|t:|1695992437\n|switch|p1a: Rillaboom|Rillaboom, M|100\/100\n|-fieldstart|move: Grassy Terrain|[from] ability: Grassy Surge|[of] p1a: Rillaboom\n|move|p1b: Dragapult|Dragon Darts|p2b: Flygon\n|-supereffective|p2b: Flygon\n|-damage|p2b: Flygon|36\/100\n|-anim|p1b: Dragapult|Dragon Darts|p2a: Gigalith\n|-damage|p2a: Gigalith|82\/100\n|move|p2b: Flygon|Breaking Swipe|p1b: Dragapult|[spread] p1a,p1b\n|-supereffective|p1b: Dragapult\n|-damage|p1a: Rillaboom|89\/100\n|-damage|p1b: Dragapult|49\/100\n|-unboost|p1a: Rillaboom|atk|1\n|-unboost|p1b: Dragapult|atk|1\n|move|p2a: Gigalith|Stealth Rock|p1b: Dragapult\n|-sidestart|p1: AutumnCookie|move: Stealth Rock\n|\n|-weather|Sandstorm|[upkeep]\n|-damage|p1b: Dragapult|43\/100|[from] Sandstorm\n|-damage|p1a: Rillaboom|82\/100|[from] Sandstorm\n|-heal|p1b: Dragapult|49\/100|[from] Grassy Terrain\n|-heal|p1a: Rillaboom|89\/100|[from] Grassy Terrain\n|-heal|p1a: Rillaboom|95\/100|[from] item: Leftovers\n|-heal|p2a: Gigalith|88\/100|[from] Grassy Terrain\n|upkeep\n|turn|5\n|c| cassinidivision|eyeball emoji\n|c|\u2606AutumnCookie|THIS RILLABOOM IS A MENACE ACTUALLY\n|c|\u2606kpoc12|monkee\n|\n|t:|1695992496\n|switch|p2a: Turtonator|Turtonator, M|100\/100\n|move|p1b: Dragapult|Dragon Darts|p2a: Turtonator\n|-supereffective|p2a: Turtonator\n|-damage|p2a: Turtonator|72\/100\n|-anim|p1b: Dragapult|Dragon Darts|p2b: Flygon\n|-supereffective|p2b: Flygon\n|-damage|p2b: Flygon|0 fnt\n|faint|p2b: Flygon\n|move|p1a: Rillaboom|Leech Seed|p2a: Turtonator\n|-start|p2a: Turtonator|move: Leech Seed\n|\n|-weather|Sandstorm|[upkeep]\n|-damage|p1b: Dragapult|43\/100|[from] Sandstorm\n|-damage|p1a: Rillaboom|89\/100|[from] Sandstorm\n|-damage|p2a: Turtonator|66\/100|[from] Sandstorm\n|-heal|p1b: Dragapult|49\/100|[from] Grassy Terrain\n|-heal|p1a: Rillaboom|95\/100|[from] Grassy Terrain\n|-heal|p1a: Rillaboom|100\/100|[from] item: Leftovers\n|-heal|p2a: Turtonator|72\/100|[from] Grassy Terrain\n|-damage|p2a: Turtonator|60\/100|[from] Leech Seed|[of] p1a: Rillaboom\n|upkeep\n|c| cassinidivision|hrrmngmgn. monk e\n|\n|t:|1695992522\n|switch|p2b: Gigalith|Gigalith, F|88\/100\n|turn|6\n|c| cassinidivision|bede is totally taking notes rn btw\n|c|\u2606kpoc12|PRSSED THE WRONG\n|c|\u2606kpoc12|its ok\n|c|\u2606kpoc12|it was over anyway\n|\n|t:|1695992553\n|move|p1b: Dragapult|Sucker Punch||[still]\n|-fail|p1b: Dragapult\n|move|p1a: Rillaboom|Drum Beating|p2b: Gigalith\n|-supereffective|p2b: Gigalith\n|-damage|p2b: Gigalith|45\/100\n|-unboost|p2b: Gigalith|spe|1\n|move|p2a: Turtonator|Sunny Day|p2a: Turtonator\n|-weather|SunnyDay\n|move|p2b: Gigalith|Rock Blast|p1b: Dragapult\n|-damage|p1b: Dragapult|30\/100\n|-damage|p1b: Dragapult|10\/100\n|-enditem|p1b: Dragapult|Liechi Berry|[eat]\n|-boost|p1b: Dragapult|atk|1|[from] item: Liechi Berry\n|-damage|p1b: Dragapult|0 fnt\n|faint|p1b: Dragapult\n|-hitcount|p1: Dragapult|3\n|\n|-weather|SunnyDay|[upkeep]\n|-heal|p2a: Turtonator|66\/100|[from] Grassy Terrain\n|-heal|p2b: Gigalith|51\/100|[from] Grassy Terrain\n|-damage|p2a: Turtonator|53\/100|[from] Leech Seed|[of] p1a: Rillaboom\n|upkeep\n|\n|t:|1695992587\n|switch|p1b: Mr. Rime|Mr. Rime, M|100\/100\n|-damage|p1b: Mr. Rime|76\/100|[from] Stealth Rock\n|turn|7\n|\n|t:|1695992602\n|move|p1b: Mr. Rime|Fake Out|p2a: Turtonator\n|-damage|p2a: Turtonator|47\/100\n|move|p1a: Rillaboom|Swords Dance|p1a: Rillaboom\n|-boost|p1a: Rillaboom|atk|2\n|cant|p2a: Turtonator|flinch\n|move|p2b: Gigalith|Rock Blast|p1b: Mr. Rime\n|-supereffective|p1b: Mr. Rime\n|-damage|p1b: Mr. Rime|42\/100\n|-supereffective|p1b: Mr. Rime\n|-damage|p1b: Mr. Rime|6\/100\n|-supereffective|p1b: Mr. Rime\n|-damage|p1b: Mr. Rime|0 fnt\n|faint|p1b: Mr. Rime\n|-hitcount|p1: Mr. Rime|3\n|\n|-weather|SunnyDay|[upkeep]\n|-heal|p2a: Turtonator|53\/100|[from] Grassy Terrain\n|-heal|p2b: Gigalith|57\/100|[from] Grassy Terrain\n|-damage|p2a: Turtonator|41\/100|[from] Leech Seed|[of] p1a: Rillaboom\n|upkeep\n|\n|t:|1695992624\n|switch|p1b: Charizard|Charizard, M|100\/100\n|turn|8\n|c|\u2606AutumnCookie|HEAVY DUTY BOOTS. HE LEARNED .\n|c| cassinidivision|:bowomp:\n|c|\u2606kpoc12|HE LEARNED\n|c|\u2606kpoc12|RAIHAN WATCHN THAT THING COME OUT W BOOTS ON\n|\n|t:|1695992652\n|move|p1b: Charizard|Dragon Pulse|p2a: Turtonator\n|-supereffective|p2a: Turtonator\n|-damage|p2a: Turtonator|0 fnt\n|faint|p2a: Turtonator\n|move|p1a: Rillaboom|Drain Punch|p2b: Gigalith\n|-supereffective|p2b: Gigalith\n|-crit|p2b: Gigalith\n|-damage|p2b: Gigalith|0 fnt\n|faint|p2b: Gigalith\n|\n|-weather|SunnyDay|[upkeep]\n|-fieldend|move: Grassy Terrain\n|upkeep\n|\n|t:|1695992665\n|switch|p2a: Duraludon|Duraludon, M|100\/100\n|turn|9\n|c|\u2606kpoc12|he got close he'll take this\n|c| cassinidivision|yeah this is pretty close\n|\n|t:|1695992681\n|move|p1b: Charizard|Fire Pledge|p2a: Duraludon\n|-damage|p2a: Duraludon|0 fnt\n|faint|p2a: Duraludon\n|\n|win|AutumnCookie\n|c|\u2606AutumnCookie|OH I DIDN'T THINK THAT WOULD OHKO LMAO\n|c| cassinidivision|bede crying rn\n|c| cassinidivision|its fine i dont think he can beat colress lmao\n|c|\u2606AutumnCookie|REAL\n|c| cassinidivision|the ONE steel user.\n|l|\u2606kpoc12\n","uploadtime":1695992838,"views":8,"p1id":"autumncookie","p2id":"kpoc12","formatid":"gen9nationaldexdoubles","rating":0,"private":0,"password":""}