{"id":"gen9nationaldexdoubles-1975554846","p1":"Dino3240","p2":"Roy Kasoy","format":"[Gen 9] National Dex Doubles","log":"|j|\u2606Dino3240\n|j|\u2606Roy Kasoy\n|t:|1698204270\n|gametype|doubles\n|player|p1|Dino3240|hilbert|\n|player|p2|Roy Kasoy|hilbert|\n|teamsize|p1|6\n|teamsize|p2|6\n|gen|9\n|tier|[Gen 9] National Dex Doubles\n|rule|HP Percentage Mod: HP is shown in percentages\n|rule|Endless Battle Clause: Forcing endless battles is banned\n|rule|OHKO Clause: OHKO moves are banned\n|rule|Evasion Moves Clause: Evasion moves are banned\n|rule|Evasion Abilities Clause: Evasion abilities are banned\n|rule|Species Clause: Limit one of each Pok\u00e9mon\n|rule|Gravity Sleep Clause: The combination of sleep-inducing moves with imperfect accuracy and Gravity or Gigantamax Orbeetle are banned\n|clearpoke\n|poke|p1|Scorbunny, F|\n|poke|p1|Riolu, M|\n|poke|p1|Mudkip, F|\n|poke|p1|Treecko, M|\n|poke|p1|Charmander, M|\n|poke|p1|Bulbasaur, M|\n|poke|p2|Bulbasaur, F|\n|poke|p2|Litten, F|\n|poke|p2|Squirtle, F|\n|poke|p2|Larvitar, M|\n|poke|p2|Riolu, M|\n|poke|p2|Pichu, M|\n|teampreview\n|\n|t:|1698204324\n|start\n|switch|p1a: Charmander|Charmander, M|100\/100\n|switch|p1b: Bulbasaur|Bulbasaur, M|100\/100\n|switch|p2a: Squirtle|Squirtle, F|100\/100\n|switch|p2b: Litten|Litten, F|100\/100\n|-ability|p2b: Litten|Intimidate|boost\n|-unboost|p1a: Charmander|atk|1\n|-unboost|p1b: Bulbasaur|atk|1\n|turn|1\n|\n|t:|1698204361\n|-terastallize|p1b: Bulbasaur|Dragon\n|move|p2a: Squirtle|Fake Out|p1b: Bulbasaur\n|-damage|p1b: Bulbasaur|95\/100\n|move|p2b: Litten|Flare Blitz|p1b: Bulbasaur\n|-resisted|p1b: Bulbasaur\n|-damage|p1b: Bulbasaur|73\/100\n|-damage|p2b: Litten|92\/100|[from] Recoil\n|move|p1a: Charmander|Ancient Power|p2b: Litten\n|-supereffective|p2b: Litten\n|-damage|p2b: Litten|16\/100\n|-boost|p1a: Charmander|atk|1\n|-boost|p1a: Charmander|def|1\n|-boost|p1a: Charmander|spa|1\n|-boost|p1a: Charmander|spd|1\n|-boost|p1a: Charmander|spe|1\n|-enditem|p2b: Litten|Figy Berry|[eat]\n|-heal|p2b: Litten|49\/100|[from] item: Figy Berry\n|cant|p1b: Bulbasaur|flinch\n|\n|upkeep\n|turn|2\n|\n|t:|1698204411\n|switch|p2b: Larvitar|Larvitar, M|100\/100\n|move|p1a: Charmander|Mud-Slap|p2b: Larvitar\n|-supereffective|p2b: Larvitar\n|-damage|p2b: Larvitar|71\/100\n|-unboost|p2b: Larvitar|accuracy|1\n|move|p1b: Bulbasaur|Sludge Bomb|p2a: Squirtle\n|-damage|p2a: Squirtle|79\/100\n|move|p2a: Squirtle|Scald|p1a: Charmander\n|-supereffective|p1a: Charmander\n|-damage|p1a: Charmander|55\/100\n|\n|-status|p2b: Larvitar|brn|[from] item: Flame Orb\n|upkeep\n|turn|3\n|\n|t:|1698204436\n|move|p1a: Charmander|Heat Wave|p2a: Squirtle|[spread] p2a,p2b\n|-resisted|p2a: Squirtle\n|-resisted|p2b: Larvitar\n|-damage|p2a: Squirtle|62\/100\n|-damage|p2b: Larvitar|17\/100 brn\n|move|p2b: Larvitar|Rock Slide|p1b: Bulbasaur|[spread] p1a,p1b\n|-supereffective|p1a: Charmander\n|-damage|p1a: Charmander|0 fnt\n|-damage|p1b: Bulbasaur|44\/100\n|faint|p1a: Charmander\n|cant|p1b: Bulbasaur|flinch\n|move|p2a: Squirtle|Ice Beam|p1b: Bulbasaur\n|-supereffective|p1b: Bulbasaur\n|-damage|p1b: Bulbasaur|17\/100\n|\n|-damage|p2b: Larvitar|11\/100 brn|[from] brn\n|upkeep\n|\n|t:|1698204455\n|switch|p1a: Mudkip|Mudkip, F|100\/100\n|turn|4\n|\n|t:|1698204470\n|move|p2b: Larvitar|Rock Slide|p1a: Mudkip|[spread] p1a,p1b\n|-damage|p1a: Mudkip|66\/100\n|-damage|p1b: Bulbasaur|0 fnt\n|faint|p1b: Bulbasaur\n|move|p2a: Squirtle|Ice Beam|p1a: Mudkip\n|-resisted|p1a: Mudkip\n|-damage|p1a: Mudkip|56\/100\n|move|p1a: Mudkip|Waterfall|p2b: Larvitar\n|-supereffective|p2b: Larvitar\n|-damage|p2b: Larvitar|0 fnt\n|faint|p2b: Larvitar\n|\n|upkeep\n|\n|t:|1698204503\n|switch|p2b: Pichu|Pichu, M|100\/100\n|switch|p1b: Treecko|Treecko, M|100\/100\n|turn|5\n|\n|t:|1698204536\n|-terastallize|p2a: Squirtle|Grass\n|move|p1b: Treecko|Substitute|p1b: Treecko\n|-start|p1b: Treecko|Substitute\n|-damage|p1b: Treecko|76\/100\n|move|p2b: Pichu|Thunderbolt|p1a: Mudkip\n|-supereffective|p1a: Mudkip\n|-damage|p1a: Mudkip|15\/100\n|move|p2a: Squirtle|Ice Beam|p1b: Treecko\n|-supereffective|p1b: Treecko\n|-end|p1b: Treecko|Substitute\n|move|p1a: Mudkip|Rock Smash|p2b: Pichu\n|-damage|p2b: Pichu|31\/100\n|-unboost|p2b: Pichu|def|1\n|\n|upkeep\n|turn|6\n|\n|t:|1698204564\n|move|p1b: Treecko|Protect|p1b: Treecko\n|-singleturn|p1b: Treecko|Protect\n|move|p1a: Mudkip|Protect|p1a: Mudkip\n|-singleturn|p1a: Mudkip|Protect\n|move|p2b: Pichu|Thunderbolt|p1a: Mudkip\n|-activate|p1a: Mudkip|move: Protect\n|move|p2a: Squirtle|Ice Beam|p1b: Treecko\n|-activate|p1b: Treecko|move: Protect\n|\n|upkeep\n|turn|7\n|\n|t:|1698204609\n|move|p1b: Treecko|Dragon Breath|p2a: Squirtle\n|-damage|p2a: Squirtle|46\/100\n|-status|p2a: Squirtle|par\n|-damage|p1b: Treecko|66\/100|[from] item: Life Orb\n|move|p2b: Pichu|Thunderbolt|p1a: Mudkip\n|-supereffective|p1a: Mudkip\n|-damage|p1a: Mudkip|0 fnt\n|faint|p1a: Mudkip\n|move|p2a: Squirtle|Ice Beam|p1b: Treecko\n|-supereffective|p1b: Treecko\n|-damage|p1b: Treecko|7\/100\n|\n|upkeep\n|\n|t:|1698204636\n|switch|p1a: Riolu|Riolu, M|100\/100\n|turn|8\n|\n|t:|1698204659\n|switch|p2a: Bulbasaur|Bulbasaur, F|100\/100\n|move|p1b: Treecko|Giga Drain|p2b: Pichu\n|-damage|p2b: Pichu|0 fnt\n|-heal|p1b: Treecko|20\/100|[from] drain|[of] p2b: Pichu\n|faint|p2b: Pichu\n|-damage|p1b: Treecko|10\/100|[from] item: Life Orb\n|move|p1a: Riolu|Swords Dance|p1a: Riolu\n|-boost|p1a: Riolu|atk|2\n|\n|upkeep\n|\n|t:|1698204690\n|switch|p2b: Riolu|Riolu, M|100\/100\n|turn|9\n|\n|t:|1698204715\n|move|p1b: Treecko|Protect|p1b: Treecko\n|-singleturn|p1b: Treecko|Protect\n|move|p2b: Riolu|Drain Punch|p1b: Treecko\n|-activate|p1b: Treecko|move: Protect\n|move|p1a: Riolu|Rock Slide|p2b: Riolu|[spread] p2a,p2b\n|-resisted|p2b: Riolu\n|-damage|p2a: Bulbasaur|73\/100\n|-damage|p2b: Riolu|62\/100\n|cant|p2a: Bulbasaur|flinch\n|\n|upkeep\n|turn|10\n|\n|t:|1698204734\n|move|p2b: Riolu|Drain Punch|p1b: Treecko\n|-damage|p1b: Treecko|0 fnt\n|-heal|p2b: Riolu|67\/100|[from] drain|[of] p1b: Treecko\n|faint|p1b: Treecko\n|move|p1a: Riolu|Rock Slide|p2b: Riolu|[spread] p2a,p2b\n|-resisted|p2b: Riolu\n|-damage|p2a: Bulbasaur|42\/100\n|-damage|p2b: Riolu|34\/100\n|move|p2a: Bulbasaur|Giga Drain|p1a: Riolu\n|-damage|p1a: Riolu|53\/100\n|-heal|p2a: Bulbasaur|64\/100|[from] drain|[of] p1a: Riolu\n|\n|upkeep\n|\n|t:|1698204749\n|switch|p1b: Scorbunny|Scorbunny, F|100\/100\n|turn|11\n|\n|t:|1698204757\n|move|p2a: Bulbasaur|Protect|p2a: Bulbasaur\n|-singleturn|p2a: Bulbasaur|Protect\n|move|p2b: Riolu|Drain Punch|p1a: Riolu\n|-damage|p1a: Riolu|0 fnt\n|-heal|p2b: Riolu|64\/100|[from] drain|[of] p1a: Riolu\n|faint|p1a: Riolu\n|move|p1b: Scorbunny|Flare Blitz|p2a: Bulbasaur\n|-activate|p2a: Bulbasaur|move: Protect\n|\n|upkeep\n|turn|12\n|\n|t:|1698204772\n|switch|p2a: Litten|Litten, F|49\/100\n|-ability|p2a: Litten|Intimidate|boost\n|-unboost|p1b: Scorbunny|atk|1\n|move|p2b: Riolu|Drain Punch|p1b: Scorbunny\n|-damage|p1b: Scorbunny|32\/100\n|-heal|p2b: Riolu|100\/100|[from] drain|[of] p1b: Scorbunny\n|move|p1b: Scorbunny|Flare Blitz|p2b: Riolu\n|-damage|p2b: Riolu|0 fnt\n|faint|p2b: Riolu\n|-damage|p1b: Scorbunny|2\/100|[from] Recoil\n|\n|upkeep\n|\n|t:|1698204791\n|switch|p2b: Squirtle|Squirtle, F, tera:Grass|46\/100 par\n|turn|13\n|\n|t:|1698204799\n|cant|p2b: Squirtle|par\n|move|p2a: Litten|Crunch|p1b: Scorbunny\n|-damage|p1b: Scorbunny|0 fnt\n|faint|p1b: Scorbunny\n|\n|win|Roy Kasoy\n","uploadtime":1698204810,"views":18,"p1id":"dino3240","p2id":"roykasoy","formatid":"gen9nationaldexdoubles","rating":0,"private":0,"password":""}