{"id":"gen9nationaldexdoubles-1964262943","p1":"4rfger","p2":"Creepystank","format":"[Gen 9] National Dex Doubles","log":"|j|\u26064rfger\n|j|\u2606Creepystank\n|t:|1696955029\n|gametype|doubles\n|player|p1|4rfger|roark|1249\n|player|p2|Creepystank|cynthia-gen4|1223\n|teamsize|p1|6\n|teamsize|p2|6\n|gen|9\n|tier|[Gen 9] National Dex Doubles\n|rated|\n|rule|HP Percentage Mod: HP is shown in percentages\n|rule|Endless Battle Clause: Forcing endless battles is banned\n|rule|OHKO Clause: OHKO moves are banned\n|rule|Evasion Moves Clause: Evasion moves are banned\n|rule|Evasion Abilities Clause: Evasion abilities are banned\n|rule|Species Clause: Limit one of each Pok\u00e9mon\n|rule|Gravity Sleep Clause: The combination of sleep-inducing moves with imperfect accuracy and Gravity or Gigantamax Orbeetle are banned\n|clearpoke\n|poke|p1|Tyranitar, F|\n|poke|p1|Garganacl, M|\n|poke|p1|Stakataka|\n|poke|p1|Aggron, F|\n|poke|p1|Ogerpon-Cornerstone, F|\n|poke|p1|Shuckle, F|\n|poke|p2|Mew|\n|poke|p2|Vespiquen, F|\n|poke|p2|Tapu Lele|\n|poke|p2|Conkeldurr, F|\n|poke|p2|Cresselia, F|\n|poke|p2|Tornadus, M|\n|teampreview\n|inactive|Battle timer is ON: inactive players will automatically lose when time's up. (requested by Creepystank)\n|\n|t:|1696955043\n|start\n|switch|p1a: Ogerpon|Ogerpon-Cornerstone, F|100\/100\n|switch|p1b: Shuckle|Shuckle, F|100\/100\n|switch|p2a: Mew|Mew|100\/100\n|switch|p2b: Vespiquen|Vespiquen, F|100\/100\n|-ability|p2b: Vespiquen|Pressure\n|turn|1\n|\n|t:|1696955051\n|switch|p1a: Garganacl|Garganacl, M|100\/100\n|-terastallize|p2b: Vespiquen|Ghost\n|move|p2a: Mew|Coaching|p2b: Vespiquen\n|-boost|p2b: Vespiquen|atk|1\n|-boost|p2b: Vespiquen|def|1\n|move|p2b: Vespiquen|Defend Order|p2b: Vespiquen\n|-boost|p2b: Vespiquen|def|1\n|-boost|p2b: Vespiquen|spd|1\n|move|p1b: Shuckle|Guard Split|p1a: Garganacl\n|-activate|p1b: Shuckle|move: Guard Split|[of] p1a: Garganacl\n|\n|upkeep\n|turn|2\n|\n|t:|1696955072\n|move|p2a: Mew|Coaching|p2b: Vespiquen\n|-boost|p2b: Vespiquen|atk|1\n|-boost|p2b: Vespiquen|def|1\n|move|p1a: Garganacl|Salt Cure|p2b: Vespiquen\n|-damage|p2b: Vespiquen|95\/100\n|-start|p2b: Vespiquen|Salt Cure\n|move|p2b: Vespiquen|Defend Order|p2b: Vespiquen\n|-boost|p2b: Vespiquen|def|1\n|-boost|p2b: Vespiquen|spd|1\n|move|p1b: Shuckle|Knock Off|p2b: Vespiquen\n|-supereffective|p2b: Vespiquen\n|-damage|p2b: Vespiquen|90\/100\n|-enditem|p2b: Vespiquen|Heavy-Duty Boots|[from] move: Knock Off|[of] p1b: Shuckle\n|\n|-damage|p2b: Vespiquen|77\/100|[from] Salt Cure\n|upkeep\n|turn|3\n|\n|t:|1696955090\n|move|p2a: Mew|Coaching|p2b: Vespiquen\n|-boost|p2b: Vespiquen|atk|1\n|-boost|p2b: Vespiquen|def|1\n|move|p1a: Garganacl|Iron Defense|p1a: Garganacl\n|-boost|p1a: Garganacl|def|2\n|move|p2b: Vespiquen|Defend Order|p2b: Vespiquen\n|-boost|p2b: Vespiquen|def|1\n|-boost|p2b: Vespiquen|spd|1\n|move|p1b: Shuckle|Knock Off|p2a: Mew\n|-supereffective|p2a: Mew\n|-damage|p2a: Mew|90\/100\n|-enditem|p2a: Mew|Leftovers|[from] move: Knock Off|[of] p1b: Shuckle\n|\n|-damage|p2b: Vespiquen|65\/100|[from] Salt Cure\n|upkeep\n|turn|4\n|\n|t:|1696955103\n|switch|p2a: Cresselia|Cresselia, F|100\/100\n|move|p1a: Garganacl|Salt Cure|p2a: Cresselia\n|-damage|p2a: Cresselia|93\/100\n|-start|p2a: Cresselia|Salt Cure\n|move|p2b: Vespiquen|Heal Order|p2b: Vespiquen\n|-heal|p2b: Vespiquen|100\/100\n|move|p1b: Shuckle|Infestation|p2b: Vespiquen\n|-resisted|p2b: Vespiquen\n|-crit|p2b: Vespiquen\n|-damage|p2b: Vespiquen|99\/100\n|-activate|p2b: Vespiquen|move: Infestation|[of] p1b: Shuckle\n|\n|-damage|p2a: Cresselia|80\/100|[from] Salt Cure\n|-damage|p2b: Vespiquen|87\/100|[from] Salt Cure\n|-damage|p2b: Vespiquen|75\/100|[from] move: Infestation|[partiallytrapped]\n|upkeep\n|turn|5\n|\n|t:|1696955130\n|switch|p1b: Ogerpon|Ogerpon-Cornerstone, F|100\/100\n|move|p2a: Cresselia|Lunar Blessing|p2a: Cresselia|[spread] p2a,p2b\n|-heal|p2a: Cresselia|100\/100\n|-heal|p2b: Vespiquen|99\/100\n|move|p1a: Garganacl|Iron Defense|p1a: Garganacl\n|-boost|p1a: Garganacl|def|2\n|move|p2b: Vespiquen|Dual Wingbeat|p1b: Ogerpon|[miss]\n|-miss|p2b: Vespiquen|p1b: Ogerpon\n|\n|-damage|p2a: Cresselia|88\/100|[from] Salt Cure\n|-damage|p2b: Vespiquen|88\/100|[from] Salt Cure\n|-end|p2b: Vespiquen|Infestation|[partiallytrapped]|[silent]\n|upkeep\n|turn|6\n|\n|t:|1696955157\n|move|p1b: Ogerpon|Encore|p2a: Cresselia\n|-start|p2a: Cresselia|Encore\n|-enditem|p2a: Cresselia|Mental Herb\n|-end|p2a: Cresselia|Encore\n|move|p1a: Garganacl|Iron Defense|p1a: Garganacl\n|-boost|p1a: Garganacl|def|2\n|move|p2b: Vespiquen|Attack Order|p1b: Ogerpon\n|-supereffective|p1b: Ogerpon\n|-ability|p1b: Ogerpon|Sturdy\n|-damage|p1b: Ogerpon|1\/100\n|move|p2a: Cresselia|Trick Room|p2a: Cresselia\n|-fieldstart|move: Trick Room|[of] p2a: Cresselia\n|\n|-damage|p2b: Vespiquen|76\/100|[from] Salt Cure\n|-damage|p2a: Cresselia|76\/100|[from] Salt Cure\n|upkeep\n|turn|7\n|inactive|4rfger has 120 seconds left.\n|\n|t:|1696955191\n|switch|p1b: Shuckle|Shuckle, F|100\/100\n|move|p2a: Cresselia|Protect|p2a: Cresselia\n|-singleturn|p2a: Cresselia|Protect\n|move|p2b: Vespiquen|Dual Wingbeat|p1b: Shuckle\n|-damage|p1b: Shuckle|79\/100\n|-damage|p1b: Shuckle|60\/100\n|-hitcount|p1b: Shuckle|2\n|move|p1a: Garganacl|Body Press|p2a: Cresselia\n|-activate|p2a: Cresselia|move: Protect\n|\n|-heal|p1b: Shuckle|66\/100|[from] item: Leftovers\n|-damage|p2b: Vespiquen|64\/100|[from] Salt Cure\n|-damage|p2a: Cresselia|64\/100|[from] Salt Cure\n|upkeep\n|turn|8\n|inactive|Creepystank has 120 seconds left.\n|\n|t:|1696955231\n|move|p1b: Shuckle|Sticky Web|p2a: Cresselia\n|-sidestart|p2: Creepystank|move: Sticky Web\n|move|p2b: Vespiquen|Attack Order|p1b: Shuckle\n|-damage|p1b: Shuckle|21\/100\n|move|p1a: Garganacl|Body Press|p2a: Cresselia\n|-resisted|p2a: Cresselia\n|-damage|p2a: Cresselia|22\/100\n|move|p2a: Cresselia|Lunar Blessing|p2a: Cresselia|[spread] p2a,p2b\n|-heal|p2a: Cresselia|47\/100\n|-heal|p2b: Vespiquen|89\/100\n|\n|-heal|p1b: Shuckle|27\/100|[from] item: Leftovers\n|-damage|p2b: Vespiquen|76\/100|[from] Salt Cure\n|-damage|p2a: Cresselia|35\/100|[from] Salt Cure\n|upkeep\n|turn|9\n|\n|t:|1696955247\n|move|p1b: Shuckle|Infestation|p2b: Vespiquen\n|-resisted|p2b: Vespiquen\n|-damage|p2b: Vespiquen|76\/100\n|-activate|p2b: Vespiquen|move: Infestation|[of] p1b: Shuckle\n|move|p2b: Vespiquen|Attack Order|p1b: Shuckle\n|-damage|p1b: Shuckle|0 fnt\n|faint|p1b: Shuckle\n|move|p1a: Garganacl|Body Press|p2a: Cresselia\n|-resisted|p2a: Cresselia\n|-damage|p2a: Cresselia|0 fnt\n|faint|p2a: Cresselia\n|\n|-end|p2b: Vespiquen|Infestation|[partiallytrapped]|[silent]\n|-damage|p2b: Vespiquen|64\/100|[from] Salt Cure\n|upkeep\n|\n|t:|1696955262\n|switch|p1b: Stakataka|Stakataka|100\/100\n|switch|p2a: Conkeldurr|Conkeldurr, F|100\/100\n|-activate|p2a: Conkeldurr|move: Sticky Web\n|-unboost|p2a: Conkeldurr|spe|1\n|turn|10\n|\n|t:|1696955272\n|move|p2a: Conkeldurr|Protect|p2a: Conkeldurr\n|-singleturn|p2a: Conkeldurr|Protect\n|move|p1b: Stakataka|Stone Edge|p2b: Vespiquen\n|-damage|p2b: Vespiquen|49\/100\n|move|p2b: Vespiquen|Heal Order|p2b: Vespiquen\n|-heal|p2b: Vespiquen|99\/100\n|move|p1a: Garganacl|Body Press|p2a: Conkeldurr\n|-activate|p2a: Conkeldurr|move: Protect\n|\n|-damage|p2b: Vespiquen|87\/100|[from] Salt Cure\n|-fieldend|move: Trick Room\n|-status|p2a: Conkeldurr|brn|[from] item: Flame Orb\n|upkeep\n|turn|11\n|\n|t:|1696955302\n|switch|p1b: Ogerpon|Ogerpon-Cornerstone, F|1\/100\n|move|p1a: Garganacl|Body Press|p2a: Conkeldurr\n|-damage|p2a: Conkeldurr|0 fnt\n|faint|p2a: Conkeldurr\n|move|p2b: Vespiquen|Attack Order|p1a: Garganacl\n|-damage|p1a: Garganacl|91\/100\n|\n|-heal|p1a: Garganacl|97\/100|[from] item: Leftovers\n|-damage|p2b: Vespiquen|75\/100|[from] Salt Cure\n|upkeep\n|\n|t:|1696955309\n|switch|p2a: Tornadus|Tornadus, M|100\/100\n|turn|12\n|\n|t:|1696955325\n|move|p1b: Ogerpon|Ivy Cudgel|p2a: Tornadus\n|-supereffective|p2a: Tornadus\n|-damage|p2a: Tornadus|0 fnt\n|faint|p2a: Tornadus\n|move|p1a: Garganacl|Salt Cure|p2b: Vespiquen\n|-damage|p2b: Vespiquen|72\/100\n|move|p2b: Vespiquen|Attack Order|p1a: Garganacl\n|-damage|p1a: Garganacl|88\/100\n|\n|-heal|p1a: Garganacl|94\/100|[from] item: Leftovers\n|-damage|p2b: Vespiquen|60\/100|[from] Salt Cure\n|upkeep\n|\n|t:|1696955333\n|switch|p2a: Mew|Mew|90\/100\n|-activate|p2a: Mew|move: Sticky Web\n|-unboost|p2a: Mew|spe|1\n|turn|13\n|\n|t:|1696955348\n|switch|p1b: Aggron|Aggron, F|100\/100\n|move|p2a: Mew|Coaching|p2b: Vespiquen\n|-boost|p2b: Vespiquen|atk|1\n|-boost|p2b: Vespiquen|def|0\n|move|p1a: Garganacl|Salt Cure|p2a: Mew\n|-damage|p2a: Mew|77\/100\n|-start|p2a: Mew|Salt Cure\n|move|p2b: Vespiquen|Heal Order|p2b: Vespiquen\n|-heal|p2b: Vespiquen|100\/100\n|\n|-heal|p1a: Garganacl|99\/100|[from] item: Leftovers\n|-damage|p2a: Mew|65\/100|[from] Salt Cure\n|-damage|p2b: Vespiquen|88\/100|[from] Salt Cure\n|upkeep\n|turn|14\n|\n|t:|1696955358\n|detailschange|p1b: Aggron|Aggron-Mega, F\n|-mega|p1b: Aggron|Aggron|Aggronite\n|move|p2a: Mew|Coaching|p2b: Vespiquen\n|-boost|p2b: Vespiquen|atk|1\n|-boost|p2b: Vespiquen|def|0\n|move|p1b: Aggron|Iron Defense|p1b: Aggron\n|-boost|p1b: Aggron|def|2\n|move|p1a: Garganacl|Body Press|p2a: Mew\n|-resisted|p2a: Mew\n|-damage|p2a: Mew|0 fnt\n|faint|p2a: Mew\n|move|p2b: Vespiquen|Defend Order|p2b: Vespiquen\n|-boost|p2b: Vespiquen|def|0\n|-boost|p2b: Vespiquen|spd|1\n|\n|-heal|p1a: Garganacl|100\/100|[from] item: Leftovers\n|-damage|p2b: Vespiquen|76\/100|[from] Salt Cure\n|upkeep\n|\n|t:|1696955366\n|switch|p2a: Tapu Lele|Tapu Lele|100\/100\n|-activate|p2a: Tapu Lele|move: Sticky Web\n|-unboost|p2a: Tapu Lele|spe|1\n|-fieldstart|move: Psychic Terrain|[from] ability: Psychic Surge|[of] p2a: Tapu Lele\n|turn|15\n|\n|t:|1696955373\n|switch|p1b: Tyranitar|Tyranitar, F|100\/100\n|-weather|Sandstorm|[from] ability: Sand Stream|[of] p1b: Tyranitar\n|move|p2a: Tapu Lele|Psychic|p1a: Garganacl\n|-damage|p1a: Garganacl|80\/100\n|move|p1a: Garganacl|Salt Cure|p2a: Tapu Lele\n|-damage|p2a: Tapu Lele|83\/100\n|-start|p2a: Tapu Lele|Salt Cure\n|move|p2b: Vespiquen|Attack Order|p1a: Garganacl\n|-damage|p1a: Garganacl|68\/100\n|\n|-weather|Sandstorm|[upkeep]\n|-damage|p2a: Tapu Lele|77\/100|[from] Sandstorm\n|-damage|p2b: Vespiquen|70\/100|[from] Sandstorm\n|-heal|p1a: Garganacl|75\/100|[from] item: Leftovers\n|-damage|p2a: Tapu Lele|65\/100|[from] Salt Cure\n|-damage|p2b: Vespiquen|58\/100|[from] Salt Cure\n|upkeep\n|turn|16\n|\n|t:|1696955393\n|move|p1b: Tyranitar|Knock Off|p2a: Tapu Lele\n|-damage|p2a: Tapu Lele|13\/100\n|-enditem|p2a: Tapu Lele|Light Clay|[from] move: Knock Off|[of] p1b: Tyranitar\n|move|p2a: Tapu Lele|Dazzling Gleam|p1a: Garganacl|[spread] p1a,p1b\n|-supereffective|p1b: Tyranitar\n|-damage|p1a: Garganacl|65\/100\n|-damage|p1b: Tyranitar|85\/100\n|move|p1a: Garganacl|Body Press|p2a: Tapu Lele\n|-resisted|p2a: Tapu Lele\n|-damage|p2a: Tapu Lele|0 fnt\n|faint|p2a: Tapu Lele\n|move|p2b: Vespiquen|Attack Order|p1a: Garganacl\n|-damage|p1a: Garganacl|53\/100\n|\n|-weather|Sandstorm|[upkeep]\n|-damage|p2b: Vespiquen|52\/100|[from] Sandstorm\n|-heal|p1a: Garganacl|59\/100|[from] item: Leftovers\n|-damage|p2b: Vespiquen|39\/100|[from] Salt Cure\n|upkeep\n|turn|17\n|\n|t:|1696955404\n|switch|p1b: Aggron|Aggron-Mega, F|100\/100\n|move|p1a: Garganacl|Recover|p1a: Garganacl\n|-heal|p1a: Garganacl|100\/100\n|move|p2b: Vespiquen|Heal Order|p2b: Vespiquen\n|-heal|p2b: Vespiquen|90\/100\n|\n|-weather|Sandstorm|[upkeep]\n|-damage|p2b: Vespiquen|83\/100|[from] Sandstorm\n|-damage|p2b: Vespiquen|71\/100|[from] Salt Cure\n|upkeep\n|turn|18\n|\n|t:|1696955414\n|move|p1b: Aggron|Iron Defense|p1b: Aggron\n|-boost|p1b: Aggron|def|2\n|move|p1a: Garganacl|Salt Cure|p2b: Vespiquen\n|-damage|p2b: Vespiquen|67\/100\n|move|p2b: Vespiquen|Attack Order|p1b: Aggron\n|-resisted|p1b: Aggron\n|-damage|p1b: Aggron|90\/100\n|\n|-weather|Sandstorm|[upkeep]\n|-damage|p2b: Vespiquen|61\/100|[from] Sandstorm\n|-damage|p2b: Vespiquen|49\/100|[from] Salt Cure\n|upkeep\n|turn|19\n|\n|t:|1696955429\n|move|p1b: Aggron|Iron Defense|p1b: Aggron\n|-boost|p1b: Aggron|def|2\n|move|p1a: Garganacl|Iron Defense|p1a: Garganacl\n|-boost|p1a: Garganacl|def|0\n|move|p2b: Vespiquen|Dual Wingbeat|p1b: Aggron\n|-resisted|p1b: Aggron\n|-damage|p1b: Aggron|87\/100\n|-resisted|p1b: Aggron\n|-damage|p1b: Aggron|84\/100\n|-hitcount|p1b: Aggron|2\n|\n|-weather|none\n|-damage|p2b: Vespiquen|37\/100|[from] Salt Cure\n|-fieldend|move: Psychic Terrain\n|upkeep\n|turn|20\n|\n|t:|1696955438\n|switch|p1b: Tyranitar|Tyranitar, F|85\/100\n|-weather|Sandstorm|[from] ability: Sand Stream|[of] p1b: Tyranitar\n|move|p1a: Garganacl|Iron Defense|p1a: Garganacl\n|-boost|p1a: Garganacl|def|0\n|move|p2b: Vespiquen|Heal Order|p2b: Vespiquen\n|-heal|p2b: Vespiquen|87\/100\n|\n|-weather|Sandstorm|[upkeep]\n|-damage|p2b: Vespiquen|81\/100|[from] Sandstorm\n|-damage|p2b: Vespiquen|68\/100|[from] Salt Cure\n|upkeep\n|turn|21\n|c|\u2606Creepystank|Gg lol\n|c|\u26064rfger|gg\n|\n|t:|1696955457\n|switch|p1b: Aggron|Aggron-Mega, F|84\/100\n|move|p1a: Garganacl|Iron Defense|p1a: Garganacl\n|-boost|p1a: Garganacl|def|0\n|move|p2b: Vespiquen|Attack Order|p1b: Aggron\n|-resisted|p1b: Aggron\n|-damage|p1b: Aggron|64\/100\n|\n|-weather|Sandstorm|[upkeep]\n|-damage|p2b: Vespiquen|62\/100|[from] Sandstorm\n|-damage|p2b: Vespiquen|50\/100|[from] Salt Cure\n|upkeep\n|turn|22\n|\n|t:|1696955468\n|move|p1b: Aggron|Iron Defense|p1b: Aggron\n|-boost|p1b: Aggron|def|2\n|move|p1a: Garganacl|Iron Defense|p1a: Garganacl\n|-boost|p1a: Garganacl|def|0\n|move|p2b: Vespiquen|Attack Order|p1b: Aggron\n|-resisted|p1b: Aggron\n|-damage|p1b: Aggron|54\/100\n|\n|-weather|Sandstorm|[upkeep]\n|-damage|p2b: Vespiquen|44\/100|[from] Sandstorm\n|-damage|p2b: Vespiquen|32\/100|[from] Salt Cure\n|upkeep\n|turn|23\n|\n|t:|1696955487\n|move|p1b: Aggron|Rest|p1b: Aggron\n|-status|p1b: Aggron|slp|[from] move: Rest\n|-heal|p1b: Aggron|100\/100 slp|[silent]\n|move|p1a: Garganacl|Iron Defense|p1a: Garganacl\n|-boost|p1a: Garganacl|def|0\n|move|p2b: Vespiquen|Attack Order|p1b: Aggron\n|-resisted|p1b: Aggron\n|-damage|p1b: Aggron|90\/100 slp\n|\n|-weather|Sandstorm|[upkeep]\n|-damage|p2b: Vespiquen|26\/100|[from] Sandstorm\n|-damage|p2b: Vespiquen|13\/100|[from] Salt Cure\n|upkeep\n|turn|24\n|\n|t:|1696955503\n|cant|p1b: Aggron|slp\n|move|p1a: Garganacl|Iron Defense|p1a: Garganacl\n|-boost|p1a: Garganacl|def|0\n|move|p2b: Vespiquen|Heal Order|p2b: Vespiquen\n|-heal|p2b: Vespiquen|64\/100\n|\n|-weather|none\n|-damage|p2b: Vespiquen|51\/100|[from] Salt Cure\n|upkeep\n|turn|25\n|\n|t:|1696955525\n|cant|p1b: Aggron|slp\n|move|p1a: Garganacl|Iron Defense|p1a: Garganacl\n|-boost|p1a: Garganacl|def|0\n|move|p2b: Vespiquen|Heal Order|p2b: Vespiquen\n|-heal|p2b: Vespiquen|100\/100\n|\n|-damage|p2b: Vespiquen|88\/100|[from] Salt Cure\n|upkeep\n|turn|26\n|\n|t:|1696955533\n|-curestatus|p1b: Aggron|slp|[msg]\n|move|p1b: Aggron|Iron Defense|p1b: Aggron\n|-boost|p1b: Aggron|def|2\n|move|p1a: Garganacl|Iron Defense|p1a: Garganacl\n|-boost|p1a: Garganacl|def|0\n|move|p2b: Vespiquen|Attack Order|p1a: Garganacl\n|-damage|p1a: Garganacl|89\/100\n|\n|-heal|p1a: Garganacl|95\/100|[from] item: Leftovers\n|-damage|p2b: Vespiquen|76\/100|[from] Salt Cure\n|upkeep\n|turn|27\n|\n|t:|1696955555\n|move|p1b: Aggron|Iron Defense|p1b: Aggron\n|-boost|p1b: Aggron|def|2\n|move|p1a: Garganacl|Iron Defense|p1a: Garganacl\n|-boost|p1a: Garganacl|def|0\n|move|p2b: Vespiquen|Attack Order|p1b: Aggron\n|-resisted|p1b: Aggron\n|-damage|p1b: Aggron|85\/100\n|\n|-heal|p1a: Garganacl|100\/100|[from] item: Leftovers\n|-damage|p2b: Vespiquen|64\/100|[from] Salt Cure\n|upkeep\n|turn|28\n|\n|t:|1696955571\n|move|p1b: Aggron|Iron Defense|p1b: Aggron\n|-boost|p1b: Aggron|def|0\n|move|p1a: Garganacl|Iron Defense|p1a: Garganacl\n|-boost|p1a: Garganacl|def|0\n|move|p2b: Vespiquen|Attack Order|p1b: Aggron\n|-resisted|p1b: Aggron\n|-crit|p1b: Aggron\n|-damage|p1b: Aggron|53\/100\n|\n|-damage|p2b: Vespiquen|52\/100|[from] Salt Cure\n|upkeep\n|turn|29\n|\n|t:|1696955580\n|move|p1b: Aggron|Rest|p1b: Aggron\n|-status|p1b: Aggron|slp|[from] move: Rest\n|-heal|p1b: Aggron|100\/100 slp|[silent]\n|move|p1a: Garganacl|Iron Defense|p1a: Garganacl\n|-boost|p1a: Garganacl|def|0\n|move|p2b: Vespiquen|Attack Order|p1b: Aggron\n|-resisted|p1b: Aggron\n|-damage|p1b: Aggron|95\/100 slp\n|\n|-damage|p2b: Vespiquen|39\/100|[from] Salt Cure\n|upkeep\n|turn|30\n|\n|t:|1696955584\n|cant|p1b: Aggron|slp\n|move|p1a: Garganacl|Iron Defense|p1a: Garganacl\n|-boost|p1a: Garganacl|def|0\n|move|p2b: Vespiquen|Attack Order|p1a: Garganacl\n|-damage|p1a: Garganacl|89\/100\n|\n|-heal|p1a: Garganacl|95\/100|[from] item: Leftovers\n|-damage|p2b: Vespiquen|27\/100|[from] Salt Cure\n|upkeep\n|turn|31\n|\n|t:|1696955590\n|cant|p1b: Aggron|slp\n|move|p1a: Garganacl|Body Press|p2b: Vespiquen\n|-immune|p2b: Vespiquen\n|move|p2b: Vespiquen|Heal Order|p2b: Vespiquen\n|-heal|p2b: Vespiquen|77\/100\n|\n|-heal|p1a: Garganacl|100\/100|[from] item: Leftovers\n|-damage|p2b: Vespiquen|65\/100|[from] Salt Cure\n|upkeep\n|turn|32\n|\n|t:|1696955601\n|-curestatus|p1b: Aggron|slp|[msg]\n|move|p1b: Aggron|Body Press|p2b: Vespiquen\n|-immune|p2b: Vespiquen\n|move|p1a: Garganacl|Body Press|p2b: Vespiquen\n|-immune|p2b: Vespiquen\n|move|p2b: Vespiquen|Attack Order|p1a: Garganacl\n|-damage|p1a: Garganacl|89\/100\n|\n|-heal|p1a: Garganacl|96\/100|[from] item: Leftovers\n|-damage|p2b: Vespiquen|53\/100|[from] Salt Cure\n|upkeep\n|turn|33\n|inactive|Creepystank has 120 seconds left.\n|inactive|4rfger has 120 seconds left.\n|inactive|Creepystank has 90 seconds left.\n|\n|t:|1696955678\n|move|p1b: Aggron|Body Press|p2b: Vespiquen\n|-immune|p2b: Vespiquen\n|move|p1a: Garganacl|Body Press|p2b: Vespiquen\n|-immune|p2b: Vespiquen\n|move|p2b: Vespiquen|Attack Order|p1a: Garganacl\n|-damage|p1a: Garganacl|84\/100\n|\n|-heal|p1a: Garganacl|90\/100|[from] item: Leftovers\n|-damage|p2b: Vespiquen|41\/100|[from] Salt Cure\n|upkeep\n|turn|34\n|\n|t:|1696955694\n|move|p1b: Aggron|Body Press|p2b: Vespiquen\n|-immune|p2b: Vespiquen\n|move|p1a: Garganacl|Body Press|p2b: Vespiquen\n|-immune|p2b: Vespiquen\n|move|p2b: Vespiquen|Defend Order|p2b: Vespiquen\n|-boost|p2b: Vespiquen|def|0\n|-boost|p2b: Vespiquen|spd|1\n|\n|-heal|p1a: Garganacl|96\/100|[from] item: Leftovers\n|-damage|p2b: Vespiquen|28\/100|[from] Salt Cure\n|upkeep\n|turn|35\n|\n|t:|1696955717\n|move|p1b: Aggron|Body Press|p2b: Vespiquen\n|-immune|p2b: Vespiquen\n|move|p1a: Garganacl|Body Press|p2b: Vespiquen\n|-immune|p2b: Vespiquen\n|move|p2b: Vespiquen|Defend Order|p2b: Vespiquen\n|-boost|p2b: Vespiquen|def|0\n|-boost|p2b: Vespiquen|spd|1\n|\n|-heal|p1a: Garganacl|100\/100|[from] item: Leftovers\n|-damage|p2b: Vespiquen|16\/100|[from] Salt Cure\n|upkeep\n|turn|36\n|c|\u26064rfger|!dt vespiquen\n|raw|<div class=\"message\"><ul class=\"utilichart\"><li class=\"result\"><span class=\"col numcol\">(DUU)<\/span> <span class=\"col iconcol\"><psicon pokemon=\"vespiquen\"\/><\/span> <span class=\"col pokemonnamecol\" style=\"white-space:nowrap\"><a href=\"https:\/\/dex.pokemonshowdown.com\/pokemon\/vespiquen\" target=\"_blank\">Vespiquen<\/a><\/span> <span class=\"col typecol\"><img src=\"https:\/\/play.pokemonshowdown.com\/sprites\/types\/Bug.png\" alt=\"Bug\" height=\"14\" width=\"32\"><img src=\"https:\/\/play.pokemonshowdown.com\/sprites\/types\/Flying.png\" alt=\"Flying\" height=\"14\" width=\"32\"><\/span> <span style=\"float:left;min-height:26px\"><span class=\"col abilitycol\">Pressure<\/span><span class=\"col abilitycol\"><em>Unnerve<\/em><\/span><\/span><span style=\"float:left;min-height:26px\"><span class=\"col statcol\"><em>HP<\/em><br \/>70<\/span> <span class=\"col statcol\"><em>Atk<\/em><br \/>80<\/span> <span class=\"col statcol\"><em>Def<\/em><br \/>102<\/span> <span class=\"col statcol\"><em>SpA<\/em><br \/>80<\/span> <span class=\"col statcol\"><em>SpD<\/em><br \/>102<\/span> <span class=\"col statcol\"><em>Spe<\/em><br \/>40<\/span> <span class=\"col bstcol\"><em>BST<br \/>474<\/em><\/span> <\/span><\/li><li style=\"clear:both\"><\/li><\/ul><\/div>\n|raw|<font size=\"1\"><font color=\"#686868\">Dex#:<\/font> 416&nbsp;|&ThickSpace;<font color=\"#686868\">Gen:<\/font> 4&nbsp;|&ThickSpace;<font color=\"#686868\">Height:<\/font> 1.2 m&nbsp;|&ThickSpace;<font color=\"#686868\">Weight:<\/font> 38.5 kg <em>(60 BP)<\/em>&nbsp;|&ThickSpace;<font color=\"#686868\">Dex Colour:<\/font> Yellow&nbsp;|&ThickSpace;<font color=\"#686868\">Egg Group(s):<\/font> Bug&nbsp;|&ThickSpace;<font color=\"#686868\">Does Not Evolve<\/font><\/font>\n\n|\n|t:|1696955735\n|switch|p1b: Ogerpon|Ogerpon-Cornerstone, F|1\/100\n|switch|p1a: Tyranitar|Tyranitar, F|85\/100\n|-weather|Sandstorm|[from] ability: Sand Stream|[of] p1a: Tyranitar\n|move|p2b: Vespiquen|Heal Order|p2b: Vespiquen\n|-heal|p2b: Vespiquen|66\/100\n|\n|-weather|Sandstorm|[upkeep]\n|-damage|p2b: Vespiquen|60\/100|[from] Sandstorm\n|-damage|p2b: Vespiquen|48\/100|[from] Salt Cure\n|upkeep\n|turn|37\n|c|\u26064rfger|gg\n|\n|t:|1696955745\n|move|p1b: Ogerpon|Encore|p2b: Vespiquen\n|-start|p2b: Vespiquen|Encore\n|move|p1a: Tyranitar|Stone Edge|p2b: Vespiquen\n|-damage|p2b: Vespiquen|37\/100\n|move|p2b: Vespiquen|Heal Order|p2b: Vespiquen\n|-heal|p2b: Vespiquen|87\/100\n|\n|-weather|Sandstorm|[upkeep]\n|-damage|p2b: Vespiquen|81\/100|[from] Sandstorm\n|-damage|p2b: Vespiquen|69\/100|[from] Salt Cure\n|upkeep\n|turn|38\n|\n|t:|1696955752\n|move|p1b: Ogerpon|Swords Dance|p1b: Ogerpon\n|-boost|p1b: Ogerpon|atk|2\n|move|p1a: Tyranitar|Stone Edge|p2b: Vespiquen\n|-damage|p2b: Vespiquen|57\/100\n|move|p2b: Vespiquen|Heal Order|p2b: Vespiquen\n|-heal|p2b: Vespiquen|100\/100\n|\n|-weather|Sandstorm|[upkeep]\n|-damage|p2b: Vespiquen|94\/100|[from] Sandstorm\n|-damage|p2b: Vespiquen|82\/100|[from] Salt Cure\n|upkeep\n|turn|39\n|\n|t:|1696955763\n|move|p1b: Ogerpon|Swords Dance|p1b: Ogerpon\n|-boost|p1b: Ogerpon|atk|2\n|move|p1a: Tyranitar|Stone Edge|p2b: Vespiquen\n|-damage|p2b: Vespiquen|71\/100\n|move|p2b: Vespiquen|Heal Order|p2b: Vespiquen\n|-heal|p2b: Vespiquen|100\/100\n|\n|-weather|Sandstorm|[upkeep]\n|-damage|p2b: Vespiquen|94\/100|[from] Sandstorm\n|-damage|p2b: Vespiquen|82\/100|[from] Salt Cure\n|-end|p2b: Vespiquen|Encore\n|upkeep\n|turn|40\n|\n|t:|1696955776\n|move|p1b: Ogerpon|Encore|p2b: Vespiquen\n|-start|p2b: Vespiquen|Encore\n|move|p1a: Tyranitar|Stone Edge|p2b: Vespiquen\n|-damage|p2b: Vespiquen|70\/100\n|move|p2b: Vespiquen|Heal Order|p2b: Vespiquen\n|-heal|p2b: Vespiquen|100\/100\n|\n|-weather|none\n|-damage|p2b: Vespiquen|88\/100|[from] Salt Cure\n|upkeep\n|turn|41\n|inactive|Creepystank has 120 seconds left.\n|inactive|Creepystank has 90 seconds left.\n|inactive|Creepystank has 60 seconds left.\n|\n|t:|1696955879\n|switch|p1a: Garganacl|Garganacl, M|100\/100\n|move|p1b: Ogerpon|Swords Dance|p1b: Ogerpon\n|-boost|p1b: Ogerpon|atk|2\n|move|p2b: Vespiquen|Heal Order|p2b: Vespiquen\n|-heal|p2b: Vespiquen|100\/100\n|\n|-damage|p2b: Vespiquen|88\/100|[from] Salt Cure\n|upkeep\n|turn|42\n|inactive|Creepystank has 60 seconds left.\n|inactive|Creepystank has 30 seconds left.\n|\n|t:|1696955928\n|switch|p1a: Tyranitar|Tyranitar, F|85\/100\n|-weather|Sandstorm|[from] ability: Sand Stream|[of] p1a: Tyranitar\n|move|p1b: Ogerpon|Ivy Cudgel|p2b: Vespiquen\n|-damage|p2b: Vespiquen|31\/100\n|move|p2b: Vespiquen|Heal Order|p2b: Vespiquen\n|-heal|p2b: Vespiquen|81\/100\n|\n|-weather|Sandstorm|[upkeep]\n|-damage|p2b: Vespiquen|75\/100|[from] Sandstorm\n|-damage|p2b: Vespiquen|63\/100|[from] Salt Cure\n|-end|p2b: Vespiquen|Encore\n|upkeep\n|turn|43\n|inactive|Creepystank has 30 seconds left.\n|\n|t:|1696955958\n|switch|p1a: Aggron|Aggron-Mega, F|95\/100\n|move|p1b: Ogerpon|Encore|p2b: Vespiquen\n|-start|p2b: Vespiquen|Encore\n|move|p2b: Vespiquen|Heal Order|p2b: Vespiquen\n|-heal|p2b: Vespiquen|100\/100\n|\n|-weather|Sandstorm|[upkeep]\n|-damage|p2b: Vespiquen|94\/100|[from] Sandstorm\n|-damage|p2b: Vespiquen|82\/100|[from] Salt Cure\n|-end|p2b: Vespiquen|Encore\n|upkeep\n|turn|44\n|inactive|Creepystank has 30 seconds left.\n|inactive|Creepystank has 20 seconds left.\n|inactive|Creepystank has 15 seconds left.\n|inactive|Creepystank has 10 seconds left.\n|\n|t:|1696956004\n|move|p1b: Ogerpon|Ivy Cudgel|p2b: Vespiquen\n|-damage|p2b: Vespiquen|25\/100\n|move|p1a: Aggron|Iron Defense|p1a: Aggron\n|-boost|p1a: Aggron|def|2\n|move|p2b: Vespiquen|Attack Order|p1b: Ogerpon\n|-supereffective|p1b: Ogerpon\n|-damage|p1b: Ogerpon|0 fnt\n|faint|p1b: Ogerpon\n|\n|-weather|Sandstorm|[upkeep]\n|-damage|p2b: Vespiquen|19\/100|[from] Sandstorm\n|-damage|p2b: Vespiquen|7\/100|[from] Salt Cure\n|upkeep\n|inactive|Creepystank has 15 seconds left this turn.\n|\n|t:|1696956012\n|switch|p1b: Stakataka|Stakataka|100\/100\n|turn|45\n|\n|t:|1696956027\n|switch|p1b: Garganacl|Garganacl, M|100\/100\n|move|p1a: Aggron|Iron Defense|p1a: Aggron\n|-boost|p1a: Aggron|def|2\n|move|p2b: Vespiquen|Attack Order|p1a: Aggron\n|-resisted|p1a: Aggron\n|-crit|p1a: Aggron\n|-damage|p1a: Aggron|66\/100\n|\n|-weather|Sandstorm|[upkeep]\n|-damage|p2b: Vespiquen|0 fnt|[from] Sandstorm\n|faint|p2b: Vespiquen\n|\n|win|4rfger\n|upkeep\n|raw|4rfger's rating: 1249 &rarr; <strong>1272<\/strong><br \/>(+23 for winning)\n|raw|Creepystank's rating: 1223 &rarr; <strong>1200<\/strong><br \/>(-23 for losing)\n","uploadtime":1696956044,"views":5,"p1id":"4rfger","p2id":"creepystank","formatid":"gen9nationaldexdoubles","rating":1200,"private":0,"password":""}