{"id":"gen9nationaldexdoubles-1998705956","p1":"DoujinCollector","p2":"Mivioshi","format":"[Gen 9] National Dex Doubles","log":"|j|\u2606DoujinCollector\n|j|\u2606Mivioshi\n|t:|1700975323\n|gametype|doubles\n|player|p1|DoujinCollector|workerf-gen8|\n|player|p2|Mivioshi|n|\n|teamsize|p1|6\n|teamsize|p2|6\n|gen|9\n|tier|[Gen 9] National Dex Doubles\n|rule|HP Percentage Mod: HP is shown in percentages\n|rule|Endless Battle Clause: Forcing endless battles is banned\n|rule|OHKO Clause: OHKO moves are banned\n|rule|Evasion Moves Clause: Evasion moves are banned\n|rule|Evasion Abilities Clause: Evasion abilities are banned\n|rule|Species Clause: Limit one of each Pok\u00e9mon\n|rule|Gravity Sleep Clause: The combination of sleep-inducing moves with imperfect accuracy and Gravity or Gigantamax Orbeetle are banned\n|clearpoke\n|poke|p1|Armarouge, M|\n|poke|p1|Indeedee-F, F|\n|poke|p1|Iron Hands|\n|poke|p1|Tauros-Paldea-Aqua, M|\n|poke|p1|Tornadus-Therian, M|\n|poke|p1|Dipplin, F|\n|poke|p2|Iron Hands|\n|poke|p2|Amoonguss, F|\n|poke|p2|Meowscarada, F|\n|poke|p2|Sinistcha-Masterpiece|\n|poke|p2|Skeledirge, F|\n|poke|p2|Tornadus-Therian, M|\n|teampreview\n|inactive|Battle timer is ON: inactive players will automatically lose when time's up. (requested by Mivioshi)\n|\n|t:|1700975339\n|start\n|switch|p1a: Indeedee|Indeedee-F, F|100\/100\n|switch|p1b: Armarouge|Armarouge, M|100\/100\n|switch|p2a: Instigator|Tornadus-Therian, M|100\/100\n|switch|p2b: Goonguss|Amoonguss, F|100\/100\n|-fieldstart|move: Psychic Terrain|[from] ability: Psychic Surge|[of] p1a: Indeedee\n|turn|1\n|inactive|Mivioshi has 270 seconds left.\n|\n|t:|1700975381\n|move|p1a: Indeedee|Helping Hand|p1b: Armarouge\n|-singleturn|p1b: Armarouge|Helping Hand|[of] p1a: Indeedee\n|move|p2a: Instigator|Fling|p1a: Indeedee\n|-supereffective|p1a: Indeedee\n|-damage|p1a: Indeedee|47\/100\n|-status|p1a: Indeedee|psn\n|-enditem|p2a: Instigator|Poison Barb|[from] move: Fling\n|move|p1b: Armarouge|Expanding Force|p2b: Goonguss|[spread] p2a,p2b\n|-supereffective|p2b: Goonguss\n|-damage|p2a: Instigator|0 fnt\n|-damage|p2b: Goonguss|0 fnt\n|faint|p2a: Instigator\n|faint|p2b: Goonguss\n|\n|-heal|p1a: Indeedee|53\/100 psn|[from] item: Leftovers\n|-damage|p1a: Indeedee|41\/100 psn|[from] psn\n|upkeep\n|\n|t:|1700975399\n|switch|p2a: Iron Fade|Iron Hands|100\/100\n|switch|p2b: Skeledirge|Skeledirge, F|100\/100\n|-enditem|p2a: Iron Fade|Booster Energy\n|-activate|p2a: Iron Fade|ability: Quark Drive|[fromitem]\n|-start|p2a: Iron Fade|quarkdriveatk\n|turn|2\n|inactive|Mivioshi has 270 seconds left.\n|\n|t:|1700975417\n|move|p1a: Indeedee|Helping Hand|p1b: Armarouge\n|-singleturn|p1b: Armarouge|Helping Hand|[of] p1a: Indeedee\n|move|p1b: Armarouge|Expanding Force|p2b: Skeledirge|[spread] p2a,p2b\n|-supereffective|p2a: Iron Fade\n|-damage|p2a: Iron Fade|0 fnt\n|-damage|p2b: Skeledirge|0 fnt\n|faint|p2a: Iron Fade\n|-end|p2a: Iron Fade|Quark Drive|[silent]\n|faint|p2b: Skeledirge\n|\n|-heal|p1a: Indeedee|47\/100 psn|[from] item: Leftovers\n|-damage|p1a: Indeedee|34\/100 psn|[from] psn\n|upkeep\n|\n|t:|1700975428\n|switch|p2b: Opp Spottah|Meowscarada, F|100\/100\n|switch|p2a: Arizona Tea|Sinistcha-Masterpiece|100\/100\n|turn|3\n|inactive|Mivioshi has 270 seconds left.\n|\n|t:|1700975458\n|switch|p1b: Tauros|Tauros-Paldea-Aqua, M|100\/100\n|-ability|p1b: Tauros|Intimidate|boost\n|-unboost|p2a: Arizona Tea|atk|1\n|-unboost|p2b: Opp Spottah|atk|1\n|move|p1a: Indeedee|Follow Me|p1a: Indeedee\n|-singleturn|p1a: Indeedee|move: Follow Me\n|move|p2b: Opp Spottah|Sucker Punch||[still]\n|-fail|p2b: Opp Spottah\n|move|p2a: Arizona Tea|Matcha Gotcha|p1a: Indeedee|[spread] p1a,p1b\n|-supereffective|p1b: Tauros\n|-damage|p1a: Indeedee|15\/100 psn\n|-damage|p1b: Tauros|48\/100\n|-status|p1b: Tauros|brn\n|\n|-heal|p1a: Indeedee|21\/100 psn|[from] item: Leftovers\n|-damage|p1a: Indeedee|9\/100 psn|[from] psn\n|-damage|p1b: Tauros|42\/100 brn|[from] brn\n|upkeep\n|turn|4\n|inactive|Mivioshi has 270 seconds left.\n|\n|t:|1700975485\n|-terastallize|p2b: Opp Spottah|Ground\n|move|p1a: Indeedee|Helping Hand|p1b: Tauros\n|-singleturn|p1b: Tauros|Helping Hand|[of] p1a: Indeedee\n|move|p2b: Opp Spottah|Sucker Punch||[still]\n|-fail|p2b: Opp Spottah\n|move|p1b: Tauros|Close Combat|p2b: Opp Spottah\n|-damage|p2b: Opp Spottah|36\/100\n|-unboost|p1b: Tauros|def|1\n|-unboost|p1b: Tauros|spd|1\n|move|p2a: Arizona Tea|Matcha Gotcha|p1b: Tauros|[spread] p1a,p1b\n|-supereffective|p1b: Tauros\n|-damage|p1a: Indeedee|0 fnt\n|-damage|p1b: Tauros|0 fnt\n|faint|p1a: Indeedee\n|faint|p1b: Tauros\n|\n|upkeep\n|inactive|DoujinCollector has 270 seconds left.\n|\n|t:|1700975502\n|switch|p1b: Armarouge|Armarouge, M|100\/100\n|switch|p1a: Dipplin|Dipplin, F|100\/100\n|-ability|p1a: Dipplin|Supersweet Syrup\n|-ability|p1a: Dipplin|Supersweet Syrup|boost\n|-unboost|p2a: Arizona Tea|evasion|1\n|-unboost|p2b: Opp Spottah|evasion|1\n|turn|5\n|inactive|Mivioshi has 270 seconds left.\n|\n|t:|1700975528\n|-terastallize|p1b: Armarouge|Fire\n|move|p2b: Opp Spottah|Sucker Punch|p1b: Armarouge\n|-activate|p1b: Armarouge|move: Psychic Terrain\n|move|p1b: Armarouge|Heat Wave|p2a: Arizona Tea|[spread] p2a,p2b\n|-supereffective|p2a: Arizona Tea\n|-damage|p2a: Arizona Tea|0 fnt\n|-damage|p2b: Opp Spottah|0 fnt\n|faint|p2a: Arizona Tea\n|faint|p2b: Opp Spottah\n|\n|win|DoujinCollector\n","uploadtime":1700975537,"views":7,"p1id":"doujincollector","p2id":"mivioshi","formatid":"gen9nationaldexdoubles","rating":0,"private":0,"password":""}