{"id":"gen9nationaldexdoubles-1965189320","p1":"Jimmydabozoz","p2":"garyjgames","format":"[Gen 9] National Dex Doubles","log":"|j|\u2606Jimmydabozoz\n|j|\u2606garyjgames\n|t:|1697049491\n|gametype|doubles\n|player|p1|Jimmydabozoz|2|1000\n|player|p2|garyjgames|rancher|1145\n|teamsize|p1|3\n|teamsize|p2|6\n|gen|9\n|tier|[Gen 9] National Dex Doubles\n|rated|\n|rule|HP Percentage Mod: HP is shown in percentages\n|rule|Endless Battle Clause: Forcing endless battles is banned\n|rule|OHKO Clause: OHKO moves are banned\n|rule|Evasion Moves Clause: Evasion moves are banned\n|rule|Evasion Abilities Clause: Evasion abilities are banned\n|rule|Species Clause: Limit one of each Pok\u00e9mon\n|rule|Gravity Sleep Clause: The combination of sleep-inducing moves with imperfect accuracy and Gravity or Gigantamax Orbeetle are banned\n|clearpoke\n|poke|p1|Slaking, M|\n|poke|p1|Grafaiai, M|\n|poke|p1|Archeops, F|\n|poke|p2|Incineroar, F|\n|poke|p2|Okidogi, M|\n|poke|p2|Cresselia, F|\n|poke|p2|Ursaluna-Bloodmoon, M|\n|poke|p2|Torkoal, F|\n|poke|p2|Spiritomb, M|\n|teampreview\n|c|\u2606Jimmydabozoz|glhf!\n|\n|t:|1697049504\n|start\n|switch|p1a: Grafaiai|Grafaiai, M|100\/100\n|switch|p1b: Slaking|Slaking, M|100\/100\n|switch|p2a: Ursaluna|Ursaluna-Bloodmoon, M|100\/100\n|switch|p2b: Spiritomb|Spiritomb, M|100\/100\n|turn|1\n|c|\u2606garyjgames|glhf\n|\n|t:|1697049521\n|move|p2a: Ursaluna|Protect|p2a: Ursaluna\n|-singleturn|p2a: Ursaluna|Protect\n|move|p1a: Grafaiai|Doodle|p2a: Ursaluna\n|-endability|p1a: Grafaiai|Prankster|[from] move: Doodle\n|-ability|p1a: Grafaiai|Mind's Eye|[from] move: Doodle\n|-endability|p1b: Slaking|Truant|[from] move: Doodle\n|-ability|p1b: Slaking|Mind's Eye|[from] move: Doodle\n|move|p1b: Slaking|Power-Up Punch|p2a: Ursaluna\n|-activate|p2a: Ursaluna|move: Protect\n|move|p2b: Spiritomb|Trick Room|p2b: Spiritomb\n|-fieldstart|move: Trick Room|[of] p2b: Spiritomb\n|\n|upkeep\n|turn|2\n|inactive|Battle timer is ON: inactive players will automatically lose when time's up. (requested by garyjgames)\n|\n|t:|1697049558\n|move|p2b: Spiritomb|Helping Hand|p2a: Ursaluna\n|-singleturn|p2a: Ursaluna|Helping Hand|[of] p2b: Spiritomb\n|move|p2a: Ursaluna|Hyper Voice|p1b: Slaking|[spread] p1a,p1b\n|-damage|p1a: Grafaiai|6\/100\n|-damage|p1b: Slaking|56\/100\n|-enditem|p2a: Ursaluna|Throat Spray\n|-boost|p2a: Ursaluna|spa|1|[from] item: Throat Spray\n|move|p1b: Slaking|Power-Up Punch|p2a: Ursaluna\n|-supereffective|p2a: Ursaluna\n|-damage|p2a: Ursaluna|73\/100\n|-boost|p1b: Slaking|atk|1\n|move|p1a: Grafaiai|Toxic|p2b: Spiritomb\n|-status|p2b: Spiritomb|tox\n|\n|-heal|p1b: Slaking|62\/100|[from] item: Leftovers\n|-damage|p2b: Spiritomb|95\/100 tox|[from] psn\n|upkeep\n|turn|3\n|\n|t:|1697049588\n|move|p2a: Ursaluna|Blood Moon|p1b: Slaking\n|-damage|p1b: Slaking|0 fnt\n|faint|p1b: Slaking\n|move|p2b: Spiritomb|Night Shade|p1a: Grafaiai\n|-immune|p1a: Grafaiai\n|move|p1a: Grafaiai|Shadow Claw|p2a: Ursaluna\n|-immune|p2a: Ursaluna\n|\n|-damage|p2b: Spiritomb|83\/100 tox|[from] psn\n|upkeep\n|\n|t:|1697049598\n|switch|p1b: Archeops|Archeops, F|100\/100\n|turn|4\n|\n|t:|1697049612\n|switch|p2b: Cresselia|Cresselia, F|100\/100\n|move|p2a: Ursaluna|Vacuum Wave|p1a: Grafaiai\n|-damage|p1a: Grafaiai|0 fnt\n|faint|p1a: Grafaiai\n|move|p1b: Archeops|Tailwind|p1b: Archeops\n|-sidestart|p1: Jimmydabozoz|move: Tailwind\n|\n|upkeep\n|turn|5\n|-message|Jimmydabozoz forfeited.\n|\n|win|garyjgames\n|raw|Jimmydabozoz's rating: 1000 &rarr; <strong>1000<\/strong><br \/>(+0 for losing)\n|raw|garyjgames's rating: 1145 &rarr; <strong>1160<\/strong><br \/>(+15 for winning)\n|l|\u2606Jimmydabozoz\n","uploadtime":1697049625,"views":10,"p1id":"jimmydabozoz","p2id":"garyjgames","formatid":"gen9nationaldexdoubles","rating":1000,"private":0,"password":""}