{"id":"gen9nationaldexdoubles-1970446486","p1":"finallyplaying","p2":"NotBugSme","format":"[Gen 9] National Dex Doubles","log":"|j|\u2606finallyplaying\n|j|\u2606NotBugSme\n|t:|1697639668\n|gametype|doubles\n|player|p1|finallyplaying|karen|\n|player|p2|NotBugSme|koga|\n|teamsize|p1|6\n|teamsize|p2|6\n|gen|9\n|tier|[Gen 9] National Dex Doubles\n|rule|HP Percentage Mod: HP is shown in percentages\n|rule|Endless Battle Clause: Forcing endless battles is banned\n|rule|OHKO Clause: OHKO moves are banned\n|rule|Evasion Moves Clause: Evasion moves are banned\n|rule|Evasion Abilities Clause: Evasion abilities are banned\n|rule|Species Clause: Limit one of each Pok\u00e9mon\n|rule|Gravity Sleep Clause: The combination of sleep-inducing moves with imperfect accuracy and Gravity or Gigantamax Orbeetle are banned\n|clearpoke\n|poke|p1|Blastoise, F|\n|poke|p1|Tentacruel, F|\n|poke|p1|Rillaboom, F|\n|poke|p1|Dragapult, F|\n|poke|p1|Hawlucha, F|\n|poke|p1|Volcarona, M|\n|poke|p2|Kingambit, M|\n|poke|p2|Avalugg-Hisui, F|\n|poke|p2|Tyranitar, M|\n|poke|p2|Carbink|\n|poke|p2|Aggron, F|\n|poke|p2|Archeops, M|\n|teampreview\n|j| Clabeh\n|\n|t:|1697639695\n|start\n|switch|p1a: Volcarona|Volcarona, M|100\/100\n|switch|p1b: Hawlucha|Hawlucha, F|100\/100\n|switch|p2a: Big Boi|Tyranitar, M, shiny|100\/100\n|switch|p2b: Birb|Archeops, M, shiny|100\/100\n|-weather|Sandstorm|[from] ability: Sand Stream|[of] p2a: Big Boi\n|turn|1\n|\n|t:|1697639721\n|move|p1a: Volcarona|Rage Powder|p1a: Volcarona\n|-singleturn|p1a: Volcarona|move: Rage Powder\n|move|p2b: Birb|Meteor Beam||[still]\n|-prepare|p2b: Birb|Meteor Beam\n|-boost|p2b: Birb|spa|1\n|-enditem|p2b: Birb|Power Herb\n|-anim|p2b: Birb|Meteor Beam|p1a: Volcarona\n|-supereffective|p1a: Volcarona\n|-damage|p1a: Volcarona|0 fnt\n|faint|p1a: Volcarona\n|move|p1b: Hawlucha|Substitute|p1b: Hawlucha\n|-start|p1b: Hawlucha|Substitute\n|-damage|p1b: Hawlucha|76\/100\n|move|p2a: Big Boi|Stone Edge|p1b: Hawlucha\n|-end|p1b: Hawlucha|Substitute\n|-damage|p2a: Big Boi|91\/100|[from] item: Life Orb\n|\n|-weather|Sandstorm|[upkeep]\n|-damage|p1b: Hawlucha|70\/100|[from] Sandstorm\n|upkeep\n|\n|t:|1697639737\n|switch|p1a: Rillaboom|Rillaboom, F|100\/100\n|-fieldstart|move: Grassy Terrain|[from] ability: Grassy Surge|[of] p1a: Rillaboom\n|-enditem|p1b: Hawlucha|Grassy Seed\n|-boost|p1b: Hawlucha|def|1|[from] item: Grassy Seed\n|turn|2\n|\n|t:|1697639753\n|move|p1a: Rillaboom|Fake Out|p2b: Birb\n|-resisted|p2b: Birb\n|-damage|p2b: Birb|88\/100\n|move|p1b: Hawlucha|High Jump Kick|p2a: Big Boi|[miss]\n|-miss|p1b: Hawlucha|p2a: Big Boi\n|-damage|p1b: Hawlucha|20\/100|[from] highjumpkick\n|cant|p2b: Birb|flinch\n|move|p2a: Big Boi|Fire Punch|p1a: Rillaboom\n|-supereffective|p1a: Rillaboom\n|-crit|p1a: Rillaboom\n|-damage|p1a: Rillaboom|0 fnt\n|faint|p1a: Rillaboom\n|-damage|p2a: Big Boi|81\/100|[from] item: Life Orb\n|\n|-weather|Sandstorm|[upkeep]\n|-damage|p1b: Hawlucha|14\/100|[from] Sandstorm\n|-heal|p2a: Big Boi|87\/100|[from] Grassy Terrain\n|upkeep\n|c| Clabeh|:o\n|\n|t:|1697639791\n|switch|p1a: Blastoise|Blastoise, F|100\/100\n|turn|3\n|\n|t:|1697639804\n|switch|p2a: Smol Boi|Aggron, F, shiny|100\/100\n|move|p1a: Blastoise|Fake Out|p2b: Birb\n|-resisted|p2b: Birb\n|-damage|p2b: Birb|82\/100\n|move|p1b: Hawlucha|High Jump Kick|p2a: Smol Boi\n|-supereffective|p2a: Smol Boi\n|-ability|p2a: Smol Boi|Sturdy\n|-damage|p2a: Smol Boi|1\/100\n|cant|p2b: Birb|flinch\n|\n|-weather|Sandstorm|[upkeep]\n|-damage|p1b: Hawlucha|8\/100|[from] Sandstorm\n|-damage|p1a: Blastoise|94\/100|[from] Sandstorm\n|-heal|p1a: Blastoise|100\/100|[from] Grassy Terrain\n|-heal|p2a: Smol Boi|7\/100|[from] Grassy Terrain\n|upkeep\n|turn|4\n|\n|t:|1697639837\n|move|p1b: Hawlucha|High Jump Kick|p2b: Birb|[miss]\n|-miss|p1b: Hawlucha|p2b: Birb\n|-damage|p1b: Hawlucha|0 fnt|[from] highjumpkick\n|faint|p1b: Hawlucha\n|move|p2b: Birb|Air Slash|p1a: Blastoise\n|-damage|p1a: Blastoise|50\/100\n|cant|p1a: Blastoise|flinch\n|move|p2a: Smol Boi|Thunder Punch|p1a: Blastoise\n|-supereffective|p1a: Blastoise\n|-damage|p1a: Blastoise|16\/100\n|-status|p1a: Blastoise|par\n|\n|-weather|Sandstorm|[upkeep]\n|-damage|p1a: Blastoise|10\/100 par|[from] Sandstorm\n|-heal|p2a: Smol Boi|13\/100|[from] Grassy Terrain\n|-heal|p1a: Blastoise|16\/100 par|[from] Grassy Terrain\n|-heal|p1a: Blastoise|22\/100 par|[from] item: Leftovers\n|upkeep\n|\n|t:|1697639875\n|switch|p1b: Tentacruel|Tentacruel, F|100\/100\n|turn|5\n|\n|t:|1697639896\n|move|p2b: Birb|Earth Power|p1b: Tentacruel\n|-supereffective|p1b: Tentacruel\n|-damage|p1b: Tentacruel|31\/100\n|move|p1b: Tentacruel|Scald|p2b: Birb\n|-supereffective|p2b: Birb\n|-damage|p2b: Birb|31\/100\n|move|p2a: Smol Boi|Thunder Punch|p1a: Blastoise\n|-supereffective|p1a: Blastoise\n|-damage|p1a: Blastoise|0 fnt\n|faint|p1a: Blastoise\n|\n|-weather|none\n|-heal|p1b: Tentacruel|37\/100|[from] Grassy Terrain\n|-heal|p1b: Tentacruel|43\/100|[from] item: Black Sludge\n|-heal|p2a: Smol Boi|19\/100|[from] Grassy Terrain\n|upkeep\n|\n|t:|1697639910\n|switch|p1a: Dragapult|Dragapult, F|100\/100\n|turn|6\n|\n|t:|1697639928\n|move|p1a: Dragapult|Dragon Darts|p2b: Birb\n|-crit|p2b: Birb\n|-damage|p2b: Birb|0 fnt\n|-anim|p1a: Dragapult|Dragon Darts|p2a: Smol Boi\n|-resisted|p2a: Smol Boi\n|-damage|p2a: Smol Boi|12\/100\n|faint|p2b: Birb\n|move|p1b: Tentacruel|Reflect|p1b: Tentacruel\n|-sidestart|p1: finallyplaying|Reflect\n|move|p2a: Smol Boi|Thunder Punch|p1b: Tentacruel\n|-supereffective|p1b: Tentacruel\n|-damage|p1b: Tentacruel|9\/100\n|\n|-heal|p1b: Tentacruel|15\/100|[from] Grassy Terrain\n|-heal|p1b: Tentacruel|21\/100|[from] item: Black Sludge\n|-heal|p2a: Smol Boi|18\/100|[from] Grassy Terrain\n|-fieldend|move: Grassy Terrain\n|upkeep\n|\n|t:|1697639942\n|switch|p2b: Big Boi|Tyranitar, M, shiny|87\/100\n|-weather|Sandstorm|[from] ability: Sand Stream|[of] p2b: Big Boi\n|turn|7\n|\n|t:|1697639973\n|move|p1a: Dragapult|Dragon Dance|p1a: Dragapult\n|-boost|p1a: Dragapult|atk|1\n|-boost|p1a: Dragapult|spe|1\n|move|p1b: Tentacruel|Scald|p2a: Smol Boi\n|-supereffective|p2a: Smol Boi\n|-damage|p2a: Smol Boi|0 fnt\n|faint|p2a: Smol Boi\n|move|p2b: Big Boi|Thunder Punch|p1b: Tentacruel\n|-supereffective|p1b: Tentacruel\n|-crit|p1b: Tentacruel\n|-damage|p1b: Tentacruel|0 fnt\n|faint|p1b: Tentacruel\n|-damage|p2b: Big Boi|77\/100|[from] item: Life Orb\n|\n|-weather|Sandstorm|[upkeep]\n|-damage|p1a: Dragapult|95\/100|[from] Sandstorm\n|upkeep\n|\n|t:|1697639989\n|switch|p2a: Thicccc|Avalugg-Hisui, F, shiny|100\/100\n|turn|8\n|\n|t:|1697640015\n|move|p1a: Dragapult|Phantom Force||[still]\n|-prepare|p1a: Dragapult|Phantom Force\n|move|p2b: Big Boi|Stone Edge|p1a: Dragapult|[miss]\n|-miss|p2b: Big Boi|p1a: Dragapult\n|move|p2a: Thicccc|Rock Slide|p1a: Dragapult|[miss]\n|-miss|p2a: Thicccc|p1a: Dragapult\n|\n|-weather|Sandstorm|[upkeep]\n|-damage|p1a: Dragapult|89\/100|[from] Sandstorm\n|upkeep\n|turn|9\n|\n|t:|1697640027\n|move|p1a: Dragapult|Phantom Force|p2a: Thicccc|[from]lockedmove\n|-damage|p2a: Thicccc|70\/100\n|move|p2b: Big Boi|Stone Edge|p1a: Dragapult|[miss]\n|-miss|p2b: Big Boi|p1a: Dragapult\n|move|p2a: Thicccc|Rock Slide|p1a: Dragapult|[miss]\n|-miss|p2a: Thicccc|p1a: Dragapult\n|\n|-weather|Sandstorm|[upkeep]\n|-damage|p1a: Dragapult|83\/100|[from] Sandstorm\n|upkeep\n|turn|10\n|\n|t:|1697640051\n|move|p1a: Dragapult|Dragon Darts|p2b: Big Boi\n|-damage|p2b: Big Boi|40\/100\n|-anim|p1a: Dragapult|Dragon Darts|p2a: Thicccc\n|-damage|p2a: Thicccc|53\/100\n|move|p2b: Big Boi|Stone Edge|p1a: Dragapult\n|-damage|p1a: Dragapult|7\/100\n|-damage|p2b: Big Boi|30\/100|[from] item: Life Orb\n|move|p2a: Thicccc|Rock Slide|p1a: Dragapult\n|-damage|p1a: Dragapult|0 fnt\n|faint|p1a: Dragapult\n|\n|win|NotBugSme\n","uploadtime":1697640065,"views":10,"p1id":"finallyplaying","p2id":"notbugsme","formatid":"gen9nationaldexdoubles","rating":0,"private":0,"password":""}