{"id":"gen9nationaldexdoubles-1982425820","p1":"St0mi","p2":"Inkubone","format":"[Gen 9] National Dex Doubles","log":"|j|\u2606St0mi\n|j|\u2606Inkubone\n|t:|1699013250\n|gametype|doubles\n|player|p1|St0mi|roxie|1250\n|player|p2|Inkubone|yellow|1278\n|teamsize|p1|6\n|teamsize|p2|6\n|gen|9\n|tier|[Gen 9] National Dex Doubles\n|rated|\n|rule|HP Percentage Mod: HP is shown in percentages\n|rule|Endless Battle Clause: Forcing endless battles is banned\n|rule|OHKO Clause: OHKO moves are banned\n|rule|Evasion Moves Clause: Evasion moves are banned\n|rule|Evasion Abilities Clause: Evasion abilities are banned\n|rule|Species Clause: Limit one of each Pok\u00e9mon\n|rule|Gravity Sleep Clause: The combination of sleep-inducing moves with imperfect accuracy and Gravity or Gigantamax Orbeetle are banned\n|clearpoke\n|poke|p1|Serperior, F|\n|poke|p1|Clefairy, M|\n|poke|p1|Azumarill, F|\n|poke|p1|Indeedee-F, F|\n|poke|p1|Sneasler, F|\n|poke|p1|Ogerpon-Cornerstone, F|\n|poke|p2|Jirachi|\n|poke|p2|Scream Tail|\n|poke|p2|Slither Wing|\n|poke|p2|Charizard, M|\n|poke|p2|Venusaur, M|\n|poke|p2|Greninja-*, M|\n|teampreview\n|inactive|Battle timer is ON: inactive players will automatically lose when time's up. (requested by St0mi)\n|inactive|Inkubone has 120 seconds left.\n|\n|t:|1699013282\n|start\n|switch|p1a: 24-hour Sneasler|Sneasler, F|100\/100\n|switch|p1b: Ogerpon|Ogerpon-Cornerstone, F|100\/100\n|switch|p2a: Charizard|Charizard, M, shiny|100\/100\n|switch|p2b: Greninja|Greninja, M, shiny|100\/100\n|turn|1\n|inactive|Inkubone has 120 seconds left.\n|inactive|St0mi has 120 seconds left.\n|\n|t:|1699013328\n|detailschange|p2a: Charizard|Charizard-Mega-Y, M, shiny\n|-mega|p2a: Charizard|Charizard|Charizardite Y\n|-weather|SunnyDay|[from] ability: Drought|[of] p2a: Charizard\n|move|p1b: Ogerpon|Follow Me|p1b: Ogerpon\n|-singleturn|p1b: Ogerpon|move: Follow Me\n|move|p2b: Greninja|Ice Beam|p1b: Ogerpon\n|-start|p2b: Greninja|typechange|Ice|[from] ability: Protean\n|-supereffective|p1b: Ogerpon\n|-damage|p1b: Ogerpon|14\/100\n|-damage|p2b: Greninja|91\/100|[from] item: Life Orb\n|move|p1a: 24-hour Sneasler|Fling|p2a: Charizard\n|-damage|p2a: Charizard|45\/100\n|-enditem|p1a: 24-hour Sneasler|Big Nugget|[from] move: Fling\n|move|p2a: Charizard|Air Slash|p1b: Ogerpon\n|-damage|p1b: Ogerpon|0 fnt\n|faint|p1b: Ogerpon\n|\n|-weather|SunnyDay|[upkeep]\n|upkeep\n|inactive|St0mi has 120 seconds left.\n|\n|t:|1699013349\n|switch|p1b: Clefairy|Clefairy, M|100\/100\n|turn|2\n|\n|t:|1699013358\n|move|p1b: Clefairy|Follow Me|p1b: Clefairy\n|-singleturn|p1b: Clefairy|move: Follow Me\n|move|p1a: 24-hour Sneasler|Close Combat|p2b: Greninja\n|-supereffective|p2b: Greninja\n|-damage|p2b: Greninja|0 fnt\n|-unboost|p1a: 24-hour Sneasler|def|1\n|-unboost|p1a: 24-hour Sneasler|spd|1\n|faint|p2b: Greninja\n|move|p2a: Charizard|Fire Pledge|p1b: Clefairy\n|-damage|p1b: Clefairy|48\/100\n|\n|-weather|SunnyDay|[upkeep]\n|upkeep\n|\n|t:|1699013367\n|switch|p2b: Venusaur|Venusaur, M, shiny|100\/100\n|turn|3\n|\n|t:|1699013379\n|move|p1b: Clefairy|Follow Me|p1b: Clefairy\n|-singleturn|p1b: Clefairy|move: Follow Me\n|move|p1a: 24-hour Sneasler|Dire Claw|p2a: Charizard\n|-damage|p2a: Charizard|0 fnt\n|faint|p2a: Charizard\n|move|p2b: Venusaur|Grass Pledge|p1b: Clefairy\n|-damage|p1b: Clefairy|23\/100\n|\n|-weather|SunnyDay|[upkeep]\n|upkeep\n|\n|t:|1699013391\n|switch|p2a: Slither Wing|Slither Wing|100\/100\n|-activate|p2a: Slither Wing|ability: Protosynthesis\n|-start|p2a: Slither Wing|protosynthesisatk\n|turn|4\n|\n|t:|1699013402\n|move|p2a: Slither Wing|First Impression|p1b: Clefairy\n|-resisted|p1b: Clefairy\n|-damage|p1b: Clefairy|0 fnt\n|faint|p1b: Clefairy\n|move|p1a: 24-hour Sneasler|Acrobatics|p2a: Slither Wing\n|-supereffective|p2a: Slither Wing\n|-damage|p2a: Slither Wing|0 fnt\n|faint|p2a: Slither Wing\n|-end|p2a: Slither Wing|Protosynthesis|[silent]\n|move|p2b: Venusaur|Weather Ball|p1a: 24-hour Sneasler\n|-damage|p1a: 24-hour Sneasler|9\/100\n|\n|-weather|SunnyDay|[upkeep]\n|upkeep\n|\n|t:|1699013417\n|switch|p2a: Scream Tail|Scream Tail|100\/100\n|switch|p1b: Indeedee|Indeedee-F, F|100\/100\n|-activate|p2a: Scream Tail|ability: Protosynthesis\n|-start|p2a: Scream Tail|protosynthesisspd\n|turn|5\n|\n|t:|1699013427\n|move|p1b: Indeedee|Follow Me|p1b: Indeedee\n|-singleturn|p1b: Indeedee|move: Follow Me\n|move|p1a: 24-hour Sneasler|Acrobatics|p2b: Venusaur\n|-supereffective|p2b: Venusaur\n|-damage|p2b: Venusaur|0 fnt\n|faint|p2b: Venusaur\n|move|p2a: Scream Tail|Boomburst|p1b: Indeedee|[spread] p1a,p1b\n|-damage|p1a: 24-hour Sneasler|0 fnt\n|-damage|p1b: Indeedee|78\/100\n|faint|p1a: 24-hour Sneasler\n|-enditem|p2a: Scream Tail|Throat Spray\n|-boost|p2a: Scream Tail|spa|1|[from] item: Throat Spray\n|\n|-weather|none\n|-end|p2a: Scream Tail|Protosynthesis\n|-heal|p1b: Indeedee|84\/100|[from] item: Leftovers\n|upkeep\n|\n|t:|1699013445\n|switch|p1a: Azumarill|Azumarill, F|100\/100\n|switch|p2b: Jirachi|Jirachi, shiny|100\/100\n|turn|6\n|\n|t:|1699013464\n|move|p1b: Indeedee|Follow Me|p1b: Indeedee\n|-singleturn|p1b: Indeedee|move: Follow Me\n|move|p2b: Jirachi|Iron Head|p1b: Indeedee\n|-damage|p1b: Indeedee|47\/100\n|move|p2a: Scream Tail|Dazzling Gleam|p1b: Indeedee|[spread] p1a,p1b\n|-damage|p1a: Azumarill|66\/100\n|-damage|p1b: Indeedee|17\/100\n|move|p1a: Azumarill|Belly Drum|p1a: Azumarill\n|-damage|p1a: Azumarill|16\/100\n|-setboost|p1a: Azumarill|atk|6|[from] move: Belly Drum\n|-enditem|p1a: Azumarill|Sitrus Berry|[eat]\n|-heal|p1a: Azumarill|41\/100|[from] item: Sitrus Berry\n|\n|-heal|p1b: Indeedee|23\/100|[from] item: Leftovers\n|upkeep\n|turn|7\n|inactive|Inkubone has 120 seconds left.\n|\n|t:|1699013511\n|move|p1b: Indeedee|Follow Me|p1b: Indeedee\n|-singleturn|p1b: Indeedee|move: Follow Me\n|move|p1a: Azumarill|Aqua Jet|p2a: Scream Tail\n|-damage|p2a: Scream Tail|22\/100\n|move|p2b: Jirachi|Iron Head|p1b: Indeedee\n|-damage|p1b: Indeedee|0 fnt\n|faint|p1b: Indeedee\n|move|p2a: Scream Tail|Dazzling Gleam|p1a: Azumarill\n|-damage|p1a: Azumarill|0 fnt\n|faint|p1a: Azumarill\n|\n|upkeep\n|\n|t:|1699013522\n|switch|p1b: Serperior|Serperior, F|100\/100\n|turn|8\n|\n|t:|1699013535\n|-terastallize|p1b: Serperior|Grass\n|-terastallize|p2a: Scream Tail|Fire\n|move|p1b: Serperior|Leaf Storm|p2a: Scream Tail\n|-resisted|p2a: Scream Tail\n|-damage|p2a: Scream Tail|0 fnt\n|-boost|p1b: Serperior|spa|2\n|faint|p2a: Scream Tail\n|-end|p2a: Scream Tail|Protosynthesis|[silent]\n|move|p2b: Jirachi|Iron Head|p1b: Serperior\n|-damage|p1b: Serperior|52\/100\n|\n|upkeep\n|turn|9\n|\n|t:|1699013552\n|move|p1b: Serperior|Leaf Storm|p2b: Jirachi\n|-resisted|p2b: Jirachi\n|-damage|p2b: Jirachi|13\/100\n|-boost|p1b: Serperior|spa|2\n|move|p2b: Jirachi|Iron Head|p1b: Serperior\n|-damage|p1b: Serperior|2\/100\n|\n|upkeep\n|turn|10\n|c|\u2606Inkubone|Gg\n|c|\u2606Inkubone|Well played\n|\n|t:|1699013570\n|move|p1b: Serperior|Leaf Storm|p2b: Jirachi\n|-resisted|p2b: Jirachi\n|-damage|p2b: Jirachi|0 fnt\n|-boost|p1b: Serperior|spa|2\n|faint|p2b: Jirachi\n|\n|win|St0mi\n|raw|St0mi's rating: 1250 &rarr; <strong>1277<\/strong><br \/>(+27 for winning)\n|raw|Inkubone's rating: 1278 &rarr; <strong>1251<\/strong><br \/>(-27 for losing)\n|c|\u2606St0mi|Gg\n|l|\u2606St0mi\n","uploadtime":1699013604,"views":9,"p1id":"st0mi","p2id":"inkubone","formatid":"gen9nationaldexdoubles","rating":1251,"private":0,"password":""}