{"id":"gen9nationaldexdoubles-1984267362","p1":"Camdar","p2":"2wb","format":"[Gen 9] National Dex Doubles","log":"|j|\u2606Camdar\n|j|\u26062wb\n|t:|1699236902\n|gametype|doubles\n|player|p1|Camdar|hilda|\n|player|p2|2wb|backersf|\n|teamsize|p1|6\n|teamsize|p2|6\n|gen|9\n|tier|[Gen 9] National Dex Doubles\n|rule|HP Percentage Mod: HP is shown in percentages\n|rule|Endless Battle Clause: Forcing endless battles is banned\n|rule|OHKO Clause: OHKO moves are banned\n|rule|Evasion Moves Clause: Evasion moves are banned\n|rule|Evasion Abilities Clause: Evasion abilities are banned\n|rule|Species Clause: Limit one of each Pok\u00e9mon\n|rule|Gravity Sleep Clause: The combination of sleep-inducing moves with imperfect accuracy and Gravity or Gigantamax Orbeetle are banned\n|clearpoke\n|poke|p1|Zapdos|\n|poke|p1|Clefable, F|\n|poke|p1|Garchomp, F|\n|poke|p1|Baxcalibur, M|\n|poke|p1|Vivillon-Garden, F|\n|poke|p1|Sylveon, M|\n|poke|p2|Roaring Moon|\n|poke|p2|Walking Wake|\n|poke|p2|Farigiraf, F|\n|poke|p2|Heatran, M|\n|poke|p2|Scream Tail|\n|poke|p2|Ninetales, F|\n|teampreview\n|j| Play Tale of Wuxia\n|inactive|Battle timer is ON: inactive players will automatically lose when time's up. (requested by Camdar)\n|c|\u2606Camdar|actually, before i click my lead\n|c|\u2606Camdar|bo1 or bo3?\n|c|\u2606Camdar|I would prefer bo3 but no worries if bo1 is easier\n|inactive|2wb has 270 seconds left.\n|c|\u26062wb|Whatever you prefer\n|c|\u2606Camdar|let's do bo3 then\n|c|\u26062wb|Alrighty\n|inactive|Camdar has 270 seconds left.\n|\n|t:|1699236972\n|start\n|switch|p1a: bun|Sylveon, M|100\/100\n|switch|p1b: bub|Garchomp, F|100\/100\n|switch|p2a: Ashennec|Ninetales, F, shiny|100\/100\n|switch|p2b: Burnt Beefram|Roaring Moon|100\/100\n|-weather|SunnyDay|[from] ability: Drought|[of] p2a: Ashennec\n|-activate|p2b: Burnt Beefram|ability: Protosynthesis\n|-start|p2b: Burnt Beefram|protosynthesisspe\n|turn|1\n|\n|t:|1699237002\n|switch|p2a: Tuff-arsh & Choco|Scream Tail|100\/100\n|-activate|p2a: Tuff-arsh & Choco|ability: Protosynthesis\n|-start|p2a: Tuff-arsh & Choco|protosynthesisspe\n|-terastallize|p1b: bub|Water\n|move|p2b: Burnt Beefram|Dragon Claw|p1b: bub\n|-damage|p1b: bub|40\/100\n|-damage|p2b: Burnt Beefram|88\/100|[from] ability: Rough Skin|[of] p1b: bub\n|move|p1b: bub|Rock Slide|p2a: Tuff-arsh & Choco|[spread] p2a,p2b\n|-damage|p2a: Tuff-arsh & Choco|84\/100\n|-damage|p2b: Burnt Beefram|61\/100\n|move|p1a: bun|Hyper Voice|p2a: Tuff-arsh & Choco|[spread] p2a,p2b\n|-supereffective|p2b: Burnt Beefram\n|-damage|p2a: Tuff-arsh & Choco|50\/100\n|-damage|p2b: Burnt Beefram|0 fnt\n|faint|p2b: Burnt Beefram\n|-end|p2b: Burnt Beefram|Protosynthesis|[silent]\n|-enditem|p1a: bun|Throat Spray\n|-boost|p1a: bun|spa|1|[from] item: Throat Spray\n|\n|-weather|SunnyDay|[upkeep]\n|upkeep\n|inactive|2wb has 270 seconds left.\n|inactive|2wb has 240 seconds left.\n|\n|t:|1699237050\n|switch|p2b: Seventh Fonon|Walking Wake|100\/100\n|-activate|p2b: Seventh Fonon|ability: Protosynthesis\n|-start|p2b: Seventh Fonon|protosynthesisspe\n|turn|2\n|inactive|2wb has 240 seconds left.\n|\n|t:|1699237079\n|switch|p1b: bug|Vivillon-Garden, F|100\/100\n|move|p2b: Seventh Fonon|Hydro Steam|p1a: bun\n|-crit|p1a: bun\n|-damage|p1a: bun|31\/100\n|move|p2a: Tuff-arsh & Choco|Play Rough|p1b: bug\n|-damage|p1b: bug|34\/100\n|-damage|p2a: Tuff-arsh & Choco|40\/100|[from] item: Life Orb\n|move|p1a: bun|Hyper Voice|p2a: Tuff-arsh & Choco|[spread] p2a,p2b\n|-supereffective|p2b: Seventh Fonon\n|-damage|p2a: Tuff-arsh & Choco|0 fnt\n|-damage|p2b: Seventh Fonon|0 fnt\n|faint|p2a: Tuff-arsh & Choco\n|-end|p2a: Tuff-arsh & Choco|Protosynthesis|[silent]\n|faint|p2b: Seventh Fonon\n|-end|p2b: Seventh Fonon|Protosynthesis|[silent]\n|\n|-weather|SunnyDay|[upkeep]\n|upkeep\n|c|\u26062wb|omph\n|c|\u2606Camdar|that crit\n|inactive|2wb has 210 seconds left.\n|c|\u26062wb|i made a grevious error :)\n|c|\u26062wb|... why can't i remember how to spell it\n|inactive|2wb has 180 seconds left.\n|\n|t:|1699237140\n|switch|p2b: Hechi Tierra|Farigiraf, F|100\/100\n|switch|p2a: The Man?|Heatran, M|100\/100\n|turn|3\n|c|\u26062wb|also it fucking happened again killme\n|\n|t:|1699237163\n|move|p1b: bug|Rage Powder|p1b: bug\n|-singleturn|p1b: bug|move: Rage Powder\n|move|p2a: The Man?|Eruption|p1b: bug|[spread] p1a,p1b\n|-supereffective|p1b: bug\n|-damage|p1a: bun|0 fnt\n|-damage|p1b: bug|0 fnt\n|faint|p1a: bun\n|faint|p1b: bug\n|move|p2b: Hechi Tierra|Hyper Voice|p1: bun|[notarget]\n|-fail|p2b: Hechi Tierra\n|\n|-weather|SunnyDay|[upkeep]\n|upkeep\n|\n|t:|1699237172\n|switch|p1b: birb|Zapdos|100\/100\n|switch|p1a: bub|Garchomp, F, tera:Water|40\/100\n|turn|4\n|inactive|2wb has 210 seconds left.\n|inactive|2wb has 180 seconds left.\n|inactive|2wb has 150 seconds left.\n|\n|t:|1699237263\n|-terastallize|p2a: The Man?|Steel\n|move|p1a: bub|Earthquake|p2a: The Man?|[spread] p2a,p2b\n|-immune|p1b: birb\n|-supereffective|p2a: The Man?\n|-damage|p2a: The Man?|37\/100\n|-damage|p2b: Hechi Tierra|64\/100\n|move|p1b: birb|Tailwind|p1b: birb\n|-sidestart|p1: Camdar|move: Tailwind\n|move|p2a: The Man?|Eruption|p1a: bub|[spread] p1a,p1b\n|-resisted|p1a: bub\n|-damage|p1a: bub|20\/100\n|-damage|p1b: birb|74\/100\n|move|p2b: Hechi Tierra|Hyper Voice|p1b: birb|[spread] p1a,p1b\n|-crit|p1b: birb\n|-damage|p1a: bub|0 fnt\n|-damage|p1b: birb|47\/100\n|faint|p1a: bub\n|\n|-weather|SunnyDay|[upkeep]\n|upkeep\n|\n|t:|1699237278\n|switch|p1a: bax|Baxcalibur, M|100\/100\n|turn|5\n|inactive|2wb has 150 seconds left.\n|inactive|2wb has 120 seconds left.\n|\n|t:|1699237316\n|switch|p2a: Ashennec|Ninetales, F, shiny|100\/100\n|move|p1b: birb|Roost|p1b: birb\n|-heal|p1b: birb|97\/100\n|-singleturn|p1b: birb|move: Roost\n|move|p1a: bax|Stomping Tantrum|p2a: Ashennec\n|-supereffective|p2a: Ashennec\n|-damage|p2a: Ashennec|5\/100\n|move|p2b: Hechi Tierra|Dazzling Gleam|p1b: birb|[spread] p1a,p1b\n|-supereffective|p1a: bax\n|-damage|p1a: bax|84\/100\n|-damage|p1b: birb|84\/100\n|\n|-weather|SunnyDay|[upkeep]\n|upkeep\n|turn|6\n|inactive|2wb has 120 seconds left.\n|\n|t:|1699237342\n|move|p2b: Hechi Tierra|Protect|p2b: Hechi Tierra\n|-singleturn|p2b: Hechi Tierra|Protect\n|move|p1b: birb|Volt Switch|p2b: Hechi Tierra\n|-activate|p2b: Hechi Tierra|move: Protect\n|move|p1a: bax|Scale Shot|p2a: Ashennec\n|-damage|p2a: Ashennec|0 fnt\n|faint|p2a: Ashennec\n|-hitcount|p2: Ashennec|1\n|-unboost|p1a: bax|def|1\n|-boost|p1a: bax|spe|1\n|\n|-weather|SunnyDay|[upkeep]\n|upkeep\n|inactive|2wb has 120 seconds left.\n|\n|t:|1699237354\n|switch|p2a: The Man?|Heatran, M, tera:Steel|37\/100\n|turn|7\n|\n|t:|1699237369\n|move|p1a: bax|Stomping Tantrum|p2a: The Man?\n|-supereffective|p2a: The Man?\n|-damage|p2a: The Man?|0 fnt\n|faint|p2a: The Man?\n|move|p1b: birb|Volt Switch|p2b: Hechi Tierra\n|-damage|p2b: Hechi Tierra|44\/100\n|\n|t:|1699237376\n|switch|p1b: blob|Clefable, F|100\/100|[from] Volt Switch\n|move|p2b: Hechi Tierra|Hyper Voice|p1a: bax|[spread] p1a,p1b\n|-damage|p1a: bax|70\/100\n|-damage|p1b: blob|82\/100\n|\n|-weather|SunnyDay|[upkeep]\n|-heal|p1b: blob|88\/100|[from] item: Leftovers\n|-sideend|p1: Camdar|move: Tailwind\n|upkeep\n|turn|8\n|inactive|2wb has 150 seconds left.\n|-message|2wb forfeited.\n|\n|win|Camdar\n","uploadtime":1699237394,"views":7,"p1id":"camdar","p2id":"2wb","formatid":"gen9nationaldexdoubles","rating":0,"private":0,"password":""}