{"id":"gen9nationaldexdoubles-1998545654","p1":"its_notacewastaken","p2":"Zeno6969","format":"[Gen 9] National Dex Doubles","log":"|j|\u2606its_notacewastaken\n|j|\u2606Zeno6969\n|t:|1700954632\n|gametype|doubles\n|player|p1|its_notacewastaken|giovanni|\n|player|p2|Zeno6969|ltsurge|\n|teamsize|p1|6\n|teamsize|p2|6\n|gen|9\n|tier|[Gen 9] National Dex Doubles\n|rule|HP Percentage Mod: HP is shown in percentages\n|rule|Endless Battle Clause: Forcing endless battles is banned\n|rule|OHKO Clause: OHKO moves are banned\n|rule|Evasion Moves Clause: Evasion moves are banned\n|rule|Evasion Abilities Clause: Evasion abilities are banned\n|rule|Species Clause: Limit one of each Pok\u00e9mon\n|rule|Gravity Sleep Clause: The combination of sleep-inducing moves with imperfect accuracy and Gravity or Gigantamax Orbeetle are banned\n|clearpoke\n|poke|p1|Chien-Pao|\n|poke|p1|Dragapult, M|\n|poke|p1|Clefable, F|\n|poke|p1|Garganacl, M|\n|poke|p1|Hippowdon, M|\n|poke|p1|Kartana|\n|poke|p2|Maushold-Four|\n|poke|p2|Pelipper, F|\n|poke|p2|Ferrothorn, M|\n|poke|p2|Swampert, M|\n|poke|p2|Tapu Lele|\n|poke|p2|Hawlucha, M|\n|teampreview\n|\n|t:|1700954642\n|start\n|switch|p1a: Basalt|Garganacl, M|100\/100\n|switch|p1b: Moto Moto|Hippowdon, M|100\/100\n|switch|p2a: MOHAMMAD ALI|Hawlucha, M, shiny|100\/100\n|switch|p2b: THORNS|Ferrothorn, M|100\/100\n|-weather|Sandstorm|[from] ability: Sand Stream|[of] p1b: Moto Moto\n|turn|1\n|c|\u2606its_notacewastaken|Goodgame, Zeno.\n|c|\u2606its_notacewastaken|You've lost.\n|c|\u2606its_notacewastaken|You've done well, Zeno.\n|\n|t:|1700954669\n|-terastallize|p2a: MOHAMMAD ALI|Fighting\n|move|p2a: MOHAMMAD ALI|Swords Dance|p2a: MOHAMMAD ALI\n|-boost|p2a: MOHAMMAD ALI|atk|2\n|move|p1b: Moto Moto|Sand Tomb|p2b: THORNS\n|-damage|p2b: THORNS|93\/100\n|-activate|p2b: THORNS|move: Sand Tomb|[of] p1b: Moto Moto\n|move|p1a: Basalt|Salt Cure|p2b: THORNS\n|-resisted|p2b: THORNS\n|-damage|p2b: THORNS|90\/100\n|-start|p2b: THORNS|Salt Cure\n|move|p2b: THORNS|Leech Seed|p1a: Basalt\n|-start|p1a: Basalt|move: Leech Seed\n|\n|-weather|Sandstorm|[upkeep]\n|-damage|p2a: MOHAMMAD ALI|94\/100|[from] Sandstorm\n|-heal|p2b: THORNS|96\/100|[from] item: Leftovers\n|-damage|p1a: Basalt|88\/100|[from] Leech Seed|[of] p2b: THORNS\n|-heal|p2b: THORNS|100\/100|[silent]\n|-damage|p2b: THORNS|88\/100|[from] move: Sand Tomb|[partiallytrapped]\n|-damage|p2b: THORNS|63\/100|[from] Salt Cure\n|upkeep\n|turn|2\n|c|\u2606its_notacewastaken|However, it is too late.\n|c|\u2606Zeno6969|god.\n|\n|t:|1700954695\n|move|p2a: MOHAMMAD ALI|Close Combat|p1a: Basalt\n|-supereffective|p1a: Basalt\n|-crit|p1a: Basalt\n|-damage|p1a: Basalt|0 fnt\n|-unboost|p2a: MOHAMMAD ALI|def|1\n|-unboost|p2a: MOHAMMAD ALI|spd|1\n|faint|p1a: Basalt\n|-damage|p2a: MOHAMMAD ALI|85\/100|[from] item: Life Orb\n|move|p1b: Moto Moto|Yawn|p2a: MOHAMMAD ALI\n|-start|p2a: MOHAMMAD ALI|move: Yawn|[of] p1b: Moto Moto\n|move|p2b: THORNS|Stealth Rock|p1b: Moto Moto\n|-sidestart|p1: its_notacewastaken|move: Stealth Rock\n|\n|-weather|Sandstorm|[upkeep]\n|-damage|p2a: MOHAMMAD ALI|79\/100|[from] Sandstorm\n|-heal|p2b: THORNS|69\/100|[from] item: Leftovers\n|-damage|p2b: THORNS|44\/100|[from] Salt Cure\n|-damage|p2b: THORNS|32\/100|[from] move: Sand Tomb|[partiallytrapped]\n|upkeep\n|c|\u2606its_notacewastaken|Good game.\n|c|\u2606its_notacewastaken|you've done well, really.\n|\n|t:|1700954717\n|switch|p1a: Chien-Pao|Chien-Pao|100\/100\n|-damage|p1a: Chien-Pao|76\/100|[from] Stealth Rock\n|-ability|p1a: Chien-Pao|Sword of Ruin\n|turn|3\n|c|\u2606Zeno6969|im scared\n|\n|t:|1700954737\n|-terastallize|p1a: Chien-Pao|Ghost\n|move|p1a: Chien-Pao|Psychic Fangs|p2a: MOHAMMAD ALI\n|-supereffective|p2a: MOHAMMAD ALI\n|-damage|p2a: MOHAMMAD ALI|0 fnt\n|faint|p2a: MOHAMMAD ALI\n|move|p1b: Moto Moto|Stealth Rock|p2b: THORNS\n|-sidestart|p2: Zeno6969|move: Stealth Rock\n|move|p2b: THORNS|Leech Seed|p1b: Moto Moto\n|-start|p1b: Moto Moto|move: Leech Seed\n|\n|-weather|Sandstorm|[upkeep]\n|-damage|p1a: Chien-Pao|70\/100|[from] Sandstorm\n|-heal|p2b: THORNS|38\/100|[from] item: Leftovers\n|-damage|p1b: Moto Moto|88\/100|[from] Leech Seed|[of] p2b: THORNS\n|-heal|p2b: THORNS|53\/100|[silent]\n|-damage|p2b: THORNS|28\/100|[from] Salt Cure\n|-damage|p2b: THORNS|15\/100|[from] move: Sand Tomb|[partiallytrapped]\n|upkeep\n|\n|t:|1700954761\n|switch|p2a: Fairy|Tapu Lele|100\/100\n|-damage|p2a: Fairy|88\/100|[from] Stealth Rock\n|-fieldstart|move: Psychic Terrain|[from] ability: Psychic Surge|[of] p2a: Fairy\n|turn|4\n|c|\u2606its_notacewastaken|it's funny, i know.\n|\n|t:|1700954790\n|move|p2a: Fairy|Psychic|p1a: Chien-Pao\n|-damage|p1a: Chien-Pao|0 fnt\n|faint|p1a: Chien-Pao\n|move|p1b: Moto Moto|Sand Tomb|p2a: Fairy\n|-crit|p2a: Fairy\n|-damage|p2a: Fairy|56\/100\n|-activate|p2a: Fairy|move: Sand Tomb|[of] p1b: Moto Moto\n|move|p2b: THORNS|Gyro Ball|p1b: Moto Moto\n|-damage|p1b: Moto Moto|74\/100\n|-damage|p2b: THORNS|0 fnt|[from] item: Rocky Helmet|[of] p1b: Moto Moto\n|faint|p2b: THORNS\n|\n|-weather|Sandstorm|[upkeep]\n|-damage|p2a: Fairy|50\/100|[from] Sandstorm\n|-damage|p2a: Fairy|37\/100|[from] move: Sand Tomb|[partiallytrapped]\n|upkeep\n|\n|t:|1700954804\n|switch|p1a: Cupid|Clefable, F|100\/100\n|switch|p2b: BIRB|Pelipper, F, shiny|100\/100\n|-damage|p2b: BIRB|76\/100|[from] Stealth Rock\n|-weather|RainDance|[from] ability: Drizzle|[of] p2b: BIRB\n|turn|5\n|\n|t:|1700954825\n|move|p1a: Cupid|Follow Me|p1a: Cupid\n|-singleturn|p1a: Cupid|move: Follow Me\n|move|p2a: Fairy|Psychic|p1a: Cupid\n|-crit|p1a: Cupid\n|-damage|p1a: Cupid|5\/100\n|-enditem|p1a: Cupid|Sitrus Berry|[eat]\n|-heal|p1a: Cupid|30\/100|[from] item: Sitrus Berry\n|move|p2b: BIRB|Hurricane|p1a: Cupid\n|-damage|p1a: Cupid|0 fnt\n|faint|p1a: Cupid\n|move|p1b: Moto Moto|Sand Tomb|p2b: BIRB\n|-immune|p2b: BIRB\n|\n|-weather|RainDance|[upkeep]\n|-damage|p1b: Moto Moto|62\/100|[from] Leech Seed|[of] p2b: BIRB\n|-heal|p2b: BIRB|92\/100|[silent]\n|-damage|p2a: Fairy|25\/100|[from] move: Sand Tomb|[partiallytrapped]\n|upkeep\n|c|\u2606its_notacewastaken|huh\n|\n|t:|1700954847\n|switch|p1a: SHING SHING|Kartana|100\/100\n|-damage|p1a: SHING SHING|94\/100|[from] Stealth Rock\n|turn|6\n|\n|t:|1700954875\n|move|p1a: SHING SHING|Leaf Blade|p2b: BIRB\n|-damage|p2b: BIRB|49\/100\n|move|p2a: Fairy|Psychic|p1a: SHING SHING\n|-resisted|p1a: SHING SHING\n|-damage|p1a: SHING SHING|0 fnt\n|faint|p1a: SHING SHING\n|move|p2b: BIRB|Hurricane|p1b: Moto Moto\n|-damage|p1b: Moto Moto|24\/100\n|-start|p1b: Moto Moto|confusion\n|-activate|p1b: Moto Moto|confusion\n|-damage|p1b: Moto Moto|19\/100|[from] confusion\n|\n|-weather|RainDance|[upkeep]\n|-damage|p1b: Moto Moto|6\/100|[from] Leech Seed|[of] p2b: BIRB\n|-heal|p2b: BIRB|65\/100|[silent]\n|-damage|p2a: Fairy|12\/100|[from] move: Sand Tomb|[partiallytrapped]\n|upkeep\n|c|\u2606its_notacewastaken|i see now.\n|\n|t:|1700954889\n|switch|p1a: Destroyer|Dragapult, M, shiny|100\/100\n|-damage|p1a: Destroyer|88\/100|[from] Stealth Rock\n|turn|7\n|c|\u2606Zeno6969|gggggggggggggggggggggggg\n|c|\u2606Zeno6969|sweeped\n|c|\u2606Zeno6969|gg\n|c|\u2606its_notacewastaken|idk why i threw clefairy\n|c|\u2606Zeno6969|im preparing my grave\n|c|\u2606its_notacewastaken|you're probably gonna win\n|c|\u2606its_notacewastaken|i messed up\n|\n|t:|1700954923\n|move|p2a: Fairy|Psychic|p1a: Destroyer\n|-damage|p1a: Destroyer|2\/100\n|move|p1a: Destroyer|Steel Wing|p2a: Fairy\n|-supereffective|p2a: Fairy\n|-damage|p2a: Fairy|0 fnt\n|faint|p2a: Fairy\n|-damage|p1a: Destroyer|0 fnt|[from] item: Life Orb\n|faint|p1a: Destroyer\n|move|p2b: BIRB|Roost|p2b: BIRB\n|-heal|p2b: BIRB|100\/100\n|-singleturn|p2b: BIRB|move: Roost\n|-activate|p1b: Moto Moto|confusion\n|move|p1b: Moto Moto|Slack Off|p1b: Moto Moto\n|-heal|p1b: Moto Moto|56\/100\n|\n|-weather|RainDance|[upkeep]\n|-damage|p1b: Moto Moto|44\/100|[from] Leech Seed|[of] p2b: BIRB\n|upkeep\n|c|\u2606Zeno6969|a\n|c|\u2606its_notacewastaken|see\n|c|\u2606its_notacewastaken|i messed up\n|c|\u2606Zeno6969|sad:(\n|c|\u2606its_notacewastaken|i was supposed to use clefairy with dragapult\n|\n|t:|1700954941\n|switch|p2a: PINKIE|Swampert, M, shiny|100\/100\n|-damage|p2a: PINKIE|94\/100|[from] Stealth Rock\n|turn|8\n|\n|t:|1700954950\n|detailschange|p2a: PINKIE|Swampert-Mega, M, shiny\n|-mega|p2a: PINKIE|Swampert|Swampertite\n|move|p2a: PINKIE|Waterfall|p1b: Moto Moto\n|-supereffective|p1b: Moto Moto\n|-damage|p1b: Moto Moto|0 fnt\n|-damage|p2a: PINKIE|78\/100|[from] item: Rocky Helmet|[of] p1b: Moto Moto\n|faint|p1b: Moto Moto\n|\n|win|Zeno6969\n|c|\u2606its_notacewastaken|GG\n|l|\u2606its_notacewastaken\n|c|\u2606Zeno6969|gg:#(\n","uploadtime":1700954962,"views":6,"p1id":"itsnotacewastaken","p2id":"zeno6969","formatid":"gen9nationaldexdoubles","rating":0,"private":0,"password":""}