{"id":"gen9nationaldexdoubles-1960316049","p1":"Asumi95","p2":"ArgentLamh","format":"[Gen 9] National Dex Doubles","log":"|j|\u2606Asumi95\n|j|\u2606ArgentLamh\n|t:|1696516292\n|gametype|doubles\n|player|p1|Asumi95|flannery|\n|player|p2|ArgentLamh|grimsley|\n|teamsize|p1|6\n|teamsize|p2|6\n|gen|9\n|tier|[Gen 9] National Dex Doubles\n|rule|HP Percentage Mod: HP is shown in percentages\n|rule|Endless Battle Clause: Forcing endless battles is banned\n|rule|OHKO Clause: OHKO moves are banned\n|rule|Evasion Moves Clause: Evasion moves are banned\n|rule|Evasion Abilities Clause: Evasion abilities are banned\n|rule|Species Clause: Limit one of each Pok\u00e9mon\n|rule|Gravity Sleep Clause: The combination of sleep-inducing moves with imperfect accuracy and Gravity or Gigantamax Orbeetle are banned\n|clearpoke\n|poke|p1|Murkrow, M|\n|poke|p1|Sinistcha|\n|poke|p1|Chi-Yu|\n|poke|p1|Rotom-Wash|\n|poke|p1|Kingambit, F|\n|poke|p1|Chien-Pao|\n|poke|p2|Samurott-Hisui, M|\n|poke|p2|Sinistcha|\n|poke|p2|Incineroar, M|\n|poke|p2|Hatterene, F|\n|poke|p2|Obstagoon, M|\n|poke|p2|Palossand, M|\n|teampreview\n|\n|t:|1696516314\n|start\n|switch|p1a: Matchaca|Sinistcha|100\/100\n|switch|p1b: Mulan|Kingambit, F|100\/100\n|switch|p2a: Navarre|Samurott-Hisui, M|100\/100\n|switch|p2b: Silky|Sinistcha|100\/100\n|turn|1\n|\n|t:|1696516331\n|-terastallize|p1b: Mulan|Fairy\n|move|p2a: Navarre|Ceaseless Edge|p1a: Matchaca\n|-supereffective|p1a: Matchaca\n|-damage|p1a: Matchaca|0 fnt\n|-sidestart|p1: Asumi95|Spikes\n|faint|p1a: Matchaca\n|move|p2b: Silky|Strength Sap|p1b: Mulan\n|-unboost|p1b: Mulan|atk|1\n|-ability|p1b: Mulan|Defiant|boost\n|-boost|p1b: Mulan|atk|2\n|move|p1b: Mulan|Power-Up Punch|p2a: Navarre\n|-supereffective|p2a: Navarre\n|-damage|p2a: Navarre|40\/100\n|-boost|p1b: Mulan|atk|1\n|\n|upkeep\n|\n|t:|1696516349\n|switch|p1a: Oropez|Chi-Yu|100\/100\n|-damage|p1a: Oropez|88\/100|[from] Spikes\n|-ability|p1a: Oropez|Beads of Ruin\n|turn|2\n|\n|t:|1696516379\n|-terastallize|p2a: Navarre|Water\n|move|p1a: Oropez|Protect|p1a: Oropez\n|-singleturn|p1a: Oropez|Protect\n|move|p2a: Navarre|Swords Dance|p2a: Navarre\n|-boost|p2a: Navarre|atk|2\n|move|p2b: Silky|Matcha Gotcha|p1a: Oropez|[spread] p1b\n|-activate|p1a: Oropez|move: Protect\n|-damage|p1b: Mulan|73\/100\n|move|p1b: Mulan|Iron Head|p2a: Navarre\n|-resisted|p2a: Navarre\n|-damage|p2a: Navarre|0 fnt\n|faint|p2a: Navarre\n|\n|upkeep\n|\n|t:|1696516402\n|switch|p2a: KING|Incineroar, M|100\/100\n|-ability|p2a: KING|Intimidate|boost\n|-unboost|p1a: Oropez|atk|1\n|-unboost|p1b: Mulan|atk|1\n|-ability|p1b: Mulan|Defiant|boost\n|-boost|p1b: Mulan|atk|2\n|turn|3\n|\n|t:|1696516422\n|move|p2a: KING|Fake Out|p1b: Mulan\n|-damage|p1b: Mulan|64\/100\n|move|p1a: Oropez|Dark Pulse|p2b: Silky\n|-supereffective|p2b: Silky\n|-damage|p2b: Silky|0 fnt\n|faint|p2b: Silky\n|-damage|p1a: Oropez|78\/100|[from] item: Life Orb\n|cant|p1b: Mulan|flinch\n|\n|upkeep\n|\n|t:|1696516436\n|switch|p2b: Dune King|Palossand, M|100\/100\n|turn|4\n|\n|t:|1696516456\n|move|p1b: Mulan|Sucker Punch|p2b: Dune King\n|-supereffective|p2b: Dune King\n|-damage|p2b: Dune King|0 fnt\n|-damage|p1b: Mulan|48\/100|[from] item: Rocky Helmet|[of] p2b: Dune King\n|faint|p2b: Dune King\n|move|p1a: Oropez|Heat Wave|p2a: KING\n|-resisted|p2a: KING\n|-damage|p2a: KING|59\/100\n|-damage|p1a: Oropez|68\/100|[from] item: Life Orb\n|move|p2a: KING|Flare Blitz|p1b: Mulan\n|-damage|p1b: Mulan|11\/100\n|-status|p1b: Mulan|brn\n|-damage|p2a: KING|47\/100|[from] Recoil\n|-enditem|p2a: KING|Sitrus Berry|[eat]\n|-heal|p2a: KING|72\/100|[from] item: Sitrus Berry\n|\n|-damage|p1b: Mulan|5\/100 brn|[from] brn\n|upkeep\n|c|\u2606ArgentLamh|ok...pr\u00e1cticamente ya me venciste pero \u00bfqu\u00e9 hago si solo me queda uno?\n|c|\u2606Asumi95|haz protects\n|\n|t:|1696516527\n|switch|p2b: WitchSlap|Hatterene, F|100\/100\n|turn|5\n|\n|t:|1696516550\n|switch|p2b: Ki$$ Me|Obstagoon, M|100\/100\n|move|p1b: Mulan|Sucker Punch|p2a: KING\n|-resisted|p2a: KING\n|-damage|p2a: KING|49\/100\n|move|p1a: Oropez|Flamethrower|p2a: KING\n|-resisted|p2a: KING\n|-damage|p2a: KING|15\/100\n|-damage|p1a: Oropez|58\/100|[from] item: Life Orb\n|move|p2a: KING|Flare Blitz|p1a: Oropez\n|-resisted|p1a: Oropez\n|-damage|p1a: Oropez|17\/100\n|-damage|p2a: KING|7\/100|[from] Recoil\n|\n|-damage|p1b: Mulan|0 fnt|[from] brn\n|faint|p1b: Mulan\n|-status|p2b: Ki$$ Me|brn|[from] item: Flame Orb\n|upkeep\n|\n|t:|1696516570\n|switch|p1b: DixanPlus|Rotom-Wash, shiny|100\/100\n|turn|6\n|\n|t:|1696516579\n|switch|p2b: WitchSlap|Hatterene, F|100\/100\n|move|p1b: DixanPlus|Helping Hand|p1a: Oropez\n|-singleturn|p1a: Oropez|Helping Hand|[of] p1b: DixanPlus\n|move|p1a: Oropez|Flamethrower|p2a: KING\n|-resisted|p2a: KING\n|-damage|p2a: KING|0 fnt\n|faint|p2a: KING\n|-damage|p1a: Oropez|7\/100|[from] item: Life Orb\n|\n|upkeep\n|-message|ArgentLamh forfeited.\n|\n|win|Asumi95\n|l|\u2606ArgentLamh\n","uploadtime":1696516609,"views":16,"p1id":"asumi95","p2id":"argentlamh","formatid":"gen9nationaldexdoubles","rating":0,"private":0,"password":""}