{"id":"gen9nationaldexdoubles-1947464190","p1":"tdmaximoff","p2":"El Ryuk456","format":"[Gen 9] National Dex Doubles","log":"|j|\u2606tdmaximoff\n|j|\u2606El Ryuk456\n|t:|1695163183\n|gametype|doubles\n|player|p1|tdmaximoff|cynthia-masters|1278\n|player|p2|El Ryuk456|blaine|1333\n|teamsize|p1|6\n|teamsize|p2|6\n|gen|9\n|tier|[Gen 9] National Dex Doubles\n|rated|\n|rule|HP Percentage Mod: HP is shown in percentages\n|rule|Endless Battle Clause: Forcing endless battles is banned\n|rule|OHKO Clause: OHKO moves are banned\n|rule|Evasion Moves Clause: Evasion moves are banned\n|rule|Evasion Abilities Clause: Evasion abilities are banned\n|rule|Species Clause: Limit one of each Pok\u00e9mon\n|rule|Gravity Sleep Clause: The combination of sleep-inducing moves with imperfect accuracy and Gravity or Gigantamax Orbeetle are banned\n|clearpoke\n|poke|p1|Garchomp, F|\n|poke|p1|Milotic, F|\n|poke|p1|Spiritomb, M|\n|poke|p1|Roserade, F|\n|poke|p1|Togekiss, F|\n|poke|p1|Gardevoir, F|\n|poke|p2|Blaziken, M|\n|poke|p2|Sceptile, M|\n|poke|p2|Blissey, F|\n|poke|p2|Dusknoir, F|\n|poke|p2|Pawmot, M|\n|poke|p2|Pelipper, M|\n|teampreview\n|inactive|Battle timer is ON: inactive players will automatically lose when time's up. (requested by tdmaximoff)\n|\n|t:|1695163191\n|start\n|switch|p1a: Garchomp|Garchomp, F, shiny|100\/100\n|switch|p1b: Spiritomb|Spiritomb, M, shiny|100\/100\n|switch|p2a: Inferno|Blaziken, M|100\/100\n|switch|p2b: Leo|Sceptile, M|100\/100\n|turn|1\n|c|\u2606tdmaximoff|glhf\n|\n|t:|1695163208\n|switch|p1a: Togekiss|Togekiss, F, shiny|100\/100\n|detailschange|p2a: Inferno|Blaziken-Mega, M\n|-mega|p2a: Inferno|Blaziken|Blazikenite\n|move|p2a: Inferno|Protect|p2a: Inferno\n|-singleturn|p2a: Inferno|Protect\n|move|p2b: Leo|Leaf Storm|p1a: Togekiss\n|-resisted|p1a: Togekiss\n|-damage|p1a: Togekiss|68\/100\n|-unboost|p2b: Leo|spa|2\n|-enditem|p2b: Leo|White Herb\n|-clearnegativeboost|p2b: Leo|[silent]\n|move|p1b: Spiritomb|Trick Room|p1b: Spiritomb\n|-fieldstart|move: Trick Room|[of] p1b: Spiritomb\n|\n|-ability|p2a: Inferno|Speed Boost|boost\n|-boost|p2a: Inferno|spe|1\n|upkeep\n|turn|2\n|\n|t:|1695163231\n|switch|p2a: Livie|Dusknoir, F|100\/100\n|-item|p1a: Togekiss|Heavy-Duty Boots|[from] ability: Frisk|[of] p2a: Livie|[identify]\n|-item|p1b: Spiritomb|Leftovers|[from] ability: Frisk|[of] p2a: Livie|[identify]\n|switch|p2b: Winry|Blissey, F|100\/100\n|move|p1b: Spiritomb|Poltergeist|p2b: Winry\n|-immune|p2b: Winry\n|move|p1a: Togekiss|Air Slash|p2b: Winry\n|-crit|p2b: Winry\n|-damage|p2b: Winry|80\/100\n|\n|-heal|p2b: Winry|86\/100|[from] item: Leftovers\n|upkeep\n|turn|3\n|\n|t:|1695163251\n|switch|p1a: Milotic|Milotic, F, shiny|100\/100\n|move|p1b: Spiritomb|Will-O-Wisp|p2a: Livie|[miss]\n|-miss|p1b: Spiritomb|p2a: Livie\n|move|p2a: Livie|Will-O-Wisp|p1b: Spiritomb\n|-status|p1b: Spiritomb|brn\n|move|p2b: Winry|Chilling Water|p1b: Spiritomb\n|-damage|p1b: Spiritomb|93\/100 brn\n|-unboost|p1b: Spiritomb|atk|1\n|\n|-heal|p1b: Spiritomb|99\/100 brn|[from] item: Leftovers\n|-heal|p2b: Winry|92\/100|[from] item: Leftovers\n|-damage|p1b: Spiritomb|93\/100 brn|[from] brn\n|-status|p1a: Milotic|brn|[from] item: Flame Orb\n|upkeep\n|turn|4\n|j| Booster Beasts\n|l| Booster Beasts\n|\n|t:|1695163270\n|move|p2a: Livie|Ally Switch|p2a: Livie\n|swap|p2a: Livie|1|[from] move: Ally Switch\n|move|p1b: Spiritomb|Will-O-Wisp|p2a: Winry\n|-status|p2a: Winry|brn\n|move|p2a: Winry|Hyper Voice|p1b: Spiritomb|[spread] p1a\n|-immune|p1b: Spiritomb\n|-damage|p1a: Milotic|87\/100 brn\n|move|p1a: Milotic|Toxic|p2b: Livie\n|-status|p2b: Livie|tox\n|\n|-heal|p1b: Spiritomb|99\/100 brn|[from] item: Leftovers\n|-heal|p2a: Winry|98\/100 brn|[from] item: Leftovers\n|-damage|p2b: Livie|94\/100 tox|[from] psn\n|-damage|p1b: Spiritomb|93\/100 brn|[from] brn\n|-damage|p2a: Winry|92\/100 brn|[from] brn\n|-damage|p1a: Milotic|81\/100 brn|[from] brn\n|upkeep\n|turn|5\n|\n|t:|1695163287\n|switch|p1b: Garchomp|Garchomp, F, shiny|100\/100\n|move|p2b: Livie|Shadow Punch|p1b: Garchomp\n|-damage|p1b: Garchomp|79\/100\n|-damage|p2b: Livie|82\/100 tox|[from] ability: Rough Skin|[of] p1b: Garchomp\n|move|p2a: Winry|Hyper Voice|p1a: Milotic|[spread] p1a,p1b\n|-damage|p1a: Milotic|67\/100 brn\n|-damage|p1b: Garchomp|60\/100\n|move|p1a: Milotic|Muddy Water|p2b: Livie|[spread] p2a,p2b\n|-damage|p2a: Winry|83\/100 brn\n|-damage|p2b: Livie|63\/100 tox\n|\n|-activate|p2a: Winry|ability: Healer\n|-curestatus|p2b: Livie|tox|[msg]\n|-heal|p2a: Winry|89\/100 brn|[from] item: Leftovers\n|-damage|p2a: Winry|83\/100 brn|[from] brn\n|-damage|p1a: Milotic|61\/100 brn|[from] brn\n|-fieldend|move: Trick Room\n|upkeep\n|turn|6\n|\n|t:|1695163301\n|detailschange|p1b: Garchomp|Garchomp-Mega, F, shiny\n|-mega|p1b: Garchomp|Garchomp|Garchompite\n|move|p1b: Garchomp|Scale Shot|p2b: Livie\n|-damage|p2b: Livie|48\/100\n|-damage|p2b: Livie|33\/100\n|-hitcount|p2b: Livie|2\n|-unboost|p1b: Garchomp|def|1\n|-boost|p1b: Garchomp|spe|1\n|move|p1a: Milotic|Muddy Water|p2b: Livie|[spread] p2b\n|-miss|p1a: Milotic|p2a: Winry\n|-damage|p2b: Livie|15\/100\n|move|p2a: Winry|Chilling Water|p1b: Garchomp\n|-damage|p1b: Garchomp|51\/100\n|-unboost|p1b: Garchomp|atk|1\n|move|p2b: Livie|Trick Room|p2b: Livie\n|-fieldstart|move: Trick Room|[of] p2b: Livie\n|\n|-heal|p2a: Winry|89\/100 brn|[from] item: Leftovers\n|-damage|p2a: Winry|83\/100 brn|[from] brn\n|-damage|p1a: Milotic|55\/100 brn|[from] brn\n|upkeep\n|turn|7\n|\n|t:|1695163319\n|switch|p1b: Spiritomb|Spiritomb, M, shiny|93\/100 brn\n|move|p2b: Livie|Will-O-Wisp|p1b: Spiritomb\n|-fail|p1b: Spiritomb|brn\n|move|p2a: Winry|Heal Pulse|p2b: Livie\n|-heal|p2b: Livie|65\/100\n|move|p1a: Milotic|Muddy Water|p2a: Winry|[spread] p2a,p2b\n|-damage|p2a: Winry|74\/100 brn\n|-damage|p2b: Livie|48\/100\n|-unboost|p2b: Livie|accuracy|1\n|\n|-heal|p1b: Spiritomb|99\/100 brn|[from] item: Leftovers\n|-heal|p2a: Winry|80\/100 brn|[from] item: Leftovers\n|-damage|p1b: Spiritomb|93\/100 brn|[from] brn\n|-damage|p2a: Winry|74\/100 brn|[from] brn\n|-damage|p1a: Milotic|49\/100 brn|[from] brn\n|upkeep\n|turn|8\n|\n|t:|1695163334\n|move|p1b: Spiritomb|Poltergeist|p2b: Livie|[miss]\n|-miss|p1b: Spiritomb|p2b: Livie\n|move|p2b: Livie|Shadow Punch|p1a: Milotic\n|-damage|p1a: Milotic|38\/100 brn\n|move|p2a: Winry|Heal Pulse|p2b: Livie\n|-heal|p2b: Livie|98\/100\n|move|p1a: Milotic|Recover|p1a: Milotic\n|-heal|p1a: Milotic|88\/100 brn\n|\n|-heal|p1b: Spiritomb|99\/100 brn|[from] item: Leftovers\n|-heal|p2a: Winry|80\/100 brn|[from] item: Leftovers\n|-damage|p1b: Spiritomb|93\/100 brn|[from] brn\n|-damage|p2a: Winry|74\/100 brn|[from] brn\n|-damage|p1a: Milotic|82\/100 brn|[from] brn\n|upkeep\n|turn|9\n|\n|t:|1695163345\n|move|p2b: Livie|Ally Switch|p2b: Livie\n|swap|p2b: Livie|0|[from] move: Ally Switch\n|move|p1b: Spiritomb|Poltergeist|p2a: Livie\n|-activate|p2a: Livie|move: Poltergeist|Colbur Berry\n|-supereffective|p2a: Livie\n|-damage|p2a: Livie|69\/100\n|move|p2b: Winry|Chilling Water|p1b: Spiritomb\n|-damage|p1b: Spiritomb|86\/100 brn\n|-unboost|p1b: Spiritomb|atk|1\n|move|p1a: Milotic|Muddy Water|p2a: Livie|[spread] p2a\n|-miss|p1a: Milotic|p2b: Winry\n|-damage|p2a: Livie|52\/100\n|-unboost|p2a: Livie|accuracy|1\n|\n|-heal|p1b: Spiritomb|92\/100 brn|[from] item: Leftovers\n|-heal|p2b: Winry|80\/100 brn|[from] item: Leftovers\n|-damage|p1b: Spiritomb|86\/100 brn|[from] brn\n|-damage|p2b: Winry|74\/100 brn|[from] brn\n|-damage|p1a: Milotic|76\/100 brn|[from] brn\n|upkeep\n|turn|10\n|\n|t:|1695163360\n|move|p1b: Spiritomb|Will-O-Wisp|p2a: Livie\n|-status|p2a: Livie|brn\n|move|p2a: Livie|Shadow Punch|p1b: Spiritomb\n|-damage|p1b: Spiritomb|73\/100 brn\n|move|p2b: Winry|Heal Pulse|p2a: Livie\n|-heal|p2a: Livie|100\/100 brn\n|move|p1a: Milotic|Muddy Water|p2a: Livie|[spread] p2a,p2b\n|-damage|p2a: Livie|83\/100 brn\n|-damage|p2b: Winry|65\/100 brn\n|\n|-heal|p1b: Spiritomb|79\/100 brn|[from] item: Leftovers\n|-heal|p2b: Winry|71\/100 brn|[from] item: Leftovers\n|-damage|p1b: Spiritomb|73\/100 brn|[from] brn\n|-damage|p2a: Livie|77\/100 brn|[from] brn\n|-damage|p2b: Winry|65\/100 brn|[from] brn\n|-damage|p1a: Milotic|70\/100 brn|[from] brn\n|-fieldend|move: Trick Room\n|upkeep\n|turn|11\n|\n|t:|1695163379\n|switch|p1a: Garchomp|Garchomp-Mega, F, shiny|51\/100\n|move|p2b: Winry|Hyper Voice|p1a: Garchomp|[spread] p1a\n|-immune|p1b: Spiritomb\n|-damage|p1a: Garchomp|32\/100\n|move|p2a: Livie|Trick Room|p2a: Livie\n|-fieldstart|move: Trick Room|[of] p2a: Livie\n|move|p1b: Spiritomb|Trick Room|p1b: Spiritomb\n|-fieldend|move: Trick Room\n|\n|-heal|p2b: Winry|71\/100 brn|[from] item: Leftovers\n|-heal|p1b: Spiritomb|79\/100 brn|[from] item: Leftovers\n|-damage|p2b: Winry|65\/100 brn|[from] brn\n|-damage|p2a: Livie|71\/100 brn|[from] brn\n|-damage|p1b: Spiritomb|73\/100 brn|[from] brn\n|upkeep\n|turn|12\n|\n|t:|1695163392\n|switch|p1b: Togekiss|Togekiss, F, shiny|68\/100\n|move|p1a: Garchomp|Earthquake|p2b: Winry|[spread] p2a,p2b\n|-immune|p1b: Togekiss\n|-damage|p2a: Livie|27\/100 brn\n|-damage|p2b: Winry|23\/100 brn\n|move|p2b: Winry|Soft-Boiled|p2b: Winry\n|-heal|p2b: Winry|73\/100 brn\n|move|p2a: Livie|Trick Room|p2a: Livie\n|-fieldstart|move: Trick Room|[of] p2a: Livie\n|\n|-heal|p2b: Winry|80\/100 brn|[from] item: Leftovers\n|-damage|p2a: Livie|21\/100 brn|[from] brn\n|-damage|p2b: Winry|73\/100 brn|[from] brn\n|upkeep\n|turn|13\n|\n|t:|1695163409\n|switch|p1a: Milotic|Milotic, F, shiny|70\/100 brn\n|move|p2a: Livie|Will-O-Wisp|p1b: Togekiss|[miss]\n|-miss|p2a: Livie|p1b: Togekiss\n|move|p2b: Winry|Heal Pulse|p2a: Livie\n|-heal|p2a: Livie|71\/100 brn\n|move|p1b: Togekiss|Air Slash|p2a: Livie\n|-damage|p2a: Livie|43\/100 brn\n|\n|-activate|p2b: Winry|ability: Healer\n|-curestatus|p2a: Livie|brn|[msg]\n|-heal|p2b: Winry|80\/100 brn|[from] item: Leftovers\n|-damage|p2b: Winry|73\/100 brn|[from] brn\n|-damage|p1a: Milotic|64\/100 brn|[from] brn\n|upkeep\n|turn|14\n|\n|t:|1695163421\n|move|p2a: Livie|Will-O-Wisp|p1b: Togekiss\n|-status|p1b: Togekiss|brn\n|move|p2b: Winry|Heal Pulse|p2a: Livie\n|-heal|p2a: Livie|93\/100\n|move|p1a: Milotic|Muddy Water|p2b: Winry|[spread] p2a,p2b\n|-damage|p2a: Livie|75\/100\n|-damage|p2b: Winry|65\/100 brn\n|-unboost|p2b: Winry|accuracy|1\n|move|p1b: Togekiss|Ancient Power|p2a: Livie\n|-damage|p2a: Livie|59\/100\n|\n|-heal|p2b: Winry|71\/100 brn|[from] item: Leftovers\n|-damage|p2b: Winry|65\/100 brn|[from] brn\n|-damage|p1a: Milotic|58\/100 brn|[from] brn\n|-damage|p1b: Togekiss|62\/100 brn|[from] brn\n|upkeep\n|turn|15\n|\n|t:|1695163434\n|move|p2a: Livie|Shadow Punch|p1b: Togekiss\n|-damage|p1b: Togekiss|34\/100 brn\n|move|p2b: Winry|Hyper Voice|p1a: Milotic|[spread] p1a,p1b\n|-damage|p1a: Milotic|45\/100 brn\n|-damage|p1b: Togekiss|18\/100 brn\n|move|p1a: Milotic|Muddy Water|p2b: Winry|[spread] p2a,p2b\n|-damage|p2a: Livie|41\/100\n|-damage|p2b: Winry|55\/100 brn\n|move|p1b: Togekiss|Ancient Power|p2a: Livie\n|-damage|p2a: Livie|26\/100\n|\n|-heal|p2b: Winry|61\/100 brn|[from] item: Leftovers\n|-damage|p2b: Winry|55\/100 brn|[from] brn\n|-damage|p1a: Milotic|39\/100 brn|[from] brn\n|-damage|p1b: Togekiss|11\/100 brn|[from] brn\n|upkeep\n|turn|16\n|\n|t:|1695163451\n|switch|p1b: Gardevoir|Gardevoir, F, shiny|100\/100\n|-item|p2a: Livie|Colbur Berry|[from] ability: Frisk|[of] p1b: Gardevoir|[identify]\n|-item|p2b: Winry|Leftovers|[from] ability: Frisk|[of] p1b: Gardevoir|[identify]\n|-ability|p1b: Gardevoir|Frisk|[from] ability: Trace|[of] p2a: Livie\n|move|p2a: Livie|Shadow Punch|p1b: Gardevoir\n|-supereffective|p1b: Gardevoir\n|-damage|p1b: Gardevoir|25\/100\n|move|p2b: Winry|Heal Pulse|p2a: Livie\n|-heal|p2a: Livie|76\/100\n|move|p1a: Milotic|Recover|p1a: Milotic\n|-heal|p1a: Milotic|89\/100 brn\n|\n|-heal|p2b: Winry|61\/100 brn|[from] item: Leftovers\n|-damage|p2b: Winry|55\/100 brn|[from] brn\n|-damage|p1a: Milotic|82\/100 brn|[from] brn\n|-fieldend|move: Trick Room\n|upkeep\n|turn|17\n|\n|t:|1695163466\n|move|p1b: Gardevoir|Moonblast|p2a: Livie\n|-damage|p2a: Livie|40\/100\n|move|p1a: Milotic|Muddy Water|p2a: Livie|[spread] p2a,p2b\n|-damage|p2a: Livie|23\/100\n|-damage|p2b: Winry|46\/100 brn\n|-unboost|p2b: Winry|accuracy|1\n|move|p2b: Winry|Soft-Boiled|p2b: Winry\n|-heal|p2b: Winry|96\/100 brn\n|move|p2a: Livie|Trick Room|p2a: Livie\n|-fieldstart|move: Trick Room|[of] p2a: Livie\n|\n|-heal|p2b: Winry|100\/100 brn|[from] item: Leftovers\n|-damage|p2b: Winry|94\/100 brn|[from] brn\n|-damage|p1a: Milotic|76\/100 brn|[from] brn\n|upkeep\n|turn|18\n|\n|t:|1695163474\n|move|p2a: Livie|Shadow Punch|p1b: Gardevoir\n|-supereffective|p1b: Gardevoir\n|-damage|p1b: Gardevoir|0 fnt\n|faint|p1b: Gardevoir\n|move|p2b: Winry|Heal Pulse|p2a: Livie\n|-heal|p2a: Livie|73\/100\n|move|p1a: Milotic|Muddy Water|p2b: Winry|[spread] p2a,p2b\n|-damage|p2a: Livie|56\/100\n|-damage|p2b: Winry|86\/100 brn\n|-unboost|p2b: Winry|accuracy|1\n|\n|-heal|p2b: Winry|93\/100 brn|[from] item: Leftovers\n|-damage|p2b: Winry|86\/100 brn|[from] brn\n|-damage|p1a: Milotic|70\/100 brn|[from] brn\n|upkeep\n|\n|t:|1695163489\n|switch|p1b: Roserade|Roserade, F, shiny|100\/100\n|turn|19\n|\n|t:|1695163496\n|move|p2a: Livie|Shadow Punch|p1b: Roserade\n|-damage|p1b: Roserade|59\/100\n|move|p2b: Winry|Heal Pulse|p2a: Livie\n|-heal|p2a: Livie|100\/100\n|move|p1a: Milotic|Muddy Water|p2a: Livie|[spread] p2a,p2b\n|-damage|p2a: Livie|84\/100\n|-damage|p2b: Winry|78\/100 brn\n|-unboost|p2a: Livie|accuracy|1\n|-unboost|p2b: Winry|accuracy|1\n|move|p1b: Roserade|Shadow Ball|p2a: Livie\n|-supereffective|p2a: Livie\n|-damage|p2a: Livie|42\/100\n|-unboost|p2a: Livie|spd|1\n|\n|-heal|p2b: Winry|84\/100 brn|[from] item: Leftovers\n|-damage|p2b: Winry|78\/100 brn|[from] brn\n|-damage|p1a: Milotic|64\/100 brn|[from] brn\n|upkeep\n|turn|20\n|\n|t:|1695163515\n|move|p2a: Livie|Shadow Punch|p1b: Roserade\n|-damage|p1b: Roserade|20\/100\n|move|p2b: Winry|Heal Pulse|p2a: Livie\n|-heal|p2a: Livie|92\/100\n|move|p1a: Milotic|Muddy Water|p2b: Winry|[spread] p2a,p2b\n|-crit|p2b: Winry\n|-damage|p2a: Livie|65\/100\n|-damage|p2b: Winry|66\/100 brn\n|move|p1b: Roserade|Shadow Ball|p2b: Winry\n|-immune|p2b: Winry\n|\n|-heal|p2b: Winry|72\/100 brn|[from] item: Leftovers\n|-damage|p2b: Winry|66\/100 brn|[from] brn\n|-damage|p1a: Milotic|58\/100 brn|[from] brn\n|upkeep\n|turn|21\n|\n|t:|1695163528\n|switch|p1b: Togekiss|Togekiss, F, shiny|11\/100 brn\n|move|p2a: Livie|Shadow Punch|p1b: Togekiss\n|-damage|p1b: Togekiss|0 fnt\n|faint|p1b: Togekiss\n|move|p2b: Winry|Hyper Voice|p1a: Milotic|[miss]\n|-miss|p2b: Winry|p1a: Milotic\n|move|p1a: Milotic|Recover|p1a: Milotic\n|-heal|p1a: Milotic|100\/100 brn\n|\n|-heal|p2b: Winry|72\/100 brn|[from] item: Leftovers\n|-damage|p2b: Winry|66\/100 brn|[from] brn\n|-damage|p1a: Milotic|94\/100 brn|[from] brn\n|-fieldend|move: Trick Room\n|upkeep\n|\n|t:|1695163533\n|switch|p1b: Garchomp|Garchomp-Mega, F, shiny|32\/100\n|turn|22\n|\n|t:|1695163541\n|move|p1b: Garchomp|Scale Shot|p2b: Winry\n|-damage|p2b: Winry|51\/100 brn\n|-damage|p2b: Winry|37\/100 brn\n|-hitcount|p2b: Winry|2\n|-unboost|p1b: Garchomp|def|1\n|-boost|p1b: Garchomp|spe|1\n|move|p1a: Milotic|Muddy Water|p2a: Livie|[spread] p2a,p2b\n|-damage|p2a: Livie|40\/100\n|-damage|p2b: Winry|29\/100 brn\n|-unboost|p2a: Livie|accuracy|1\n|move|p2b: Winry|Chilling Water|p1b: Garchomp|[miss]\n|-miss|p2b: Winry|p1b: Garchomp\n|move|p2a: Livie|Trick Room|p2a: Livie\n|-fieldstart|move: Trick Room|[of] p2a: Livie\n|\n|-heal|p2b: Winry|35\/100 brn|[from] item: Leftovers\n|-damage|p2b: Winry|29\/100 brn|[from] brn\n|-damage|p1a: Milotic|88\/100 brn|[from] brn\n|upkeep\n|turn|23\n|-message|tdmaximoff forfeited.\n|\n|win|El Ryuk456\n|raw|tdmaximoff's rating: 1278 &rarr; <strong>1257<\/strong><br \/>(-21 for losing)\n|raw|El Ryuk456's rating: 1333 &rarr; <strong>1350<\/strong><br \/>(+17 for winning)\n|l|\u2606tdmaximoff\n","uploadtime":1695163554,"views":5,"p1id":"tdmaximoff","p2id":"elryuk456","formatid":"gen9nationaldexdoubles","rating":1257,"private":0,"password":""}