{"id":"gen9nationaldexdoubles-1993417845","p1":"Tarizzler","p2":"Hahaha SO EASY","format":"[Gen 9] National Dex Doubles","log":"|j|\u2606Tarizzler\n|j|\u2606Hahaha SO EASY\n|t:|1700315207\n|gametype|doubles\n|player|p1|Tarizzler|cheren|1188\n|player|p2|Hahaha SO EASY|camper|1000\n|teamsize|p1|6\n|teamsize|p2|6\n|gen|9\n|tier|[Gen 9] National Dex Doubles\n|rated|\n|rule|HP Percentage Mod: HP is shown in percentages\n|rule|Endless Battle Clause: Forcing endless battles is banned\n|rule|OHKO Clause: OHKO moves are banned\n|rule|Evasion Moves Clause: Evasion moves are banned\n|rule|Evasion Abilities Clause: Evasion abilities are banned\n|rule|Species Clause: Limit one of each Pok\u00e9mon\n|rule|Gravity Sleep Clause: The combination of sleep-inducing moves with imperfect accuracy and Gravity or Gigantamax Orbeetle are banned\n|clearpoke\n|poke|p1|Rillaboom, M|\n|poke|p1|Drifblim, F|\n|poke|p1|Lopunny, F|\n|poke|p1|Meowscarada, F|\n|poke|p1|Dugtrio-Alola, M|\n|poke|p1|Ogerpon-Cornerstone, F|\n|poke|p2|Zygarde|\n|poke|p2|Blastoise, F|\n|poke|p2|Clefable, F|\n|poke|p2|Banette, F|\n|poke|p2|Venomoth, F|\n|poke|p2|Mr. Mime, M|\n|teampreview\n|inactive|Battle timer is ON: inactive players will automatically lose when time's up. (requested by Tarizzler)\n|\n|t:|1700315216\n|start\n|switch|p1a: Rillaboom|Rillaboom, M|100\/100\n|switch|p1b: Drifblim|Drifblim, F|100\/100\n|switch|p2a: Zygarde|Zygarde|100\/100\n|switch|p2b: Blastoise|Blastoise, F|100\/100\n|-fieldstart|move: Grassy Terrain|[from] ability: Grassy Surge|[of] p1a: Rillaboom\n|-enditem|p1b: Drifblim|Grassy Seed\n|-boost|p1b: Drifblim|def|1|[from] item: Grassy Seed\n|-ability|p2a: Zygarde|Aura Break\n|turn|1\n|\n|t:|1700315230\n|move|p1a: Rillaboom|Fake Out|p2a: Zygarde\n|-damage|p2a: Zygarde|92\/100\n|move|p2b: Blastoise|Follow Me|p2b: Blastoise\n|-singleturn|p2b: Blastoise|move: Follow Me\n|move|p1b: Drifblim|Will-O-Wisp|p2b: Blastoise\n|-status|p2b: Blastoise|brn\n|cant|p2a: Zygarde|flinch\n|\n|-heal|p2a: Zygarde|98\/100|[from] Grassy Terrain\n|-damage|p2b: Blastoise|94\/100 brn|[from] brn\n|upkeep\n|turn|2\n|\n|t:|1700315243\n|move|p2b: Blastoise|Follow Me|p2b: Blastoise\n|-singleturn|p2b: Blastoise|move: Follow Me\n|move|p1b: Drifblim|Will-O-Wisp|p2b: Blastoise\n|-fail|p2b: Blastoise|brn\n|move|p1a: Rillaboom|U-turn|p2b: Blastoise\n|-damage|p2b: Blastoise|75\/100 brn\n|\n|t:|1700315252\n|switch|p1a: Meowscarada|Meowscarada, F|100\/100|[from] U-turn\n|move|p2a: Zygarde|Dragon Dance|p2a: Zygarde\n|-boost|p2a: Zygarde|atk|1\n|-boost|p2a: Zygarde|spe|1\n|\n|-heal|p2a: Zygarde|100\/100|[from] Grassy Terrain\n|-heal|p2b: Blastoise|81\/100 brn|[from] Grassy Terrain\n|-damage|p2b: Blastoise|75\/100 brn|[from] brn\n|upkeep\n|turn|3\n|\n|t:|1700315279\n|move|p2a: Zygarde|Protect|p2a: Zygarde\n|-singleturn|p2a: Zygarde|Protect\n|move|p2b: Blastoise|Follow Me|p2b: Blastoise\n|-singleturn|p2b: Blastoise|move: Follow Me\n|move|p1b: Drifblim|Strength Sap|p2b: Blastoise\n|-unboost|p2b: Blastoise|atk|1\n|move|p1a: Meowscarada|Flower Trick|p2b: Blastoise\n|-start|p1a: Meowscarada|typechange|Grass|[from] ability: Protean\n|-supereffective|p2b: Blastoise\n|-crit|p2b: Blastoise\n|-damage|p2b: Blastoise|0 fnt\n|faint|p2b: Blastoise\n|-damage|p1a: Meowscarada|91\/100|[from] item: Life Orb\n|\n|-heal|p1a: Meowscarada|97\/100|[from] Grassy Terrain\n|upkeep\n|inactive|Hahaha SO EASY has 120 seconds left.\n|\n|t:|1700315300\n|switch|p2b: Clefable|Clefable, F|100\/100\n|turn|4\n|\n|t:|1700315315\n|move|p2b: Clefable|Follow Me|p2b: Clefable\n|-singleturn|p2b: Clefable|move: Follow Me\n|move|p1b: Drifblim|Shadow Ball|p2b: Clefable\n|-damage|p2b: Clefable|73\/100\n|move|p1a: Meowscarada|Flower Trick|p2b: Clefable\n|-crit|p2b: Clefable\n|-damage|p2b: Clefable|4\/100\n|-damage|p1a: Meowscarada|87\/100|[from] item: Life Orb\n|move|p2a: Zygarde|Dragon Dance|p2a: Zygarde\n|-boost|p2a: Zygarde|atk|1\n|-boost|p2a: Zygarde|spe|1\n|\n|-heal|p1a: Meowscarada|93\/100|[from] Grassy Terrain\n|-heal|p2b: Clefable|10\/100|[from] Grassy Terrain\n|upkeep\n|turn|5\n|\n|t:|1700315334\n|move|p2a: Zygarde|Protect|p2a: Zygarde\n|-singleturn|p2a: Zygarde|Protect\n|move|p2b: Clefable|Follow Me|p2b: Clefable\n|-singleturn|p2b: Clefable|move: Follow Me\n|move|p1b: Drifblim|Will-O-Wisp|p2b: Clefable\n|-status|p2b: Clefable|brn\n|move|p1a: Meowscarada|U-turn|p2b: Clefable\n|-resisted|p2b: Clefable\n|-damage|p2b: Clefable|0 fnt\n|faint|p2b: Clefable\n|-damage|p1a: Meowscarada|83\/100|[from] item: Life Orb\n|\n|t:|1700315346\n|switch|p1a: Lopunny|Lopunny, F|100\/100|[from] U-turn\n|\n|upkeep\n|inactive|Hahaha SO EASY has 120 seconds left.\n|\n|t:|1700315382\n|switch|p2b: Venomoth|Venomoth, F|100\/100\n|turn|6\n|inactive|Hahaha SO EASY has 120 seconds left.\n|\n|t:|1700315400\n|detailschange|p1a: Lopunny|Lopunny-Mega, F\n|-mega|p1a: Lopunny|Lopunny|Lopunnite\n|move|p1a: Lopunny|Fake Out|p2a: Zygarde\n|-damage|p2a: Zygarde|86\/100\n|move|p2b: Venomoth|Rage Powder|p2b: Venomoth\n|-singleturn|p2b: Venomoth|move: Rage Powder\n|move|p1b: Drifblim|Air Slash|p2b: Venomoth\n|-supereffective|p2b: Venomoth\n|-damage|p2b: Venomoth|19\/100\n|cant|p2a: Zygarde|flinch\n|\n|-heal|p2a: Zygarde|92\/100|[from] Grassy Terrain\n|-heal|p2b: Venomoth|25\/100|[from] Grassy Terrain\n|upkeep\n|turn|7\n|inactive|Tarizzler has 120 seconds left.\n|\n|t:|1700315442\n|move|p2b: Venomoth|Rage Powder|p2b: Venomoth\n|-singleturn|p2b: Venomoth|move: Rage Powder\n|move|p1b: Drifblim|Air Slash|p2b: Venomoth\n|-supereffective|p2b: Venomoth\n|-damage|p2b: Venomoth|0 fnt\n|faint|p2b: Venomoth\n|move|p2a: Zygarde|Crunch|p1b: Drifblim\n|-supereffective|p1b: Drifblim\n|-damage|p1b: Drifblim|15\/100\n|move|p1a: Lopunny|Return|p2a: Zygarde\n|-damage|p2a: Zygarde|51\/100\n|\n|-heal|p2a: Zygarde|57\/100|[from] Grassy Terrain\n|upkeep\n|inactive|Hahaha SO EASY has 120 seconds left.\n|\n|t:|1700315469\n|switch|p2b: Mr. Mime|Mr. Mime, M|100\/100\n|turn|8\n|\n|t:|1700315480\n|move|p2b: Mr. Mime|Follow Me|p2b: Mr. Mime\n|-singleturn|p2b: Mr. Mime|move: Follow Me\n|move|p1b: Drifblim|Strength Sap|p2b: Mr. Mime\n|-unboost|p2b: Mr. Mime|atk|1\n|-heal|p1b: Drifblim|34\/100\n|move|p2a: Zygarde|Dragon Dance|p2a: Zygarde\n|-boost|p2a: Zygarde|atk|1\n|-boost|p2a: Zygarde|spe|1\n|move|p1a: Lopunny|Return|p2b: Mr. Mime\n|-damage|p2b: Mr. Mime|37\/100\n|\n|-heal|p2a: Zygarde|63\/100|[from] Grassy Terrain\n|-heal|p2b: Mr. Mime|43\/100|[from] Grassy Terrain\n|-fieldend|move: Grassy Terrain\n|upkeep\n|turn|9\n|inactive|Hahaha SO EASY has 120 seconds left.\n|inactive|Hahaha SO EASY has 90 seconds left.\n|\n|t:|1700315555\n|move|p2b: Mr. Mime|Follow Me|p2b: Mr. Mime\n|-singleturn|p2b: Mr. Mime|move: Follow Me\n|move|p2a: Zygarde|Thousand Arrows|p1a: Lopunny|[spread] p1a,p1b\n|-damage|p1a: Lopunny|0 fnt\n|-damage|p1b: Drifblim|0 fnt\n|faint|p1a: Lopunny\n|faint|p1b: Drifblim\n|\n|upkeep\n|\n|t:|1700315563\n|switch|p1a: Rillaboom|Rillaboom, M|100\/100\n|switch|p1b: Meowscarada|Meowscarada, F|83\/100\n|-fieldstart|move: Grassy Terrain|[from] ability: Grassy Surge|[of] p1a: Rillaboom\n|turn|10\n|inactive|Hahaha SO EASY has 90 seconds left.\n|\n|t:|1700315586\n|move|p2a: Zygarde|Protect|p2a: Zygarde\n|-singleturn|p2a: Zygarde|Protect\n|move|p1a: Rillaboom|Fake Out|p2a: Zygarde\n|-activate|p2a: Zygarde|move: Protect\n|move|p1b: Meowscarada|Knock Off|p2b: Mr. Mime\n|-start|p1b: Meowscarada|typechange|Dark|[from] ability: Protean\n|-damage|p2b: Mr. Mime|0 fnt\n|-enditem|p2b: Mr. Mime|Focus Sash|[from] move: Knock Off|[of] p1b: Meowscarada\n|faint|p2b: Mr. Mime\n|-damage|p1b: Meowscarada|73\/100|[from] item: Life Orb\n|\n|-heal|p2a: Zygarde|70\/100|[from] Grassy Terrain\n|-heal|p1b: Meowscarada|79\/100|[from] Grassy Terrain\n|upkeep\n|\n|t:|1700315596\n|switch|p2b: Banette|Banette, F|100\/100\n|turn|11\n|inactive|Hahaha SO EASY has 90 seconds left.\n|\n|t:|1700315637\n|switch|p1a: Ogerpon|Ogerpon-Cornerstone, F|100\/100\n|detailschange|p2b: Banette|Banette-Mega, F\n|-mega|p2b: Banette|Banette|Banettite\n|-terastallize|p2a: Zygarde|Steel\n|move|p2b: Banette|Destiny Bond|p2b: Banette\n|-singlemove|p2b: Banette|Destiny Bond\n|move|p2a: Zygarde|Thousand Arrows|p1b: Meowscarada|[spread] p1a,p1b\n|-ability|p1a: Ogerpon|Sturdy\n|-damage|p1a: Ogerpon|1\/100\n|-damage|p1b: Meowscarada|0 fnt\n|faint|p1b: Meowscarada\n|\n|-heal|p2a: Zygarde|76\/100|[from] Grassy Terrain\n|-heal|p1a: Ogerpon|7\/100|[from] Grassy Terrain\n|upkeep\n|\n|t:|1700315654\n|switch|p1b: Rillaboom|Rillaboom, M|100\/100\n|turn|12\n|\n|t:|1700315672\n|move|p2a: Zygarde|Protect|p2a: Zygarde\n|-singleturn|p2a: Zygarde|Protect\n|move|p1a: Ogerpon|Spiky Shield|p1a: Ogerpon\n|-singleturn|p1a: Ogerpon|move: Protect\n|move|p1b: Rillaboom|Grassy Glide|p2b: Banette\n|-damage|p2b: Banette|40\/100\n|move|p2b: Banette|Shadow Claw|p1b: Rillaboom\n|-crit|p1b: Rillaboom\n|-damage|p1b: Rillaboom|34\/100\n|\n|-heal|p2a: Zygarde|82\/100|[from] Grassy Terrain\n|-heal|p1a: Ogerpon|13\/100|[from] Grassy Terrain\n|-heal|p1b: Rillaboom|40\/100|[from] Grassy Terrain\n|-heal|p2b: Banette|46\/100|[from] Grassy Terrain\n|upkeep\n|turn|13\n|\n|t:|1700315694\n|move|p1a: Ogerpon|Spiky Shield||[still]\n|-fail|p1a: Ogerpon\n|move|p1b: Rillaboom|Grassy Glide|p2b: Banette\n|-damage|p2b: Banette|0 fnt\n|faint|p2b: Banette\n|move|p2a: Zygarde|Thousand Arrows|p1b: Rillaboom|[spread] p1a,p1b\n|-resisted|p1b: Rillaboom\n|-damage|p1a: Ogerpon|0 fnt\n|-damage|p1b: Rillaboom|0 fnt\n|faint|p1a: Ogerpon\n|faint|p1b: Rillaboom\n|\n|-heal|p2a: Zygarde|88\/100|[from] Grassy Terrain\n|upkeep\n|\n|t:|1700315705\n|switch|p1a: Dugtrio|Dugtrio-Alola, M|100\/100\n|turn|14\n|\n|t:|1700315710\n|-terastallize|p1a: Dugtrio|Ground\n|move|p2a: Zygarde|Thousand Arrows|p1a: Dugtrio\n|-damage|p1a: Dugtrio|0 fnt\n|faint|p1a: Dugtrio\n|\n|win|Hahaha SO EASY\n|raw|Tarizzler's rating: 1188 &rarr; <strong>1151<\/strong><br \/>(-37 for losing)\n|raw|Hahaha SO EASY's rating: 1000 &rarr; <strong>1060<\/strong><br \/>(+60 for winning)\n|l|\u2606Tarizzler\n","uploadtime":1700315720,"views":5,"p1id":"tarizzler","p2id":"hahahasoeasy","formatid":"gen9nationaldexdoubles","rating":1060,"private":0,"password":""}