{"id":"gen9nationaldexdoubles-1988458498","p1":"djman346688","p2":"Numa no Kage","format":"[Gen 9] National Dex Doubles","log":"|j|\u2606djman346688\n|j|\u2606Numa no Kage\n|t:|1699725123\n|gametype|doubles\n|player|p1|djman346688|ghetsis|1428\n|player|p2|Numa no Kage|acetrainer|1377\n|teamsize|p1|6\n|teamsize|p2|6\n|gen|9\n|tier|[Gen 9] National Dex Doubles\n|rated|\n|rule|HP Percentage Mod: HP is shown in percentages\n|rule|Endless Battle Clause: Forcing endless battles is banned\n|rule|OHKO Clause: OHKO moves are banned\n|rule|Evasion Moves Clause: Evasion moves are banned\n|rule|Evasion Abilities Clause: Evasion abilities are banned\n|rule|Species Clause: Limit one of each Pok\u00e9mon\n|rule|Gravity Sleep Clause: The combination of sleep-inducing moves with imperfect accuracy and Gravity or Gigantamax Orbeetle are banned\n|clearpoke\n|poke|p1|Reuniclus, F|\n|poke|p1|Metagross|\n|poke|p1|Dusclops, M|\n|poke|p1|Mienshao, F|\n|poke|p1|Milotic, F|\n|poke|p1|Chandelure, F|\n|poke|p2|Tapu Koko|\n|poke|p2|Iron Treads|\n|poke|p2|Aerodactyl, M|\n|poke|p2|Wo-Chien|\n|poke|p2|Kommo-o, F|\n|poke|p2|Murkrow, F|\n|teampreview\n|inactive|Battle timer is ON: inactive players will automatically lose when time's up. (requested by djman346688)\n|inactive|Numa no Kage also wants the timer to be on.\n|\n|t:|1699725131\n|start\n|switch|p1a: MechaZoid|Metagross, shiny|100\/100\n|switch|p1b: Lil Child|Reuniclus, F|100\/100\n|switch|p2a: Kolo Muani|Tapu Koko, shiny|100\/100\n|switch|p2b: Donmenic|Iron Treads, shiny|100\/100\n|-fieldstart|move: Electric Terrain|[from] ability: Electric Surge|[of] p2a: Kolo Muani\n|-activate|p2b: Donmenic|ability: Quark Drive\n|-start|p2b: Donmenic|quarkdriveatk\n|-enditem|p2b: Donmenic|Electric Seed\n|-boost|p2b: Donmenic|def|1|[from] item: Electric Seed\n|turn|1\n|\n|t:|1699725155\n|-terastallize|p1a: MechaZoid|Fairy\n|move|p1b: Lil Child|Protect|p1b: Lil Child\n|-singleturn|p1b: Lil Child|Protect\n|move|p2a: Kolo Muani|Thunderbolt|p1a: MechaZoid\n|-damage|p1a: MechaZoid|61\/100\n|move|p2b: Donmenic|Earthquake|p1a: MechaZoid|[spread] p2a,p1a\n|-activate|p1b: Lil Child|move: Protect\n|-supereffective|p2a: Kolo Muani\n|-damage|p2a: Kolo Muani|0 fnt\n|-damage|p1a: MechaZoid|21\/100\n|faint|p2a: Kolo Muani\n|move|p1a: MechaZoid|Iron Head|p2b: Donmenic\n|-resisted|p2b: Donmenic\n|-damage|p2b: Donmenic|86\/100\n|\n|upkeep\n|inactive|Numa no Kage has 120 seconds left.\n|\n|t:|1699725174\n|switch|p2a: Rock Dragon|Aerodactyl, M, shiny|100\/100\n|-ability|p2a: Rock Dragon|Pressure\n|turn|2\n|\n|t:|1699725187\n|detailschange|p2a: Rock Dragon|Aerodactyl-Mega, M, shiny\n|-mega|p2a: Rock Dragon|Aerodactyl|Aerodactylite\n|move|p2a: Rock Dragon|Dual Wingbeat|p1b: Lil Child\n|-damage|p1b: Lil Child|67\/100\n|-damage|p1b: Lil Child|37\/100\n|-hitcount|p1b: Lil Child|2\n|move|p2b: Donmenic|Earthquake|p1b: Lil Child|[spread] p1a,p1b\n|-immune|p2a: Rock Dragon\n|-damage|p1a: MechaZoid|0 fnt\n|-damage|p1b: Lil Child|0 fnt\n|faint|p1a: MechaZoid\n|faint|p1b: Lil Child\n|\n|upkeep\n|\n|t:|1699725195\n|switch|p1a: Shockwave|Dusclops, M, shiny|100\/100\n|switch|p1b: Ibuki|Mienshao, F|100\/100\n|-item|p2a: Rock Dragon|Aerodactylite|[from] ability: Frisk|[of] p1a: Shockwave|[identify]\n|turn|3\n|\n|t:|1699725211\n|move|p1b: Ibuki|Fake Out|p2a: Rock Dragon\n|-resisted|p2a: Rock Dragon\n|-damage|p2a: Rock Dragon|92\/100\n|cant|p2a: Rock Dragon|flinch\n|move|p2b: Donmenic|Iron Head|p1a: Shockwave\n|-damage|p1a: Shockwave|70\/100\n|cant|p1a: Shockwave|flinch\n|\n|upkeep\n|turn|4\n|\n|t:|1699725223\n|move|p2a: Rock Dragon|Rock Slide|p1b: Ibuki|[spread] p1a,p1b\n|-resisted|p1b: Ibuki\n|-crit|p1b: Ibuki\n|-damage|p1a: Shockwave|50\/100\n|-damage|p1b: Ibuki|53\/100\n|move|p1b: Ibuki|Close Combat|p2b: Donmenic\n|-supereffective|p2b: Donmenic\n|-damage|p2b: Donmenic|16\/100\n|-unboost|p1b: Ibuki|def|1\n|-unboost|p1b: Ibuki|spd|1\n|move|p2b: Donmenic|Iron Head|p1a: Shockwave\n|-damage|p1a: Shockwave|18\/100\n|move|p1a: Shockwave|Trick Room|p1a: Shockwave\n|-fieldstart|move: Trick Room|[of] p1a: Shockwave\n|\n|upkeep\n|turn|5\n|\n|t:|1699725249\n|move|p1a: Shockwave|Night Shade|p2b: Donmenic\n|-damage|p2b: Donmenic|0 fnt\n|faint|p2b: Donmenic\n|-end|p2b: Donmenic|Quark Drive|[silent]\n|move|p1b: Ibuki|U-turn|p2a: Rock Dragon\n|-resisted|p2a: Rock Dragon\n|-damage|p2a: Rock Dragon|76\/100\n|inactive|djman346688 has 120 seconds left.\n|\n|t:|1699725277\n|switch|p1b: Yuri|Milotic, F|100\/100|[from] U-turn\n|move|p2a: Rock Dragon|Psychic Fangs|p1b: Yuri\n|-damage|p1b: Yuri|59\/100\n|\n|-heal|p1b: Yuri|65\/100|[from] item: Leftovers\n|upkeep\n|\n|t:|1699725286\n|switch|p2b: Floquinho|Wo-Chien|100\/100\n|-ability|p2b: Floquinho|Tablets of Ruin\n|turn|6\n|\n|t:|1699725310\n|move|p1a: Shockwave|Will-O-Wisp|p2a: Rock Dragon\n|-status|p2a: Rock Dragon|brn\n|move|p1b: Yuri|Ice Beam|p2b: Floquinho\n|-supereffective|p2b: Floquinho\n|-damage|p2b: Floquinho|73\/100\n|move|p2b: Floquinho|Snarl|p1b: Yuri|[spread] p1a,p1b\n|-supereffective|p1a: Shockwave\n|-damage|p1a: Shockwave|0 fnt\n|-damage|p1b: Yuri|52\/100\n|-unboost|p1b: Yuri|spa|1\n|-ability|p1b: Yuri|Competitive|boost\n|-boost|p1b: Yuri|spa|2\n|faint|p1a: Shockwave\n|move|p2a: Rock Dragon|Dual Wingbeat|p1b: Yuri\n|-crit|p1b: Yuri\n|-damage|p1b: Yuri|33\/100\n|-damage|p1b: Yuri|23\/100\n|-hitcount|p1b: Yuri|2\n|\n|-heal|p1b: Yuri|29\/100|[from] item: Leftovers\n|-damage|p2a: Rock Dragon|70\/100 brn|[from] brn\n|upkeep\n|\n|t:|1699725320\n|switch|p1a: Kai|Chandelure, F, shiny|100\/100\n|turn|7\n|\n|t:|1699725339\n|-terastallize|p2b: Floquinho|Fire\n|move|p1a: Kai|Heat Wave|p2a: Rock Dragon|[spread] p2a,p2b\n|-resisted|p2a: Rock Dragon\n|-resisted|p2b: Floquinho\n|-damage|p2a: Rock Dragon|36\/100 brn\n|-damage|p2b: Floquinho|58\/100\n|-damage|p1a: Kai|91\/100|[from] item: Life Orb\n|move|p1b: Yuri|Scald|p2a: Rock Dragon\n|-supereffective|p2a: Rock Dragon\n|-damage|p2a: Rock Dragon|0 fnt\n|faint|p2a: Rock Dragon\n|move|p2b: Floquinho|Giga Drain|p1b: Yuri\n|-supereffective|p1b: Yuri\n|-damage|p1b: Yuri|0 fnt\n|-heal|p2b: Floquinho|72\/100|[from] drain|[of] p1b: Yuri\n|faint|p1b: Yuri\n|\n|upkeep\n|\n|t:|1699725365\n|switch|p1b: Ibuki|Mienshao, F|53\/100\n|switch|p2a: Bruxa 71|Murkrow, F, shiny|100\/100\n|turn|8\n|\n|t:|1699725381\n|move|p1b: Ibuki|Protect|p1b: Ibuki\n|-singleturn|p1b: Ibuki|Protect\n|move|p2a: Bruxa 71|Sucker Punch|p1a: Kai\n|-supereffective|p1a: Kai\n|-damage|p1a: Kai|55\/100\n|move|p1a: Kai|Hex|p2b: Floquinho\n|-damage|p2b: Floquinho|49\/100\n|-damage|p1a: Kai|45\/100|[from] item: Life Orb\n|move|p2b: Floquinho|Snarl|p1a: Kai|[spread] p1a\n|-activate|p1b: Ibuki|move: Protect\n|-supereffective|p1a: Kai\n|-damage|p1a: Kai|0 fnt\n|faint|p1a: Kai\n|\n|-fieldend|move: Trick Room\n|-fieldend|move: Electric Terrain\n|upkeep\n|turn|9\n|\n|t:|1699725403\n|move|p2a: Bruxa 71|Tailwind|p2a: Bruxa 71\n|-sidestart|p2: Numa no Kage|move: Tailwind\n|move|p2b: Floquinho|Giga Drain|p1b: Ibuki\n|-damage|p1b: Ibuki|0 fnt\n|-heal|p2b: Floquinho|68\/100|[from] drain|[of] p1b: Ibuki\n|faint|p1b: Ibuki\n|\n|win|Numa no Kage\n|raw|djman346688's rating: 1428 &rarr; <strong>1405<\/strong><br \/>(-23 for losing)\n|raw|Numa no Kage's rating: 1377 &rarr; <strong>1400<\/strong><br \/>(+23 for winning)\n|l|\u2606djman346688\n","uploadtime":1699725436,"views":6,"p1id":"djman346688","p2id":"numanokage","formatid":"gen9nationaldexdoubles","rating":1400,"private":0,"password":""}