{"id":"gen9nationaldexdoubles-1968012044","p1":"Jolly stranger","p2":"Datagne","format":"[Gen 9] National Dex Doubles","log":"|j|\u2606Jolly stranger\n|j|\u2606Datagne\n|t:|1697373947\n|gametype|doubles\n|player|p1|Jolly stranger|gentleman-gen4dp|\n|player|p2|Datagne|will|\n|teamsize|p1|6\n|teamsize|p2|6\n|gen|9\n|tier|[Gen 9] National Dex Doubles\n|rule|HP Percentage Mod: HP is shown in percentages\n|rule|Endless Battle Clause: Forcing endless battles is banned\n|rule|OHKO Clause: OHKO moves are banned\n|rule|Evasion Moves Clause: Evasion moves are banned\n|rule|Evasion Abilities Clause: Evasion abilities are banned\n|rule|Species Clause: Limit one of each Pok\u00e9mon\n|rule|Gravity Sleep Clause: The combination of sleep-inducing moves with imperfect accuracy and Gravity or Gigantamax Orbeetle are banned\n|clearpoke\n|poke|p1|Maushold|\n|poke|p1|Arcanine, M|\n|poke|p1|Spinda, M|\n|poke|p1|Palafin, F|\n|poke|p1|Golduck, F|\n|poke|p1|Indeedee-F, F|\n|poke|p2|Klefki, M|\n|poke|p2|Gigalith, M|\n|poke|p2|Kingambit, M|\n|poke|p2|Enamorus-Therian, F|\n|poke|p2|Great Tusk|\n|poke|p2|Clodsire, M|\n|teampreview\n|\n|t:|1697373957\n|start\n|switch|p1a: Befuddled|Arcanine, M|100\/100\n|switch|p1b: Intimidating|Spinda, M|100\/100\n|switch|p2a: Jingles|Klefki, M, shiny|100\/100\n|switch|p2b: Limestone|Gigalith, M, shiny|100\/100\n|-ability|p1a: Befuddled|Intimidate|boost\n|-unboost|p2a: Jingles|atk|1\n|-unboost|p2b: Limestone|atk|1\n|-weather|Sandstorm|[from] ability: Sand Stream|[of] p2b: Limestone\n|turn|1\n|j| SgtSmilies\n|\n|t:|1697373977\n|move|p2a: Jingles|Protect|p2a: Jingles\n|-singleturn|p2a: Jingles|Protect\n|move|p1b: Intimidating|Skill Swap|p1a: Befuddled\n|-activate|p1b: Intimidating|move: Skill Swap|||[of] p1a: Befuddled\n|-ability|p1b: Intimidating|Intimidate|boost\n|-unboost|p2a: Jingles|atk|1\n|-unboost|p2b: Limestone|atk|1\n|move|p1a: Befuddled|Close Combat|p2b: Limestone\n|-supereffective|p2b: Limestone\n|-damage|p2b: Limestone|54\/100\n|-boost|p1a: Befuddled|def|1\n|-boost|p1a: Befuddled|spd|1\n|move|p2b: Limestone|Rock Slide|p1b: Intimidating|[spread] p1a\n|-miss|p2b: Limestone|p1b: Intimidating\n|-supereffective|p1a: Befuddled\n|-damage|p1a: Befuddled|63\/100\n|\n|-weather|Sandstorm|[upkeep]\n|-damage|p1b: Intimidating|94\/100|[from] Sandstorm\n|-damage|p1a: Befuddled|57\/100|[from] Sandstorm\n|-heal|p1a: Befuddled|63\/100|[from] item: Leftovers\n|upkeep\n|turn|2\n|\n|t:|1697374009\n|switch|p2b: Tortle|Enamorus-Therian, F|100\/100\n|move|p1b: Intimidating|Skill Swap|p2a: Jingles\n|-activate|p1b: Intimidating|move: Skill Swap|Prankster|Intimidate|[of] p2a: Jingles\n|-ability|p2a: Jingles|Intimidate|boost\n|-boost|p1a: Befuddled|atk|1\n|-unboost|p1b: Intimidating|atk|1\n|move|p1a: Befuddled|Close Combat|p2b: Tortle\n|-resisted|p2b: Tortle\n|-damage|p2b: Tortle|91\/100\n|-boost|p1a: Befuddled|def|1\n|-boost|p1a: Befuddled|spd|1\n|move|p2a: Jingles|Trick Room|p2a: Jingles\n|-fieldstart|move: Trick Room|[of] p2a: Jingles\n|\n|-weather|Sandstorm|[upkeep]\n|-damage|p1a: Befuddled|57\/100|[from] Sandstorm\n|-damage|p1b: Intimidating|88\/100|[from] Sandstorm\n|-heal|p1a: Befuddled|63\/100|[from] item: Leftovers\n|upkeep\n|turn|3\n|\n|t:|1697374033\n|move|p1b: Intimidating|Skill Swap|p2b: Tortle\n|-activate|p1b: Intimidating|move: Skill Swap|Overcoat|Prankster|[of] p2b: Tortle\n|move|p2b: Tortle|Earth Power|p1a: Befuddled\n|-supereffective|p1a: Befuddled\n|-damage|p1a: Befuddled|23\/100\n|move|p2a: Jingles|Reflect|p2a: Jingles\n|-sidestart|p2: Datagne|Reflect\n|move|p1a: Befuddled|Morning Sun|p1a: Befuddled\n|-heal|p1a: Befuddled|48\/100\n|\n|-weather|Sandstorm|[upkeep]\n|-damage|p2b: Tortle|85\/100|[from] Sandstorm\n|-damage|p1a: Befuddled|42\/100|[from] Sandstorm\n|-heal|p1a: Befuddled|48\/100|[from] item: Leftovers\n|upkeep\n|turn|4\n|c|\u2606Datagne|I'm going to stab\n|\n|t:|1697374068\n|switch|p1b: Bit sunny innit?|Golduck, F|100\/100\n|-ability|p1b: Bit sunny innit?|Cloud Nine\n|move|p2b: Tortle|Earth Power|p1a: Befuddled\n|-supereffective|p1a: Befuddled\n|-damage|p1a: Befuddled|11\/100\n|move|p2a: Jingles|Light Screen|p2a: Jingles\n|-sidestart|p2: Datagne|move: Light Screen\n|move|p1a: Befuddled|Morning Sun|p1a: Befuddled\n|-heal|p1a: Befuddled|61\/100\n|\n|-weather|Sandstorm|[upkeep]\n|-heal|p1a: Befuddled|68\/100|[from] item: Leftovers\n|upkeep\n|turn|5\n|\n|t:|1697374091\n|switch|p2a: Horny|Great Tusk|100\/100\n|move|p2b: Tortle|Earth Power|p1a: Befuddled\n|-supereffective|p1a: Befuddled\n|-damage|p1a: Befuddled|28\/100\n|move|p1b: Bit sunny innit?|Yawn|p2b: Tortle\n|-start|p2b: Tortle|move: Yawn|[of] p1b: Bit sunny innit?\n|move|p1a: Befuddled|Morning Sun|p1a: Befuddled\n|-heal|p1a: Befuddled|78\/100\n|\n|-weather|none\n|-heal|p1a: Befuddled|84\/100|[from] item: Leftovers\n|upkeep\n|turn|6\n|\n|t:|1697374159\n|-terastallize|p1a: Befuddled|Dark\n|move|p2b: Tortle|Earth Power|p1a: Befuddled\n|-damage|p1a: Befuddled|66\/100\n|move|p1b: Bit sunny innit?|Brick Break|p2a: Horny\n|-sideend|p2: Datagne|Reflect\n|-sideend|p2: Datagne|move: Light Screen\n|-damage|p2a: Horny|91\/100\n|move|p1a: Befuddled|Play Rough|p2a: Horny\n|-supereffective|p2a: Horny\n|-damage|p2a: Horny|43\/100\n|move|p2a: Horny|Headlong Rush|p1a: Befuddled\n|-damage|p1a: Befuddled|31\/100\n|-unboost|p2a: Horny|def|1\n|-unboost|p2a: Horny|spd|1\n|\n|-heal|p1a: Befuddled|37\/100|[from] item: Leftovers\n|-end|p2b: Tortle|move: Yawn|[silent]\n|-status|p2b: Tortle|slp\n|-fieldend|move: Trick Room\n|upkeep\n|turn|7\n|\n|t:|1697374197\n|-end|p2a: Horny|Protosynthesis|[silent]\n|switch|p2a: Omelette|Clodsire, M|100\/100\n|switch|p1b: Rain dance dolphin|Palafin, F|100\/100\n|switch|p2b: Jingles|Klefki, M, shiny|100\/100\n|move|p1a: Befuddled|Play Rough|p2a: Omelette\n|-resisted|p2a: Omelette\n|-crit|p2a: Omelette\n|-damage|p2a: Omelette|72\/100\n|\n|-heal|p1a: Befuddled|44\/100|[from] item: Leftovers\n|-heal|p2a: Omelette|78\/100|[from] item: Black Sludge\n|upkeep\n|turn|8\n|\n|t:|1697374221\n|detailschange|p1b: Rain dance dolphin|Palafin-Hero, F\n|switch|p1b: Intimidating|Spinda, M|88\/100\n|move|p2b: Jingles|Reflect|p2b: Jingles\n|-sidestart|p2: Datagne|Reflect\n|move|p1a: Befuddled|Close Combat|p2b: Jingles\n|-damage|p2b: Jingles|76\/100\n|-boost|p1a: Befuddled|def|1\n|-boost|p1a: Befuddled|spd|1\n|move|p2a: Omelette|Toxic|p1a: Befuddled\n|-status|p1a: Befuddled|tox\n|\n|-heal|p1a: Befuddled|50\/100 tox|[from] item: Leftovers\n|-heal|p2a: Omelette|85\/100|[from] item: Black Sludge\n|-damage|p1a: Befuddled|44\/100 tox|[from] psn\n|upkeep\n|turn|9\n|\n|t:|1697374246\n|move|p2a: Omelette|Protect|p2a: Omelette\n|-singleturn|p2a: Omelette|Protect\n|move|p2b: Jingles|Light Screen|p2b: Jingles\n|-sidestart|p2: Datagne|move: Light Screen\n|move|p1b: Intimidating|Encore|p2a: Omelette\n|-activate|p2a: Omelette|move: Protect\n|move|p1a: Befuddled|Morning Sun|p1a: Befuddled\n|-heal|p1a: Befuddled|94\/100 tox\n|\n|-heal|p1a: Befuddled|99\/100 tox|[from] item: Leftovers\n|-heal|p2a: Omelette|91\/100|[from] item: Black Sludge\n|-damage|p1a: Befuddled|87\/100 tox|[from] psn\n|upkeep\n|turn|10\n|\n|t:|1697374270\n|switch|p1b: Bit sunny innit?|Golduck, F|100\/100\n|-ability|p1b: Bit sunny innit?|Cloud Nine\n|switch|p1a: Indeedee|Indeedee-F, F|100\/100\n|-fieldstart|move: Psychic Terrain|[from] ability: Psychic Surge|[of] p1a: Indeedee\n|switch|p2a: Tortle|Enamorus-Therian, F|85\/100 slp\n|move|p2b: Jingles|Protect||[still]\n|-fail|p2b: Jingles\n|\n|upkeep\n|turn|11\n|\n|t:|1697374290\n|move|p2b: Jingles|Protect|p2b: Jingles\n|-singleturn|p2b: Jingles|Protect\n|move|p1b: Bit sunny innit?|Brick Break|p2b: Jingles\n|-activate|p2b: Jingles|move: Protect\n|move|p1a: Indeedee|Expanding Force|p2a: Tortle|[spread] p2a\n|-activate|p2b: Jingles|move: Protect\n|-damage|p2a: Tortle|61\/100 slp\n|cant|p2a: Tortle|slp\n|\n|upkeep\n|turn|12\n|\n|t:|1697374304\n|switch|p2b: Omelette|Clodsire, M|91\/100\n|move|p1b: Bit sunny innit?|Brick Break|p2b: Omelette\n|-sideend|p2: Datagne|Reflect\n|-sideend|p2: Datagne|move: Light Screen\n|-resisted|p2b: Omelette\n|-damage|p2b: Omelette|83\/100\n|move|p1a: Indeedee|Expanding Force|p2b: Omelette|[spread] p2a,p2b\n|-supereffective|p2b: Omelette\n|-damage|p2a: Tortle|25\/100 slp\n|-damage|p2b: Omelette|19\/100\n|cant|p2a: Tortle|slp\n|\n|-heal|p2b: Omelette|25\/100|[from] item: Black Sludge\n|upkeep\n|turn|13\n|\n|t:|1697374323\n|switch|p2a: Aun|Kingambit, M|100\/100\n|move|p2b: Omelette|Protect|p2b: Omelette\n|-singleturn|p2b: Omelette|Protect\n|move|p1b: Bit sunny innit?|Yawn|p2a: Aun\n|-start|p2a: Aun|move: Yawn|[of] p1b: Bit sunny innit?\n|move|p1a: Indeedee|Expanding Force|p2a: Aun|[spread] \n|-activate|p2b: Omelette|move: Protect\n|-immune|p2a: Aun\n|\n|-heal|p2b: Omelette|32\/100|[from] item: Black Sludge\n|upkeep\n|turn|14\n|\n|t:|1697374367\n|switch|p2b: Jingles|Klefki, M, shiny|76\/100\n|move|p1b: Bit sunny innit?|Brick Break|p2a: Aun\n|-supereffective|p2a: Aun\n|-damage|p2a: Aun|55\/100\n|move|p1a: Indeedee|Mystical Fire|p2a: Aun\n|-supereffective|p2a: Aun\n|-damage|p2a: Aun|11\/100\n|-unboost|p2a: Aun|spa|1\n|-ability|p2a: Aun|Defiant|boost\n|-boost|p2a: Aun|atk|2\n|move|p2a: Aun|Kowtow Cleave|p1b: Bit sunny innit?\n|-damage|p1b: Bit sunny innit?|0 fnt\n|faint|p1b: Bit sunny innit?\n|-damage|p2a: Aun|1\/100|[from] item: Life Orb\n|\n|-end|p2a: Aun|move: Yawn|[silent]\n|-status|p2a: Aun|slp\n|-fieldend|move: Psychic Terrain\n|upkeep\n|c|\u2606Jolly stranger|NO\n|c|\u2606Datagne|Die\n|\n|t:|1697374386\n|switch|p1b: Rain dance dolphin|Palafin-Hero, F|100\/100\n|-activate|p1b: Rain dance dolphin|ability: Zero to Hero\n|turn|15\n|\n|t:|1697374437\n|switch|p2a: Horny|Great Tusk|43\/100\n|move|p2b: Jingles|Protect|p2b: Jingles\n|-singleturn|p2b: Jingles|Protect\n|move|p1b: Rain dance dolphin|Wave Crash|p2b: Jingles\n|-activate|p2b: Jingles|move: Protect\n|move|p1a: Indeedee|Reflect|p1a: Indeedee\n|-sidestart|p1: Jolly stranger|Reflect\n|\n|upkeep\n|turn|16\n|\n|t:|1697374461\n|switch|p1a: Befuddled|Arcanine, M, tera:Dark|87\/100 tox\n|-ability|p1a: Befuddled|Intimidate|boost\n|-unboost|p2a: Horny|atk|1\n|-unboost|p2b: Jingles|atk|1\n|move|p2b: Jingles|Reflect|p2b: Jingles\n|-sidestart|p2: Datagne|Reflect\n|move|p2a: Horny|Close Combat|p1b: Rain dance dolphin\n|-damage|p1b: Rain dance dolphin|73\/100\n|-unboost|p2a: Horny|def|1\n|-unboost|p2a: Horny|spd|1\n|move|p1b: Rain dance dolphin|Wave Crash|p2a: Horny\n|-supereffective|p2a: Horny\n|-damage|p2a: Horny|0 fnt\n|faint|p2a: Horny\n|-end|p2a: Horny|Protosynthesis|[silent]\n|-damage|p1b: Rain dance dolphin|58\/100|[from] Recoil\n|\n|-heal|p1a: Befuddled|94\/100 tox|[from] item: Leftovers\n|-damage|p1a: Befuddled|87\/100 tox|[from] psn\n|upkeep\n|\n|t:|1697374479\n|switch|p2a: Limestone|Gigalith, M, shiny|54\/100\n|-weather|Sandstorm|[from] ability: Sand Stream|[of] p2a: Limestone\n|turn|17\n|\n|t:|1697374488\n|move|p1a: Befuddled|Flare Blitz|p2b: Jingles\n|-supereffective|p2b: Jingles\n|-damage|p2b: Jingles|26\/100\n|-damage|p1a: Befuddled|74\/100 tox|[from] Recoil\n|move|p1b: Rain dance dolphin|Wave Crash|p2a: Limestone\n|-supereffective|p2a: Limestone\n|-damage|p2a: Limestone|0 fnt\n|faint|p2a: Limestone\n|-damage|p1b: Rain dance dolphin|39\/100|[from] Recoil\n|move|p2b: Jingles|Trick Room|p2b: Jingles\n|-fieldstart|move: Trick Room|[of] p2b: Jingles\n|\n|-weather|Sandstorm|[upkeep]\n|-damage|p1b: Rain dance dolphin|32\/100|[from] Sandstorm\n|-damage|p1a: Befuddled|68\/100 tox|[from] Sandstorm\n|-heal|p1a: Befuddled|74\/100 tox|[from] item: Leftovers\n|-damage|p1a: Befuddled|61\/100 tox|[from] psn\n|upkeep\n|\n|t:|1697374502\n|switch|p2a: Tortle|Enamorus-Therian, F|25\/100 slp\n|turn|18\n|\n|t:|1697374520\n|switch|p1b: Intimidating|Spinda, M|88\/100\n|move|p2b: Jingles|Protect|p2b: Jingles\n|-singleturn|p2b: Jingles|Protect\n|cant|p2a: Tortle|slp\n|move|p1a: Befuddled|Flare Blitz|p2a: Tortle\n|-damage|p2a: Tortle|0 fnt\n|faint|p2a: Tortle\n|-damage|p1a: Befuddled|54\/100 tox|[from] Recoil\n|\n|-weather|Sandstorm|[upkeep]\n|-damage|p1a: Befuddled|48\/100 tox|[from] Sandstorm\n|-damage|p1b: Intimidating|82\/100|[from] Sandstorm\n|-heal|p1a: Befuddled|54\/100 tox|[from] item: Leftovers\n|-damage|p1a: Befuddled|35\/100 tox|[from] psn\n|upkeep\n|\n|t:|1697374536\n|switch|p2a: Omelette|Clodsire, M|32\/100\n|turn|19\n|\n|t:|1697374568\n|switch|p1a: Tandemous|Maushold|100\/100\n|move|p2b: Jingles|Light Screen|p2b: Jingles\n|-sidestart|p2: Datagne|move: Light Screen\n|move|p2a: Omelette|Recover|p2a: Omelette\n|-heal|p2a: Omelette|82\/100\n|move|p1b: Intimidating|Body Slam|p2a: Omelette\n|-damage|p2a: Omelette|68\/100\n|-status|p2a: Omelette|par\n|\n|-weather|Sandstorm|[upkeep]\n|-damage|p1a: Tandemous|94\/100|[from] Sandstorm\n|-damage|p1b: Intimidating|76\/100|[from] Sandstorm\n|-heal|p2a: Omelette|75\/100 par|[from] item: Black Sludge\n|-sideend|p1: Jolly stranger|Reflect\n|upkeep\n|turn|20\n|\n|t:|1697374602\n|move|p2b: Jingles|Protect|p2b: Jingles\n|-singleturn|p2b: Jingles|Protect\n|move|p2a: Omelette|Toxic|p1a: Tandemous\n|-status|p1a: Tandemous|tox\n|move|p1a: Tandemous|Population Bomb|p2b: Jingles\n|-activate|p2b: Jingles|move: Protect\n|move|p1b: Intimidating|Body Slam|p2a: Omelette\n|-damage|p2a: Omelette|61\/100 par\n|\n|-weather|Sandstorm|[upkeep]\n|-damage|p1a: Tandemous|88\/100 tox|[from] Sandstorm\n|-damage|p1b: Intimidating|70\/100|[from] Sandstorm\n|-heal|p2a: Omelette|68\/100 par|[from] item: Black Sludge\n|-damage|p1a: Tandemous|82\/100 tox|[from] psn\n|-sideend|p2: Datagne|Reflect\n|upkeep\n|turn|21\n|\n|t:|1697374633\n|switch|p1b: Befuddled|Arcanine, M, tera:Dark|35\/100 tox\n|-ability|p1b: Befuddled|Intimidate|boost\n|-unboost|p2a: Omelette|atk|1\n|-unboost|p2b: Jingles|atk|1\n|move|p2b: Jingles|Reflect|p2b: Jingles\n|-sidestart|p2: Datagne|Reflect\n|move|p2a: Omelette|Toxic|p1b: Befuddled\n|-fail|p1b: Befuddled|tox\n|move|p1a: Tandemous|Thunder Wave|p2b: Jingles\n|-status|p2b: Jingles|par\n|\n|-weather|none\n|-heal|p2a: Omelette|74\/100 par|[from] item: Black Sludge\n|-heal|p1b: Befuddled|41\/100 tox|[from] item: Leftovers\n|-damage|p1b: Befuddled|35\/100 tox|[from] psn\n|-damage|p1a: Tandemous|69\/100 tox|[from] psn\n|-fieldend|move: Trick Room\n|upkeep\n|turn|22\n|\n|t:|1697374659\n|switch|p1a: Intimidating|Spinda, M|70\/100\n|-terastallize|p2b: Jingles|Water\n|cant|p2a: Omelette|par\n|move|p1b: Befuddled|Flare Blitz|p2b: Jingles\n|-resisted|p2b: Jingles\n|-damage|p2b: Jingles|15\/100 par\n|-damage|p1b: Befuddled|32\/100 tox|[from] Recoil\n|move|p2b: Jingles|Trick Room|p2b: Jingles\n|-fieldstart|move: Trick Room|[of] p2b: Jingles\n|\n|-heal|p2a: Omelette|80\/100 par|[from] item: Black Sludge\n|-heal|p1b: Befuddled|38\/100 tox|[from] item: Leftovers\n|-damage|p1b: Befuddled|26\/100 tox|[from] psn\n|upkeep\n|turn|23\n|c|\u2606Jolly stranger|Great tera!\n|\n|t:|1697374681\n|move|p2b: Jingles|Protect|p2b: Jingles\n|-singleturn|p2b: Jingles|Protect\n|move|p2a: Omelette|Toxic|p1a: Intimidating\n|-status|p1a: Intimidating|tox\n|move|p1b: Befuddled|Morning Sun|p1b: Befuddled\n|-heal|p1b: Befuddled|76\/100 tox\n|move|p1a: Intimidating|Skill Swap|p2a: Omelette\n|-activate|p1a: Intimidating|move: Skill Swap|Water Absorb|Contrary|[of] p2a: Omelette\n|\n|-heal|p2a: Omelette|86\/100 par|[from] item: Black Sludge\n|-heal|p1b: Befuddled|82\/100 tox|[from] item: Leftovers\n|-damage|p1b: Befuddled|63\/100 tox|[from] psn\n|-damage|p1a: Intimidating|63\/100 tox|[from] psn\n|-sideend|p2: Datagne|move: Light Screen\n|upkeep\n|turn|24\n|\n|t:|1697374710\n|switch|p1b: Rain dance dolphin|Palafin-Hero, F|32\/100\n|switch|p1a: Indeedee|Indeedee-F, F|100\/100\n|-fieldstart|move: Psychic Terrain|[from] ability: Psychic Surge|[of] p1a: Indeedee\n|move|p2b: Jingles|Light Screen|p2b: Jingles\n|-sidestart|p2: Datagne|move: Light Screen\n|move|p2a: Omelette|Earth Power|p1b: Rain dance dolphin\n|-damage|p1b: Rain dance dolphin|13\/100\n|\n|-heal|p2a: Omelette|93\/100 par|[from] item: Black Sludge\n|upkeep\n|turn|25\n|\n|t:|1697374729\n|move|p2b: Jingles|Protect|p2b: Jingles\n|-singleturn|p2b: Jingles|Protect\n|move|p2a: Omelette|Earth Power|p1b: Rain dance dolphin\n|-damage|p1b: Rain dance dolphin|0 fnt\n|faint|p1b: Rain dance dolphin\n|move|p1a: Indeedee|Expanding Force|p2a: Omelette|[spread] p2a\n|-activate|p2b: Jingles|move: Protect\n|-supereffective|p2a: Omelette\n|-damage|p2a: Omelette|54\/100 par\n|\n|-heal|p2a: Omelette|60\/100 par|[from] item: Black Sludge\n|-sideend|p2: Datagne|Reflect\n|upkeep\n|\n|t:|1697374750\n|switch|p1b: Intimidating|Spinda, M|63\/100 tox\n|turn|26\n|\n|t:|1697374766\n|switch|p1a: Befuddled|Arcanine, M, tera:Dark|63\/100 tox\n|-ability|p1a: Befuddled|Intimidate|boost\n|-boost|p2a: Omelette|atk|1\n|-unboost|p2b: Jingles|atk|1\n|move|p2b: Jingles|Reflect|p2b: Jingles\n|-sidestart|p2: Datagne|Reflect\n|move|p2a: Omelette|Toxic|p1a: Befuddled\n|-fail|p1a: Befuddled|tox\n|move|p1b: Intimidating|Disable|p2a: Omelette\n|-start|p2a: Omelette|Disable|Toxic\n|\n|-heal|p2a: Omelette|66\/100 par|[from] item: Black Sludge\n|-heal|p1a: Befuddled|70\/100 tox|[from] item: Leftovers\n|-damage|p1a: Befuddled|63\/100 tox|[from] psn\n|-damage|p1b: Intimidating|57\/100 tox|[from] psn\n|-fieldend|move: Trick Room\n|upkeep\n|turn|27\n|\n|t:|1697374791\n|switch|p1b: Tandemous|Maushold|69\/100 tox\n|cant|p2a: Omelette|par\n|move|p1a: Befuddled|Close Combat|p2b: Jingles\n|-damage|p2b: Jingles|0 fnt\n|-unboost|p1a: Befuddled|def|1\n|-unboost|p1a: Befuddled|spd|1\n|faint|p2b: Jingles\n|\n|-heal|p1a: Befuddled|70\/100 tox|[from] item: Leftovers\n|-heal|p2a: Omelette|72\/100 par|[from] item: Black Sludge\n|-damage|p1b: Tandemous|63\/100 tox|[from] psn\n|-damage|p1a: Befuddled|57\/100 tox|[from] psn\n|upkeep\n|\n|t:|1697374804\n|switch|p2b: Aun|Kingambit, M|1\/100 slp\n|turn|28\n|\n|t:|1697374814\n|cant|p2b: Aun|slp\n|move|p1b: Tandemous|Population Bomb|p2b: Aun\n|-resisted|p2b: Aun\n|-damage|p2b: Aun|0 fnt\n|faint|p2b: Aun\n|-hitcount|p2: Aun|1\n|move|p1a: Befuddled|Play Rough|p2a: Omelette\n|-resisted|p2a: Omelette\n|-damage|p2a: Omelette|64\/100 par\n|move|p2a: Omelette|Earth Power|p1a: Befuddled\n|-damage|p1a: Befuddled|37\/100 tox\n|\n|-heal|p1a: Befuddled|43\/100 tox|[from] item: Leftovers\n|-heal|p2a: Omelette|70\/100 par|[from] item: Black Sludge\n|-damage|p1b: Tandemous|50\/100 tox|[from] psn\n|-damage|p1a: Befuddled|25\/100 tox|[from] psn\n|-sideend|p2: Datagne|move: Light Screen\n|-fieldend|move: Psychic Terrain\n|upkeep\n|turn|29\n|\n|t:|1697374831\n|switch|p1b: Indeedee|Indeedee-F, F|100\/100\n|-fieldstart|move: Psychic Terrain|[from] ability: Psychic Surge|[of] p1b: Indeedee\n|switch|p1a: Intimidating|Spinda, M|57\/100 tox\n|move|p2a: Omelette|Recover|p2a: Omelette\n|-heal|p2a: Omelette|100\/100 par\n|\n|-damage|p1a: Intimidating|51\/100 tox|[from] psn\n|upkeep\n|turn|30\n|\n|t:|1697374849\n|switch|p1a: Tandemous|Maushold|50\/100 tox\n|move|p1b: Indeedee|Expanding Force|p2a: Omelette\n|-supereffective|p2a: Omelette\n|-damage|p2a: Omelette|22\/100 par\n|cant|p2a: Omelette|par\n|\n|-heal|p2a: Omelette|29\/100 par|[from] item: Black Sludge\n|-damage|p1a: Tandemous|44\/100 tox|[from] psn\n|-end|p2a: Omelette|Disable\n|-sideend|p2: Datagne|Reflect\n|upkeep\n|turn|31\n|\n|t:|1697374859\n|move|p1a: Tandemous|Helping Hand|p1b: Indeedee\n|-singleturn|p1b: Indeedee|Helping Hand|[of] p1a: Tandemous\n|cant|p2a: Omelette|par\n|move|p1b: Indeedee|Expanding Force|p2a: Omelette\n|-supereffective|p2a: Omelette\n|-damage|p2a: Omelette|0 fnt\n|faint|p2a: Omelette\n|\n|win|Jolly stranger\n","uploadtime":1697374869,"views":21,"p1id":"jollystranger","p2id":"datagne","formatid":"gen9nationaldexdoubles","rating":0,"private":0,"password":""}