{"id":"gen9nationaldexdoubles-1956978653","p1":"Kanamo-o","p2":"WooperIsOkay","format":"[Gen 9] National Dex Doubles","log":"|j|\u2606Kanamo-o\n|j|\u2606WooperIsOkay\n|t:|1696175601\n|gametype|doubles\n|player|p1|Kanamo-o|selene|1119\n|player|p2|WooperIsOkay|1|1095\n|teamsize|p1|6\n|teamsize|p2|6\n|gen|9\n|tier|[Gen 9] National Dex Doubles\n|rated|\n|rule|HP Percentage Mod: HP is shown in percentages\n|rule|Endless Battle Clause: Forcing endless battles is banned\n|rule|OHKO Clause: OHKO moves are banned\n|rule|Evasion Moves Clause: Evasion moves are banned\n|rule|Evasion Abilities Clause: Evasion abilities are banned\n|rule|Species Clause: Limit one of each Pok\u00e9mon\n|rule|Gravity Sleep Clause: The combination of sleep-inducing moves with imperfect accuracy and Gravity or Gigantamax Orbeetle are banned\n|clearpoke\n|poke|p1|Dubwool, F|\n|poke|p1|Kommo-o, M|\n|poke|p1|Ninetales-Alola, F|\n|poke|p1|Rapidash-Galar, F|\n|poke|p1|Cinccino, F|\n|poke|p1|Mudsdale, M|\n|poke|p2|Torterra, F|\n|poke|p2|Whimsicott, F|\n|poke|p2|Bellossom, M|\n|poke|p2|Alcremie-Rainbow-Swirl, F|\n|poke|p2|Appletun, M|\n|poke|p2|Gardevoir, M|\n|teampreview\n|\n|t:|1696175614\n|start\n|switch|p1a: Officer|Cinccino, F|100\/100\n|switch|p1b: Chieftain|Mudsdale, M|100\/100\n|switch|p2a: Gardevoir|Gardevoir, M, shiny|100\/100\n|switch|p2b: Whimsicott|Whimsicott, F|100\/100\n|-item|p1a: Officer|Air Balloon\n|turn|1\n|\n|t:|1696175628\n|move|p2b: Whimsicott|Tailwind|p2b: Whimsicott\n|-sidestart|p2: WooperIsOkay|move: Tailwind\n|move|p2a: Gardevoir|Aura Sphere|p1a: Officer\n|-supereffective|p1a: Officer\n|-damage|p1a: Officer|24\/100\n|-enditem|p1a: Officer|Air Balloon\n|move|p1a: Officer|Bullet Seed|p1b: Chieftain\n|-supereffective|p1b: Chieftain\n|-damage|p1b: Chieftain|92\/100\n|-ability|p1b: Chieftain|Stamina|boost\n|-boost|p1b: Chieftain|def|1\n|-enditem|p1b: Chieftain|Weakness Policy\n|-boost|p1b: Chieftain|atk|2|[from] item: Weakness Policy\n|-boost|p1b: Chieftain|spa|2|[from] item: Weakness Policy\n|-supereffective|p1b: Chieftain\n|-damage|p1b: Chieftain|85\/100\n|-ability|p1b: Chieftain|Stamina|boost\n|-boost|p1b: Chieftain|def|1\n|-supereffective|p1b: Chieftain\n|-damage|p1b: Chieftain|80\/100\n|-ability|p1b: Chieftain|Stamina|boost\n|-boost|p1b: Chieftain|def|1\n|-supereffective|p1b: Chieftain\n|-damage|p1b: Chieftain|76\/100\n|-ability|p1b: Chieftain|Stamina|boost\n|-boost|p1b: Chieftain|def|1\n|-supereffective|p1b: Chieftain\n|-damage|p1b: Chieftain|73\/100\n|-ability|p1b: Chieftain|Stamina|boost\n|-boost|p1b: Chieftain|def|1\n|-hitcount|p1b: Chieftain|5\n|move|p1b: Chieftain|Earthquake|p2a: Gardevoir|[spread] p1a,p2a,p2b\n|-resisted|p2b: Whimsicott\n|-damage|p1a: Officer|0 fnt\n|-damage|p2a: Gardevoir|0 fnt\n|-damage|p2b: Whimsicott|37\/100\n|faint|p1a: Officer\n|faint|p2a: Gardevoir\n|\n|-heal|p2b: Whimsicott|43\/100|[from] item: Leftovers\n|upkeep\n|\n|t:|1696175637\n|switch|p1a: Invi|Rapidash-Galar, F|100\/100\n|switch|p2a: Appletun|Appletun, M|100\/100\n|turn|2\n|\n|t:|1696175661\n|move|p1a: Invi|Ally Switch|p1a: Invi\n|swap|p1a: Invi|1|[from] move: Ally Switch\n|move|p2b: Whimsicott|Energy Ball|p1b: Invi\n|-damage|p1b: Invi|48\/100\n|move|p2a: Appletun|Apple Acid|p1b: Invi\n|-damage|p1b: Invi|6\/100\n|-unboost|p1b: Invi|spd|1\n|move|p1a: Chieftain|Earthquake|p2a: Appletun|[spread] p1b,p2a,p2b\n|-resisted|p2a: Appletun\n|-resisted|p2b: Whimsicott\n|-damage|p1b: Invi|0 fnt\n|-damage|p2a: Appletun|64\/100\n|-damage|p2b: Whimsicott|0 fnt\n|faint|p1b: Invi\n|faint|p2b: Whimsicott\n|\n|-heal|p2a: Appletun|70\/100|[from] item: Leftovers\n|upkeep\n|\n|t:|1696175679\n|switch|p2b: Bellossom|Bellossom, M|100\/100\n|switch|p1b: Jade|Dubwool, F, shiny|100\/100\n|turn|3\n|\n|t:|1696175691\n|switch|p1b: Letty|Ninetales-Alola, F|100\/100\n|-weather|Snow|[from] ability: Snow Warning|[of] p1b: Letty\n|-terastallize|p1a: Chieftain|Ice\n|move|p2b: Bellossom|Energy Ball|p1b: Letty\n|-damage|p1b: Letty|62\/100\n|move|p2a: Appletun|Apple Acid|p1a: Chieftain\n|-damage|p1a: Chieftain|45\/100\n|-unboost|p1a: Chieftain|spd|1\n|-ability|p1a: Chieftain|Stamina|boost\n|-boost|p1a: Chieftain|def|1\n|move|p1a: Chieftain|Tera Blast|p2a: Appletun|[anim] Tera Blast Ice\n|-supereffective|p2a: Appletun\n|-damage|p2a: Appletun|0 fnt\n|faint|p2a: Appletun\n|\n|-weather|Snow|[upkeep]\n|upkeep\n|\n|t:|1696175708\n|switch|p2a: Torterra|Torterra, F|100\/100\n|turn|4\n|\n|t:|1696175716\n|move|p2a: Torterra|Earthquake|p1a: Chieftain|[spread] p2b,p1a,p1b\n|-resisted|p2b: Bellossom\n|-damage|p2b: Bellossom|75\/100\n|-damage|p1a: Chieftain|39\/100\n|-damage|p1b: Letty|31\/100\n|move|p2b: Bellossom|Sunny Day|p2b: Bellossom\n|-weather|SunnyDay\n|move|p1b: Letty|Aurora Veil||[still]\n|-fail|p1b: Letty\n|move|p1a: Chieftain|Tera Blast|p2a: Torterra|[anim] Tera Blast Ice\n|-supereffective|p2a: Torterra\n|-damage|p2a: Torterra|0 fnt\n|faint|p2a: Torterra\n|\n|-weather|SunnyDay|[upkeep]\n|-heal|p2b: Bellossom|82\/100|[from] item: Leftovers\n|-sideend|p2: WooperIsOkay|move: Tailwind\n|upkeep\n|\n|t:|1696175735\n|switch|p2a: Alcremie|Alcremie-Rainbow-Swirl, F|100\/100\n|turn|5\n|\n|t:|1696175753\n|move|p2b: Bellossom|Moonblast|p1a: Chieftain\n|-damage|p1a: Chieftain|0 fnt\n|faint|p1a: Chieftain\n|move|p1b: Letty|Hail|p1b: Letty\n|-weather|Hail\n|move|p2a: Alcremie|Dazzling Gleam|p1b: Letty\n|-damage|p1b: Letty|4\/100\n|\n|-weather|Hail|[upkeep]\n|-damage|p2b: Bellossom|75\/100|[from] Hail\n|-damage|p2a: Alcremie|95\/100|[from] Hail\n|-heal|p2b: Bellossom|82\/100|[from] item: Leftovers\n|-heal|p2a: Alcremie|100\/100|[from] item: Leftovers\n|upkeep\n|\n|t:|1696175758\n|switch|p1a: Kanamo-o|Kommo-o, M|100\/100\n|turn|6\n|\n|t:|1696175765\n|move|p1b: Letty|Hypnosis|p2a: Alcremie\n|-status|p2a: Alcremie|slp|[from] move: Hypnosis\n|move|p1a: Kanamo-o|Clangorous Soul|p1a: Kanamo-o\n|-boost|p1a: Kanamo-o|atk|1\n|-boost|p1a: Kanamo-o|def|1\n|-boost|p1a: Kanamo-o|spa|1\n|-boost|p1a: Kanamo-o|spd|1\n|-boost|p1a: Kanamo-o|spe|1\n|-damage|p1a: Kanamo-o|68\/100\n|-enditem|p1a: Kanamo-o|Throat Spray\n|-boost|p1a: Kanamo-o|spa|1|[from] item: Throat Spray\n|move|p2b: Bellossom|Sunny Day|p2b: Bellossom\n|-weather|SunnyDay\n|cant|p2a: Alcremie|slp\n|\n|-weather|SunnyDay|[upkeep]\n|-heal|p2b: Bellossom|88\/100|[from] item: Leftovers\n|upkeep\n|turn|7\n|\n|t:|1696175780\n|move|p1a: Kanamo-o|Boomburst|p2b: Bellossom|[spread] p1b,p2a,p2b\n|-damage|p1b: Letty|0 fnt\n|-damage|p2a: Alcremie|47\/100 slp\n|-damage|p2b: Bellossom|19\/100\n|faint|p1b: Letty\n|move|p2b: Bellossom|Moonblast|p1a: Kanamo-o\n|-supereffective|p1a: Kanamo-o\n|-damage|p1a: Kanamo-o|0 fnt\n|faint|p1a: Kanamo-o\n|-curestatus|p2a: Alcremie|slp|[msg]\n|move|p2a: Alcremie|Dazzling Gleam|p1: Kanamo-o|[notarget]\n|-fail|p2a: Alcremie\n|\n|-weather|SunnyDay|[upkeep]\n|-heal|p2b: Bellossom|25\/100|[from] item: Leftovers\n|-heal|p2a: Alcremie|53\/100|[from] item: Leftovers\n|upkeep\n|\n|t:|1696175789\n|switch|p1a: Jade|Dubwool, F, shiny|100\/100\n|turn|8\n|\n|t:|1696175820\n|-terastallize|p2b: Bellossom|Grass\n|move|p2b: Bellossom|Energy Ball|p1a: Jade\n|-damage|p1a: Jade|57\/100\n|move|p1a: Jade|Double-Edge|p2b: Bellossom\n|-damage|p2b: Bellossom|0 fnt\n|faint|p2b: Bellossom\n|-damage|p1a: Jade|50\/100|[from] Recoil\n|move|p2a: Alcremie|Dazzling Gleam|p1a: Jade\n|-damage|p1a: Jade|26\/100\n|\n|-weather|SunnyDay|[upkeep]\n|-heal|p1a: Jade|32\/100|[from] item: Leftovers\n|-heal|p2a: Alcremie|59\/100|[from] item: Leftovers\n|upkeep\n|turn|9\n|\n|t:|1696175837\n|move|p1a: Jade|Rest|p1a: Jade\n|-status|p1a: Jade|slp|[from] move: Rest\n|-heal|p1a: Jade|100\/100 slp|[silent]\n|move|p2a: Alcremie|Dazzling Gleam|p1a: Jade\n|-damage|p1a: Jade|77\/100 slp\n|\n|-weather|SunnyDay|[upkeep]\n|-heal|p1a: Jade|83\/100 slp|[from] item: Leftovers\n|-heal|p2a: Alcremie|65\/100|[from] item: Leftovers\n|upkeep\n|turn|10\n|\n|t:|1696175847\n|cant|p1a: Jade|slp\n|move|p2a: Alcremie|Calm Mind|p2a: Alcremie\n|-boost|p2a: Alcremie|spa|1\n|-boost|p2a: Alcremie|spd|1\n|\n|-weather|none\n|-heal|p1a: Jade|89\/100 slp|[from] item: Leftovers\n|-heal|p2a: Alcremie|71\/100|[from] item: Leftovers\n|upkeep\n|turn|11\n|\n|t:|1696175859\n|cant|p1a: Jade|slp\n|move|p2a: Alcremie|Calm Mind|p2a: Alcremie\n|-boost|p2a: Alcremie|spa|1\n|-boost|p2a: Alcremie|spd|1\n|\n|-heal|p1a: Jade|95\/100 slp|[from] item: Leftovers\n|-heal|p2a: Alcremie|77\/100|[from] item: Leftovers\n|upkeep\n|turn|12\n|\n|t:|1696175868\n|-curestatus|p1a: Jade|slp|[msg]\n|move|p1a: Jade|Double-Edge|p2a: Alcremie\n|-damage|p2a: Alcremie|46\/100\n|-damage|p1a: Jade|85\/100|[from] Recoil\n|move|p2a: Alcremie|Calm Mind|p2a: Alcremie\n|-boost|p2a: Alcremie|spa|1\n|-boost|p2a: Alcremie|spd|1\n|\n|-heal|p1a: Jade|91\/100|[from] item: Leftovers\n|-heal|p2a: Alcremie|52\/100|[from] item: Leftovers\n|upkeep\n|turn|13\n|\n|t:|1696175878\n|move|p1a: Jade|Double-Edge|p2a: Alcremie\n|-damage|p2a: Alcremie|24\/100\n|-damage|p1a: Jade|82\/100|[from] Recoil\n|move|p2a: Alcremie|Stored Power|p1a: Jade\n|-damage|p1a: Jade|18\/100\n|\n|-heal|p1a: Jade|24\/100|[from] item: Leftovers\n|-heal|p2a: Alcremie|30\/100|[from] item: Leftovers\n|upkeep\n|turn|14\n|\n|t:|1696175892\n|move|p1a: Jade|Double-Edge|p2a: Alcremie\n|-damage|p2a: Alcremie|0 fnt\n|faint|p2a: Alcremie\n|-damage|p1a: Jade|14\/100|[from] Recoil\n|\n|win|Kanamo-o\n|raw|Kanamo-o's rating: 1119 &rarr; <strong>1142<\/strong><br \/>(+23 for winning)\n|raw|WooperIsOkay's rating: 1095 &rarr; <strong>1072<\/strong><br \/>(-23 for losing)\n|l|\u2606WooperIsOkay\n","uploadtime":1696175903,"views":5,"p1id":"kanamoo","p2id":"wooperisokay","formatid":"gen9nationaldexdoubles","rating":1072,"private":0,"password":""}