{"id":"gen9nationaldexdoubles-1976384361","p1":"mitsuri19","p2":"The Ice Age Master","format":"[Gen 9] National Dex Doubles","log":"|j|\u2606mitsuri19\n|j|\u2606The Ice Age Master\n|t:|1698294401\n|gametype|doubles\n|player|p1|mitsuri19|clerkf|1050\n|player|p2|The Ice Age Master|silver|1040\n|teamsize|p1|6\n|teamsize|p2|6\n|gen|9\n|tier|[Gen 9] National Dex Doubles\n|rated|\n|rule|HP Percentage Mod: HP is shown in percentages\n|rule|Endless Battle Clause: Forcing endless battles is banned\n|rule|OHKO Clause: OHKO moves are banned\n|rule|Evasion Moves Clause: Evasion moves are banned\n|rule|Evasion Abilities Clause: Evasion abilities are banned\n|rule|Species Clause: Limit one of each Pok\u00e9mon\n|rule|Gravity Sleep Clause: The combination of sleep-inducing moves with imperfect accuracy and Gravity or Gigantamax Orbeetle are banned\n|clearpoke\n|poke|p1|Ninetales-Alola, F|\n|poke|p1|Gastrodon, F|\n|poke|p1|Cresselia, F|\n|poke|p1|Ogerpon-Wellspring, F|\n|poke|p1|Milotic, F|\n|poke|p1|Chi-Yu|\n|poke|p2|Slowbro, F|\n|poke|p2|Hatterene, F|\n|poke|p2|Cresselia, F|\n|poke|p2|Torkoal, F|\n|poke|p2|Indeedee-F, F|\n|poke|p2|Dusclops, M|\n|teampreview\n|inactive|Battle timer is ON: inactive players will automatically lose when time's up. (requested by The Ice Age Master)\n|\n|t:|1698294413\n|start\n|switch|p1a: frost|Ninetales-Alola, F, shiny|100\/100\n|switch|p1b: diamond|Ogerpon-Wellspring, F|100\/100\n|switch|p2a: Cresselia|Cresselia, F|100\/100\n|switch|p2b: Torkoal|Torkoal, F|100\/100\n|-weather|Snow|[from] ability: Snow Warning|[of] p1a: frost\n|-weather|SunnyDay|[from] ability: Drought|[of] p2b: Torkoal\n|turn|1\n|\n|t:|1698294432\n|switch|p1a: luna|Cresselia, F|100\/100\n|move|p1b: diamond|Spiky Shield|p1b: diamond\n|-singleturn|p1b: diamond|move: Protect\n|move|p2b: Torkoal|Stealth Rock|p1b: diamond\n|-sidestart|p1: mitsuri19|move: Stealth Rock\n|move|p2a: Cresselia|Trick Room|p2a: Cresselia\n|-fieldstart|move: Trick Room|[of] p2a: Cresselia\n|\n|-weather|SunnyDay|[upkeep]\n|upkeep\n|turn|2\n|\n|t:|1698294457\n|switch|p2b: Slowbro|Slowbro, F, shiny|100\/100\n|move|p1a: luna|Protect|p1a: luna\n|-singleturn|p1a: luna|Protect\n|move|p2a: Cresselia|Calm Mind|p2a: Cresselia\n|-boost|p2a: Cresselia|spa|1\n|-boost|p2a: Cresselia|spd|1\n|move|p1b: diamond|Ivy Cudgel|p2b: Slowbro\n|-resisted|p2b: Slowbro\n|-crit|p2b: Slowbro\n|-damage|p2b: Slowbro|78\/100\n|\n|-weather|SunnyDay|[upkeep]\n|upkeep\n|turn|3\n|\n|t:|1698294477\n|switch|p1a: frost|Ninetales-Alola, F, shiny|100\/100\n|-damage|p1a: frost|76\/100|[from] Stealth Rock\n|-weather|Snow|[from] ability: Snow Warning|[of] p1a: frost\n|detailschange|p2b: Slowbro|Slowbro-Mega, F, shiny\n|-mega|p2b: Slowbro|Slowbro|Slowbronite\n|move|p2b: Slowbro|Calm Mind|p2b: Slowbro\n|-boost|p2b: Slowbro|spa|1\n|-boost|p2b: Slowbro|spd|1\n|move|p2a: Cresselia|Dazzling Gleam|p1a: frost|[spread] p1a,p1b\n|-damage|p1a: frost|53\/100\n|-damage|p1b: diamond|76\/100\n|move|p1b: diamond|Horn Leech|p2b: Slowbro\n|-supereffective|p2b: Slowbro\n|-damage|p2b: Slowbro|18\/100\n|-heal|p1b: diamond|100\/100|[from] drain|[of] p2b: Slowbro\n|\n|-weather|Snow|[upkeep]\n|upkeep\n|turn|4\n|inactive|mitsuri19 has 120 seconds left.\n|\n|t:|1698294507\n|move|p1b: diamond|Spiky Shield|p1b: diamond\n|-singleturn|p1b: diamond|move: Protect\n|move|p2b: Slowbro|Signal Beam|p1b: diamond\n|-activate|p1b: diamond|move: Protect\n|move|p2a: Cresselia|Ice Beam|p1b: diamond\n|-activate|p1b: diamond|move: Protect\n|move|p1a: frost|Aurora Veil|p1a: frost\n|-sidestart|p1: mitsuri19|move: Aurora Veil\n|\n|-weather|Snow|[upkeep]\n|upkeep\n|turn|5\n|\n|t:|1698294522\n|move|p2b: Slowbro|Signal Beam|p1b: diamond\n|-supereffective|p1b: diamond\n|-damage|p1b: diamond|36\/100\n|move|p2a: Cresselia|Dazzling Gleam|p1a: frost|[spread] p1a,p1b\n|-crit|p1b: diamond\n|-damage|p1a: frost|39\/100\n|-damage|p1b: diamond|0 fnt\n|faint|p1b: diamond\n|move|p1a: frost|Blizzard|p2b: Slowbro|[spread] p2a,p2b\n|-resisted|p2b: Slowbro\n|-damage|p2a: Cresselia|87\/100\n|-damage|p2b: Slowbro|10\/100\n|\n|-weather|Snow|[upkeep]\n|-fieldend|move: Trick Room\n|upkeep\n|inactive|mitsuri19 has 120 seconds left.\n|\n|t:|1698294540\n|switch|p1b: luna|Cresselia, F|100\/100\n|-damage|p1b: luna|88\/100|[from] Stealth Rock\n|turn|6\n|\n|t:|1698294555\n|switch|p1a: bubblegum|Gastrodon, F|100\/100\n|-damage|p1a: bubblegum|94\/100|[from] Stealth Rock\n|move|p1b: luna|Moonblast|p2b: Slowbro\n|-damage|p2b: Slowbro|0 fnt\n|faint|p2b: Slowbro\n|move|p2a: Cresselia|Trick Room|p2a: Cresselia\n|-fieldstart|move: Trick Room|[of] p2a: Cresselia\n|\n|-weather|Snow|[upkeep]\n|-heal|p1a: bubblegum|100\/100|[from] item: Leftovers\n|upkeep\n|\n|t:|1698294566\n|switch|p2b: Torkoal|Torkoal, F|100\/100\n|-weather|SunnyDay|[from] ability: Drought|[of] p2b: Torkoal\n|turn|7\n|inactive|The Ice Age Master has 120 seconds left.\n|\n|t:|1698294596\n|move|p2b: Torkoal|Curse|p2b: Torkoal\n|-unboost|p2b: Torkoal|spe|1\n|-boost|p2b: Torkoal|atk|1\n|-boost|p2b: Torkoal|def|1\n|move|p1a: bubblegum|Acid Armor|p1a: bubblegum\n|-boost|p1a: bubblegum|def|2\n|move|p2a: Cresselia|Dazzling Gleam|p1b: luna|[spread] p1a,p1b\n|-damage|p1a: bubblegum|87\/100\n|-damage|p1b: luna|78\/100\n|move|p1b: luna|Moonblast|p2b: Torkoal\n|-resisted|p2b: Torkoal\n|-damage|p2b: Torkoal|90\/100\n|-unboost|p2b: Torkoal|spa|1\n|\n|-weather|SunnyDay|[upkeep]\n|-heal|p2b: Torkoal|96\/100|[from] item: Leftovers\n|-heal|p1a: bubblegum|93\/100|[from] item: Leftovers\n|upkeep\n|turn|8\n|\n|t:|1698294617\n|move|p2b: Torkoal|Earthquake|p1a: bubblegum|[spread] p1a\n|-immune|p2a: Cresselia|[from] ability: Levitate\n|-immune|p1b: luna|[from] ability: Levitate\n|-damage|p1a: bubblegum|85\/100\n|move|p1a: bubblegum|Acid Armor|p1a: bubblegum\n|-boost|p1a: bubblegum|def|2\n|move|p2a: Cresselia|Dazzling Gleam|p1b: luna|[spread] p1a,p1b\n|-damage|p1a: bubblegum|73\/100\n|-damage|p1b: luna|69\/100\n|move|p1b: luna|Lunar Blessing|p1b: luna|[spread] p1a,p1b\n|-heal|p1a: bubblegum|97\/100\n|-heal|p1b: luna|93\/100\n|\n|-weather|SunnyDay|[upkeep]\n|-heal|p2b: Torkoal|100\/100|[from] item: Leftovers\n|-heal|p1a: bubblegum|100\/100|[from] item: Leftovers\n|-sideend|p1: mitsuri19|move: Aurora Veil\n|upkeep\n|turn|9\n|\n|t:|1698294640\n|switch|p2b: Dusclops|Dusclops, M|100\/100\n|-ability|p2b: Dusclops|Pressure\n|switch|p1b: frost|Ninetales-Alola, F, shiny|39\/100\n|-damage|p1b: frost|14\/100|[from] Stealth Rock\n|-weather|Snow|[from] ability: Snow Warning|[of] p1b: frost\n|move|p1a: bubblegum|Waterfall|p2b: Dusclops\n|-damage|p2b: Dusclops|79\/100\n|move|p2a: Cresselia|Ice Beam|p1a: bubblegum\n|-damage|p1a: bubblegum|69\/100\n|\n|-weather|Snow|[upkeep]\n|-heal|p1a: bubblegum|75\/100|[from] item: Leftovers\n|upkeep\n|turn|10\n|inactive|mitsuri19 has 120 seconds left.\n|\n|t:|1698294677\n|switch|p2b: Torkoal|Torkoal, F|100\/100\n|-weather|SunnyDay|[from] ability: Drought|[of] p2b: Torkoal\n|switch|p1b: luna|Cresselia, F|93\/100\n|-damage|p1b: luna|81\/100|[from] Stealth Rock\n|move|p1a: bubblegum|Waterfall|p2a: Cresselia\n|-damage|p2a: Cresselia|77\/100\n|move|p2a: Cresselia|Ice Beam|p1a: bubblegum\n|-damage|p1a: bubblegum|44\/100\n|\n|-weather|SunnyDay|[upkeep]\n|-heal|p1a: bubblegum|50\/100|[from] item: Leftovers\n|-fieldend|move: Trick Room\n|upkeep\n|turn|11\n|inactive|mitsuri19 has 120 seconds left.\n|\n|t:|1698294699\n|switch|p1b: frost|Ninetales-Alola, F, shiny|14\/100\n|-damage|p1b: frost|0 fnt|[from] Stealth Rock\n|faint|p1b: frost\n|switch|p2b: Dusclops|Dusclops, M|79\/100\n|-ability|p2b: Dusclops|Pressure\n|move|p1a: bubblegum|Waterfall|p2b: Dusclops\n|-damage|p2b: Dusclops|67\/100\n|move|p2a: Cresselia|Trick Room|p2a: Cresselia\n|-fieldstart|move: Trick Room|[of] p2a: Cresselia\n|\n|-weather|SunnyDay|[upkeep]\n|-heal|p1a: bubblegum|56\/100|[from] item: Leftovers\n|upkeep\n|inactive|mitsuri19 has 120 seconds left.\n|c|\u2606The Ice Age Master|Shlump\n|\n|t:|1698294717\n|switch|p1b: luna|Cresselia, F|81\/100\n|-damage|p1b: luna|69\/100|[from] Stealth Rock\n|turn|12\n|inactive|mitsuri19 has 120 seconds left.\n|\n|t:|1698294738\n|move|p2b: Dusclops|Taunt|p1b: luna\n|-start|p1b: luna|move: Taunt\n|move|p1a: bubblegum|Pain Split|p2b: Dusclops\n|-sethp|p2b: Dusclops|88\/100|[from] move: Pain Split|[silent]\n|-sethp|p1a: bubblegum|46\/100|[from] move: Pain Split\n|move|p2a: Cresselia|Dazzling Gleam|p1a: bubblegum|[spread] p1a,p1b\n|-damage|p1a: bubblegum|27\/100\n|-damage|p1b: luna|53\/100\n|cant|p1b: luna|move: Taunt|Lunar Blessing\n|\n|-weather|SunnyDay|[upkeep]\n|-heal|p1a: bubblegum|33\/100|[from] item: Leftovers\n|upkeep\n|turn|13\n|\n|t:|1698294758\n|move|p2b: Dusclops|Leech Life|p1b: luna\n|-supereffective|p1b: luna\n|-damage|p1b: luna|30\/100\n|-heal|p2b: Dusclops|100\/100|[from] drain|[of] p1b: luna\n|move|p1a: bubblegum|Earthquake|p2b: Dusclops|[spread] p2b\n|-immune|p1b: luna|[from] ability: Levitate\n|-immune|p2a: Cresselia|[from] ability: Levitate\n|-damage|p2b: Dusclops|81\/100\n|move|p2a: Cresselia|Ice Beam|p1a: bubblegum\n|-damage|p1a: bubblegum|3\/100\n|move|p1b: luna|Moonblast|p2b: Dusclops\n|-damage|p2b: Dusclops|67\/100\n|-unboost|p2b: Dusclops|spa|1\n|\n|-weather|SunnyDay|[upkeep]\n|-heal|p1a: bubblegum|9\/100|[from] item: Leftovers\n|upkeep\n|turn|14\n|inactive|mitsuri19 has 120 seconds left.\n|\n|t:|1698294794\n|switch|p1b: coral|Milotic, F|100\/100\n|-damage|p1b: coral|88\/100|[from] Stealth Rock\n|move|p2b: Dusclops|Shadow Punch|p1b: coral\n|-damage|p1b: coral|66\/100\n|move|p1a: bubblegum|Waterfall|p2b: Dusclops\n|-damage|p2b: Dusclops|56\/100\n|move|p2a: Cresselia|Ice Beam|p1a: bubblegum\n|-damage|p1a: bubblegum|0 fnt\n|faint|p1a: bubblegum\n|\n|-weather|none\n|-status|p1b: coral|brn|[from] item: Flame Orb\n|upkeep\n|\n|t:|1698294815\n|switch|p1a: ember|Chi-Yu|100\/100\n|-damage|p1a: ember|76\/100|[from] Stealth Rock\n|-ability|p1a: ember|Beads of Ruin\n|turn|15\n|inactive|mitsuri19 has 120 seconds left.\n|\n|t:|1698294828\n|move|p2b: Dusclops|Leech Life|p1a: ember\n|-damage|p1a: ember|52\/100\n|-heal|p2b: Dusclops|69\/100|[from] drain|[of] p1a: ember\n|move|p2a: Cresselia|Calm Mind|p2a: Cresselia\n|-boost|p2a: Cresselia|spa|1\n|-boost|p2a: Cresselia|spd|1\n|move|p1b: coral|Hydro Pump|p2b: Dusclops|[miss]\n|-miss|p1b: coral|p2b: Dusclops\n|move|p1a: ember|Snarl|p2a: Cresselia|[spread] p2a,p2b\n|-supereffective|p2a: Cresselia\n|-supereffective|p2b: Dusclops\n|-damage|p2a: Cresselia|45\/100\n|-damage|p2b: Dusclops|13\/100\n|-unboost|p2a: Cresselia|spa|1\n|-unboost|p2b: Dusclops|spa|1\n|-damage|p1a: ember|42\/100|[from] item: Life Orb\n|\n|-damage|p1b: coral|60\/100 brn|[from] brn\n|-fieldend|move: Trick Room\n|upkeep\n|turn|16\n|inactive|mitsuri19 has 120 seconds left.\n|\n|t:|1698294856\n|move|p1b: coral|Protect|p1b: coral\n|-singleturn|p1b: coral|Protect\n|move|p1a: ember|Snarl|p2b: Dusclops|[spread] p2a,p2b\n|-supereffective|p2a: Cresselia\n|-supereffective|p2b: Dusclops\n|-damage|p2a: Cresselia|17\/100\n|-damage|p2b: Dusclops|0 fnt\n|-unboost|p2a: Cresselia|spa|1\n|faint|p2b: Dusclops\n|-damage|p1a: ember|32\/100|[from] item: Life Orb\n|move|p2a: Cresselia|Trick Room|p2a: Cresselia\n|-fieldstart|move: Trick Room|[of] p2a: Cresselia\n|\n|-damage|p1b: coral|54\/100 brn|[from] brn\n|upkeep\n|\n|t:|1698294864\n|switch|p2b: Torkoal|Torkoal, F|100\/100\n|-weather|SunnyDay|[from] ability: Drought|[of] p2b: Torkoal\n|turn|17\n|\n|t:|1698294877\n|move|p2b: Torkoal|Curse|p2b: Torkoal\n|-unboost|p2b: Torkoal|spe|1\n|-boost|p2b: Torkoal|atk|1\n|-boost|p2b: Torkoal|def|1\n|move|p2a: Cresselia|Dazzling Gleam|p1a: ember|[spread] p1a,p1b\n|-damage|p1a: ember|15\/100\n|-damage|p1b: coral|39\/100 brn\n|move|p1b: coral|Hydro Pump|p2b: Torkoal\n|-supereffective|p2b: Torkoal\n|-damage|p2b: Torkoal|34\/100\n|move|p1a: ember|Snarl|p2a: Cresselia|[spread] p2a,p2b\n|-supereffective|p2a: Cresselia\n|-damage|p2a: Cresselia|0 fnt\n|-damage|p2b: Torkoal|0 fnt\n|faint|p2a: Cresselia\n|faint|p2b: Torkoal\n|-damage|p1a: ember|5\/100|[from] item: Life Orb\n|\n|-weather|SunnyDay|[upkeep]\n|-damage|p1b: coral|32\/100 brn|[from] brn\n|upkeep\n|\n|t:|1698294881\n|switch|p2b: Hatterene|Hatterene, F|100\/100\n|switch|p2a: Indeedee|Indeedee-F, F|100\/100\n|-fieldstart|move: Psychic Terrain|[from] ability: Psychic Surge|[of] p2a: Indeedee\n|turn|18\n|c|\u2606The Ice Age Master|That's a cool background\n|inactive|mitsuri19 has 120 seconds left.\n|inactive|The Ice Age Master has 120 seconds left.\n|\n|t:|1698294916\n|switch|p1b: luna|Cresselia, F|30\/100\n|-damage|p1b: luna|17\/100|[from] Stealth Rock\n|-enditem|p1b: luna|Iapapa Berry|[eat]\n|-heal|p1b: luna|51\/100|[from] item: Iapapa Berry\n|move|p2a: Indeedee|Ally Switch|p2a: Indeedee\n|swap|p2a: Indeedee|1|[from] move: Ally Switch\n|move|p2a: Hatterene|Draining Kiss|p1a: ember\n|-damage|p1a: ember|0 fnt\n|faint|p1a: ember\n|\n|-weather|SunnyDay|[upkeep]\n|upkeep\n|inactive|mitsuri19 has 120 seconds left.\n|\n|t:|1698294930\n|switch|p1a: coral|Milotic, F|32\/100 brn\n|-damage|p1a: coral|20\/100 brn|[from] Stealth Rock\n|turn|19\n|c|\u2606mitsuri19|yeah\n|\n|t:|1698294946\n|move|p1a: coral|Protect|p1a: coral\n|-singleturn|p1a: coral|Protect\n|move|p2a: Hatterene|Calm Mind|p2a: Hatterene\n|-boost|p2a: Hatterene|spa|1\n|-boost|p2a: Hatterene|spd|1\n|move|p2b: Indeedee|Calm Mind|p2b: Indeedee\n|-boost|p2b: Indeedee|spa|1\n|-boost|p2b: Indeedee|spd|1\n|move|p1b: luna|Lunar Blessing|p1b: luna|[spread] p1a,p1b\n|-heal|p1a: coral|45\/100 brn\n|-curestatus|p1a: coral|brn|[msg]\n|-heal|p1b: luna|76\/100\n|\n|-weather|SunnyDay|[upkeep]\n|-status|p1a: coral|brn|[from] item: Flame Orb\n|upkeep\n|turn|20\n|\n|t:|1698294970\n|move|p2a: Hatterene|Mystical Fire|p1b: luna\n|-damage|p1b: luna|31\/100\n|-unboost|p1b: luna|spa|1\n|move|p2b: Indeedee|Mystical Fire|p1a: coral\n|-resisted|p1a: coral\n|-crit|p1a: coral\n|-damage|p1a: coral|13\/100 brn\n|-unboost|p1a: coral|spa|1\n|move|p1a: coral|Recover|p1a: coral\n|-heal|p1a: coral|63\/100 brn\n|move|p1b: luna|Ice Beam|p2a: Hatterene\n|-damage|p2a: Hatterene|92\/100\n|\n|-weather|SunnyDay|[upkeep]\n|-damage|p1a: coral|57\/100 brn|[from] brn\n|-fieldend|move: Trick Room\n|upkeep\n|turn|21\n|\n|t:|1698295002\n|move|p1b: luna|Lunar Blessing|p1b: luna|[spread] p1a,p1b\n|-heal|p1a: coral|82\/100 brn\n|-curestatus|p1a: coral|brn|[msg]\n|-heal|p1b: luna|56\/100\n|move|p1a: coral|Hydro Pump|p2a: Hatterene\n|-damage|p2a: Hatterene|81\/100\n|move|p2b: Indeedee|Mystical Fire|p1b: luna\n|-damage|p1b: luna|17\/100\n|-unboost|p1b: luna|spa|1\n|move|p2a: Hatterene|Trick Room|p2a: Hatterene\n|-fieldstart|move: Trick Room|[of] p2a: Hatterene\n|\n|-weather|none\n|-status|p1a: coral|brn|[from] item: Flame Orb\n|upkeep\n|turn|22\n|\n|t:|1698295037\n|move|p1b: luna|Protect|p1b: luna\n|-singleturn|p1b: luna|Protect\n|move|p2a: Hatterene|Mystical Fire|p1a: coral\n|-resisted|p1a: coral\n|-damage|p1a: coral|63\/100 brn\n|-unboost|p1a: coral|spa|1\n|move|p2b: Indeedee|Mystical Fire|p1a: coral\n|-resisted|p1a: coral\n|-damage|p1a: coral|49\/100 brn\n|-unboost|p1a: coral|spa|1\n|move|p1a: coral|Hydro Pump|p2b: Indeedee\n|-damage|p2b: Indeedee|86\/100\n|\n|-damage|p1a: coral|43\/100 brn|[from] brn\n|upkeep\n|turn|23\n|\n|t:|1698295057\n|move|p2a: Hatterene|Mystical Fire|p1a: coral\n|-resisted|p1a: coral\n|-damage|p1a: coral|25\/100 brn\n|-unboost|p1a: coral|spa|1\n|move|p2b: Indeedee|Mystical Fire|p1b: luna\n|-damage|p1b: luna|0 fnt\n|faint|p1b: luna\n|move|p1a: coral|Recover|p1a: coral\n|-heal|p1a: coral|75\/100 brn\n|\n|-damage|p1a: coral|69\/100 brn|[from] brn\n|upkeep\n|turn|24\n|\n|t:|1698295072\n|move|p2a: Hatterene|Calm Mind|p2a: Hatterene\n|-boost|p2a: Hatterene|spa|1\n|-boost|p2a: Hatterene|spd|1\n|move|p2b: Indeedee|Calm Mind|p2b: Indeedee\n|-boost|p2b: Indeedee|spa|1\n|-boost|p2b: Indeedee|spd|1\n|move|p1a: coral|Hydro Pump|p2b: Indeedee\n|-damage|p2b: Indeedee|77\/100\n|\n|-damage|p1a: coral|63\/100 brn|[from] brn\n|upkeep\n|turn|25\n|c|\u2606mitsuri19|gg\n|\n|t:|1698295087\n|move|p2a: Hatterene|Draining Kiss|p1a: coral\n|-damage|p1a: coral|14\/100 brn\n|-heal|p2a: Hatterene|100\/100|[from] drain|[of] p1a: coral\n|move|p2b: Indeedee|Mystical Fire|p1a: coral\n|-resisted|p1a: coral\n|-damage|p1a: coral|0 fnt\n|faint|p1a: coral\n|\n|win|The Ice Age Master\n|raw|mitsuri19's rating: 1050 &rarr; <strong>1032<\/strong><br \/>(-18 for losing)\n|raw|The Ice Age Master's rating: 1040 &rarr; <strong>1075<\/strong><br \/>(+35 for winning)\n|c|\u2606The Ice Age Master|GGs\n","uploadtime":1698295102,"views":16,"p1id":"mitsuri19","p2id":"theiceagemaster","formatid":"gen9nationaldexdoubles","rating":1032,"private":0,"password":""}