{"id":"gen9nationaldexdoubles-1965574608","p1":"Sc4rletQu33n","p2":"Denvah_17","format":"[Gen 9] National Dex Doubles","log":"|j|\u2606Sc4rletQu33n\n|j|\u2606Denvah_17\n|t:|1697090475\n|gametype|doubles\n|player|p1|Sc4rletQu33n|cynthia-gen4|1175\n|player|p2|Denvah_17|alder|1445\n|teamsize|p1|6\n|teamsize|p2|6\n|gen|9\n|tier|[Gen 9] National Dex Doubles\n|rated|\n|rule|HP Percentage Mod: HP is shown in percentages\n|rule|Endless Battle Clause: Forcing endless battles is banned\n|rule|OHKO Clause: OHKO moves are banned\n|rule|Evasion Moves Clause: Evasion moves are banned\n|rule|Evasion Abilities Clause: Evasion abilities are banned\n|rule|Species Clause: Limit one of each Pok\u00e9mon\n|rule|Gravity Sleep Clause: The combination of sleep-inducing moves with imperfect accuracy and Gravity or Gigantamax Orbeetle are banned\n|clearpoke\n|poke|p1|Medicham, F|\n|poke|p1|Regigigas|\n|poke|p1|Landorus-Therian, M|\n|poke|p1|Venusaur, F|\n|poke|p1|Incineroar, M|\n|poke|p1|Basculegion-F, F|\n|poke|p2|Sinistcha-Masterpiece|\n|poke|p2|Enamorus, F|\n|poke|p2|Diancie|\n|poke|p2|Okidogi, M|\n|poke|p2|Ursaluna-Bloodmoon, M|\n|poke|p2|Volcanion|\n|teampreview\n|inactive|Battle timer is ON: inactive players will automatically lose when time's up. (requested by Denvah_17)\n|\n|t:|1697090493\n|start\n|switch|p1a: Medicham|Medicham, F|100\/100\n|switch|p1b: Regigigas|Regigigas|100\/100\n|switch|p2a: Rihanna|Diancie, shiny|100\/100\n|switch|p2b: Freddy Fazbear|Ursaluna-Bloodmoon, M|100\/100\n|-start|p1b: Regigigas|ability: Slow Start\n|turn|1\n|\n|t:|1697090501\n|move|p1a: Medicham|Skill Swap|p1b: Regigigas\n|-activate|p1a: Medicham|move: Skill Swap|||[of] p1b: Regigigas\n|-end|p1b: Regigigas|Slow Start|[silent]\n|-start|p1a: Medicham|ability: Slow Start\n|move|p1b: Regigigas|Drain Punch|p2b: Freddy Fazbear\n|-supereffective|p2b: Freddy Fazbear\n|-damage|p2b: Freddy Fazbear|19\/100\n|move|p2b: Freddy Fazbear|Calm Mind|p2b: Freddy Fazbear\n|-boost|p2b: Freddy Fazbear|spa|1\n|-boost|p2b: Freddy Fazbear|spd|1\n|move|p2a: Rihanna|Trick Room|p2a: Rihanna\n|-fieldstart|move: Trick Room|[of] p2a: Rihanna\n|\n|-heal|p2b: Freddy Fazbear|25\/100|[from] item: Leftovers\n|upkeep\n|turn|2\n|\n|t:|1697090514\n|move|p1a: Medicham|Bullet Punch|p2a: Rihanna\n|-supereffective|p2a: Rihanna\n|-damage|p2a: Rihanna|89\/100\n|-enditem|p2a: Rihanna|Weakness Policy\n|-boost|p2a: Rihanna|atk|2|[from] item: Weakness Policy\n|-boost|p2a: Rihanna|spa|2|[from] item: Weakness Policy\n|move|p2a: Rihanna|Diamond Storm|p1b: Regigigas|[spread] p1a,p1b\n|-resisted|p1a: Medicham\n|-damage|p1a: Medicham|50\/100\n|-damage|p1b: Regigigas|54\/100\n|-boost|p2a: Rihanna|def|2\n|move|p2b: Freddy Fazbear|Hyper Voice|p1a: Medicham|[spread] p1a,p1b\n|-damage|p1a: Medicham|0 fnt\n|-damage|p1b: Regigigas|18\/100\n|faint|p1a: Medicham\n|-end|p1a: Medicham|Slow Start|[silent]\n|move|p1b: Regigigas|Earthquake|p2a: Rihanna|[spread] p2a,p2b\n|-supereffective|p2a: Rihanna\n|-damage|p2a: Rihanna|46\/100\n|-damage|p2b: Freddy Fazbear|0 fnt\n|faint|p2b: Freddy Fazbear\n|\n|upkeep\n|\n|t:|1697090539\n|switch|p2b: Saxophone|Volcanion|100\/100\n|switch|p1a: Landorus|Landorus-Therian, M|100\/100\n|-ability|p1a: Landorus|Intimidate|boost\n|-fail|p2a: Rihanna|unboost|[from] ability: Clear Body|[of] p2a: Rihanna\n|-unboost|p2b: Saxophone|atk|1\n|turn|3\n|\n|t:|1697090547\n|move|p2a: Rihanna|Diamond Storm|p1a: Landorus|[spread] p1a,p1b\n|-damage|p1a: Landorus|44\/100\n|-damage|p1b: Regigigas|0 fnt\n|faint|p1b: Regigigas\n|move|p2b: Saxophone|Steam Eruption|p1a: Landorus\n|-supereffective|p1a: Landorus\n|-damage|p1a: Landorus|0 fnt\n|faint|p1a: Landorus\n|\n|upkeep\n|\n|t:|1697090557\n|switch|p1a: Venusaur|Venusaur, F|100\/100\n|switch|p1b: Incineroar|Incineroar, M|100\/100\n|-ability|p1b: Incineroar|Intimidate|boost\n|-fail|p2a: Rihanna|unboost|[from] ability: Clear Body|[of] p2a: Rihanna\n|-unboost|p2b: Saxophone|atk|1\n|turn|4\n|\n|t:|1697090571\n|detailschange|p1a: Venusaur|Venusaur-Mega, F\n|-mega|p1a: Venusaur|Venusaur|Venusaurite\n|move|p2a: Rihanna|Diamond Storm|p1b: Incineroar|[spread] p1a,p1b\n|-supereffective|p1b: Incineroar\n|-damage|p1a: Venusaur|51\/100\n|-damage|p1b: Incineroar|0 fnt\n|-boost|p2a: Rihanna|def|2\n|faint|p1b: Incineroar\n|move|p2b: Saxophone|Heat Wave|p1a: Venusaur|[miss]\n|-miss|p2b: Saxophone|p1a: Venusaur\n|move|p1a: Venusaur|Earth Power|p2a: Rihanna\n|-supereffective|p2a: Rihanna\n|-damage|p2a: Rihanna|4\/100\n|\n|upkeep\n|\n|t:|1697090585\n|switch|p1b: Basculegion|Basculegion-F, F|100\/100\n|turn|5\n|\n|t:|1697090604\n|move|p2a: Rihanna|Diamond Storm|p1a: Venusaur|[spread] p1a,p1b\n|-damage|p1a: Venusaur|1\/100\n|-damage|p1b: Basculegion|32\/100\n|-boost|p2a: Rihanna|def|2\n|move|p2b: Saxophone|Heat Wave|p1a: Venusaur|[spread] p1a,p1b\n|-supereffective|p1a: Venusaur\n|-crit|p1a: Venusaur\n|-resisted|p1b: Basculegion\n|-damage|p1a: Venusaur|0 fnt\n|-damage|p1b: Basculegion|7\/100\n|faint|p1a: Venusaur\n|move|p1b: Basculegion|Last Respects|p2b: Saxophone\n|-damage|p2b: Saxophone|0 fnt\n|faint|p2b: Saxophone\n|\n|-fieldend|move: Trick Room\n|upkeep\n|\n|t:|1697090621\n|switch|p2b: Sonria|Enamorus, F|100\/100\n|turn|6\n|\n|t:|1697090628\n|move|p1b: Basculegion|Last Respects|p2b: Sonria\n|-damage|p2b: Sonria|0 fnt\n|faint|p2b: Sonria\n|move|p2a: Rihanna|Diamond Storm|p1b: Basculegion\n|-damage|p1b: Basculegion|0 fnt\n|faint|p1b: Basculegion\n|\n|win|Denvah_17\n|raw|Sc4rletQu33n's rating: 1175 &rarr; <strong>1166<\/strong><br \/>(-9 for losing)\n|raw|Denvah_17's rating: 1445 &rarr; <strong>1452<\/strong><br \/>(+7 for winning)\n|c|\u2606Sc4rletQu33n|Gg\n|c|\u2606Denvah_17|GG\n","uploadtime":1697090650,"views":8,"p1id":"sc4rletqu33n","p2id":"denvah17","formatid":"gen9nationaldexdoubles","rating":1166,"private":0,"password":""}