{"id":"gen9nationaldexdoubles-1973748912","p1":"trolljesus","p2":"kadeo_189","format":"[Gen 9] National Dex Doubles","log":"|j|\u2606trolljesus\n|j|\u2606kadeo_189\n|t:|1698009498\n|gametype|doubles\n|player|p1|trolljesus|266|1000\n|player|p2|kadeo_189|roxie|1199\n|teamsize|p1|6\n|teamsize|p2|6\n|gen|9\n|tier|[Gen 9] National Dex Doubles\n|rated|\n|rule|HP Percentage Mod: HP is shown in percentages\n|rule|Endless Battle Clause: Forcing endless battles is banned\n|rule|OHKO Clause: OHKO moves are banned\n|rule|Evasion Moves Clause: Evasion moves are banned\n|rule|Evasion Abilities Clause: Evasion abilities are banned\n|rule|Species Clause: Limit one of each Pok\u00e9mon\n|rule|Gravity Sleep Clause: The combination of sleep-inducing moves with imperfect accuracy and Gravity or Gigantamax Orbeetle are banned\n|clearpoke\n|poke|p1|Croagunk, F|\n|poke|p1|Zorua, F|\n|poke|p1|Greedent, F|\n|poke|p1|Nosepass, F|\n|poke|p1|Blitzle, M|\n|poke|p1|Sobble, M|\n|poke|p2|Spinda, M|\n|poke|p2|Victini|\n|poke|p2|Tornadus, M|\n|poke|p2|Gardevoir, M|\n|poke|p2|Illumise, F|\n|poke|p2|Klefki, M|\n|teampreview\n|\n|t:|1698009520\n|start\n|switch|p1a: Sobble|Sobble, M|100\/100\n|switch|p1b: Greedent|Greedent, F|100\/100\n|switch|p2a: Spinda|Spinda, M|100\/100\n|switch|p2b: Victini|Victini|100\/100\n|turn|1\n|\n|t:|1698009551\n|move|p1a: Sobble|Sucker Punch||[still]\n|-fail|p1a: Sobble\n|move|p2a: Spinda|Skill Swap|p2b: Victini\n|-activate|p2a: Spinda|move: Skill Swap|||[of] p2b: Victini\n|move|p2b: Victini|V-create|p1b: Greedent\n|-damage|p1b: Greedent|49\/100\n|-boost|p2b: Victini|spe|1\n|-boost|p2b: Victini|def|1\n|-boost|p2b: Victini|spd|1\n|-enditem|p1b: Greedent|Sitrus Berry|[eat]\n|-heal|p1b: Greedent|74\/100|[from] item: Sitrus Berry\n|-heal|p1b: Greedent|100\/100|[from] ability: Cheek Pouch\n|move|p1b: Greedent|Belly Drum|p1b: Greedent\n|-damage|p1b: Greedent|50\/100\n|-setboost|p1b: Greedent|atk|6|[from] move: Belly Drum\n|\n|upkeep\n|turn|2\n|\n|t:|1698009578\n|move|p2b: Victini|V-create|p1b: Greedent\n|-damage|p1b: Greedent|2\/100\n|-boost|p2b: Victini|spe|1\n|-boost|p2b: Victini|def|1\n|-boost|p2b: Victini|spd|1\n|move|p2a: Spinda|Hypnosis|p1b: Greedent\n|-status|p1b: Greedent|slp|[from] move: Hypnosis\n|move|p1a: Sobble|Foul Play|p2b: Victini\n|-supereffective|p2b: Victini\n|-damage|p2b: Victini|68\/100\n|cant|p1b: Greedent|slp\n|\n|-heal|p2b: Victini|74\/100|[from] item: Leftovers\n|upkeep\n|turn|3\n|\n|t:|1698009600\n|switch|p1b: Croagunk|Croagunk, F|100\/100\n|-terastallize|p2b: Victini|Water\n|move|p1a: Sobble|Sucker Punch|p2b: Victini\n|-damage|p2b: Victini|66\/100\n|move|p2b: Victini|V-create|p1b: Croagunk\n|-damage|p1b: Croagunk|0 fnt\n|-boost|p2b: Victini|spe|1\n|-boost|p2b: Victini|def|1\n|-boost|p2b: Victini|spd|1\n|faint|p1b: Croagunk\n|move|p2a: Spinda|Disable|p1a: Sobble\n|-start|p1a: Sobble|Disable|Sucker Punch\n|\n|-heal|p2b: Victini|72\/100|[from] item: Leftovers\n|upkeep\n|\n|t:|1698009625\n|switch|p1b: Blitzle|Blitzle, M|100\/100\n|turn|4\n|\n|t:|1698009640\n|move|p2b: Victini|V-create|p1b: Blitzle\n|-damage|p1b: Blitzle|0 fnt\n|-boost|p2b: Victini|spe|1\n|-boost|p2b: Victini|def|1\n|-boost|p2b: Victini|spd|1\n|faint|p1b: Blitzle\n|move|p2a: Spinda|Hypnosis|p1a: Sobble\n|-status|p1a: Sobble|slp|[from] move: Hypnosis\n|cant|p1a: Sobble|slp\n|\n|-heal|p2b: Victini|78\/100|[from] item: Leftovers\n|upkeep\n|\n|t:|1698009652\n|switch|p1b: Sobble|Sobble, M|100\/100\n|turn|5\n|\n|t:|1698009664\n|move|p2a: Spinda|Helping Hand|p2b: Victini\n|-singleturn|p2b: Victini|Helping Hand|[of] p2a: Spinda\n|move|p2b: Victini|V-create|p1b: Sobble\n|-resisted|p1b: Sobble\n|-damage|p1b: Sobble|0 fnt\n|-boost|p2b: Victini|spe|1\n|-boost|p2b: Victini|def|1\n|-boost|p2b: Victini|spd|1\n|faint|p1b: Sobble\n|cant|p1a: Sobble|slp\n|\n|-heal|p2b: Victini|84\/100|[from] item: Leftovers\n|upkeep\n|\n|t:|1698009681\n|switch|p1b: Nosepass|Nosepass, F, shiny|100\/100\n|turn|6\n|\n|t:|1698009704\n|move|p2a: Spinda|Helping Hand|p2b: Victini\n|-singleturn|p2b: Victini|Helping Hand|[of] p2a: Spinda\n|move|p2b: Victini|V-create|p1b: Nosepass\n|-resisted|p1b: Nosepass\n|-damage|p1b: Nosepass|78\/100\n|-boost|p2b: Victini|spe|1\n|-boost|p2b: Victini|def|1\n|-boost|p2b: Victini|spd|1\n|move|p1b: Nosepass|Stealth Rock|p2a: Spinda\n|-sidestart|p2: kadeo_189|move: Stealth Rock\n|-curestatus|p1a: Sobble|slp|[msg]\n|move|p1a: Sobble|Roar|p2b: Victini\n|drag|p2b: Illumise|Illumise, F|100\/100\n|-damage|p2b: Illumise|76\/100|[from] Stealth Rock\n|\n|upkeep\n|turn|7\n|-message|kadeo_189 forfeited.\n|\n|win|trolljesus\n|raw|trolljesus's rating: 1000 &rarr; <strong>1061<\/strong><br \/>(+61 for winning)\n|raw|kadeo_189's rating: 1199 &rarr; <strong>1161<\/strong><br \/>(-38 for losing)\n|l|\u2606kadeo_189\n","uploadtime":1698009750,"views":10,"p1id":"trolljesus","p2id":"kadeo189","formatid":"gen9nationaldexdoubles","rating":1061,"private":0,"password":""}