{"id":"gen9nationaldexdoubles-1993038629","p1":"xephos223","p2":"Vican259","format":"[Gen 9] National Dex Doubles","log":"|j|\u2606xephos223\n|j|\u2606Vican259\n|t:|1700258025\n|gametype|doubles\n|player|p1|xephos223|gambler|\n|player|p2|Vican259|iris-gen5bw2|\n|teamsize|p1|6\n|teamsize|p2|6\n|gen|9\n|tier|[Gen 9] National Dex Doubles\n|rule|HP Percentage Mod: HP is shown in percentages\n|rule|Endless Battle Clause: Forcing endless battles is banned\n|rule|OHKO Clause: OHKO moves are banned\n|rule|Evasion Moves Clause: Evasion moves are banned\n|rule|Evasion Abilities Clause: Evasion abilities are banned\n|rule|Species Clause: Limit one of each Pok\u00e9mon\n|rule|Gravity Sleep Clause: The combination of sleep-inducing moves with imperfect accuracy and Gravity or Gigantamax Orbeetle are banned\n|clearpoke\n|poke|p1|Gallade, M|\n|poke|p1|Garchomp, F|\n|poke|p1|Magnezone|\n|poke|p1|Gastrodon, M|\n|poke|p1|Togekiss, M|\n|poke|p1|Lucario, M|\n|poke|p2|Stakataka|\n|poke|p2|Araquanid, M|\n|poke|p2|Buzzwole|\n|poke|p2|Guzzlord|\n|poke|p2|Blacephalon|\n|poke|p2|Celesteela|\n|teampreview\n|\n|t:|1700258044\n|start\n|switch|p1a: OU|Garchomp, F|100\/100\n|switch|p1b: :)|Togekiss, M|100\/100\n|switch|p2a: Stakataka|Stakataka|100\/100\n|switch|p2b: Araquanid|Araquanid, M|100\/100\n|turn|1\n|\n|t:|1700258080\n|-terastallize|p2a: Stakataka|Flying\n|move|p1a: OU|Earthquake|p2a: Stakataka|[spread] p2b\n|-immune|p1b: :)\n|-immune|p2a: Stakataka\n|-resisted|p2b: Araquanid\n|-damage|p2b: Araquanid|83\/100\n|move|p1b: :)|Air Slash|p2b: Araquanid\n|-supereffective|p2b: Araquanid\n|-damage|p2b: Araquanid|15\/100\n|-enditem|p2b: Araquanid|Figy Berry|[eat]\n|-heal|p2b: Araquanid|48\/100|[from] item: Figy Berry\n|move|p2b: Araquanid|Sticky Web|p1b: :)\n|-sidestart|p1: xephos223|move: Sticky Web\n|move|p2a: Stakataka|Trick Room|p2a: Stakataka\n|-fieldstart|move: Trick Room|[of] p2a: Stakataka\n|\n|upkeep\n|turn|2\n|\n|t:|1700258104\n|move|p2b: Araquanid|Protect|p2b: Araquanid\n|-singleturn|p2b: Araquanid|Protect\n|move|p2a: Stakataka|Body Press|p1a: OU\n|-damage|p1a: OU|63\/100\n|-damage|p2a: Stakataka|88\/100|[from] ability: Rough Skin|[of] p1a: OU\n|move|p1b: :)|Air Slash|p2b: Araquanid\n|-activate|p2b: Araquanid|move: Protect\n|move|p1a: OU|Swords Dance|p1a: OU\n|-boost|p1a: OU|atk|2\n|\n|-heal|p2a: Stakataka|94\/100|[from] item: Leftovers\n|upkeep\n|turn|3\n|\n|t:|1700258126\n|switch|p2b: Celesteela|Celesteela|100\/100\n|move|p2a: Stakataka|Gyro Ball|p1a: OU\n|-damage|p1a: OU|0 fnt\n|-damage|p2a: Stakataka|82\/100|[from] ability: Rough Skin|[of] p1a: OU\n|faint|p1a: OU\n|-ability|p2a: Stakataka|Beast Boost|boost\n|-boost|p2a: Stakataka|def|1\n|move|p1b: :)|Air Slash|p2b: Celesteela\n|-resisted|p2b: Celesteela\n|-damage|p2b: Celesteela|88\/100\n|\n|-heal|p2a: Stakataka|88\/100|[from] item: Leftovers\n|-heal|p2b: Celesteela|94\/100|[from] item: Leftovers\n|upkeep\n|\n|t:|1700258148\n|switch|p1a: Budget Swampert|Gastrodon, M|100\/100\n|-activate|p1a: Budget Swampert|move: Sticky Web\n|-unboost|p1a: Budget Swampert|spe|1\n|turn|4\n|\n|t:|1700258191\n|move|p2a: Stakataka|Gyro Ball|p1b: :)\n|-supereffective|p1b: :)\n|-damage|p1b: :)|0 fnt\n|faint|p1b: :)\n|-ability|p2a: Stakataka|Beast Boost|boost\n|-boost|p2a: Stakataka|def|1\n|move|p1a: Budget Swampert|Ice Beam|p2a: Stakataka\n|-supereffective|p2a: Stakataka\n|-damage|p2a: Stakataka|42\/100\n|move|p2b: Celesteela|Leech Seed|p1a: Budget Swampert\n|-start|p1a: Budget Swampert|move: Leech Seed\n|\n|-heal|p2a: Stakataka|48\/100|[from] item: Leftovers\n|-heal|p2b: Celesteela|99\/100|[from] item: Leftovers\n|-damage|p1a: Budget Swampert|88\/100|[from] Leech Seed|[of] p2b: Celesteela\n|-heal|p2b: Celesteela|100\/100|[silent]\n|upkeep\n|\n|t:|1700258205\n|switch|p1b: Beep Boop|Magnezone|100\/100\n|-activate|p1b: Beep Boop|move: Sticky Web\n|-unboost|p1b: Beep Boop|spe|1\n|turn|5\n|\n|t:|1700258231\n|move|p2a: Stakataka|Body Press|p1b: Beep Boop\n|-supereffective|p1b: Beep Boop\n|-crit|p1b: Beep Boop\n|-ability|p1b: Beep Boop|Sturdy\n|-damage|p1b: Beep Boop|1\/100\n|-damage|p2a: Stakataka|31\/100|[from] item: Rocky Helmet|[of] p1b: Beep Boop\n|move|p1a: Budget Swampert|Ice Beam|p2a: Stakataka\n|-supereffective|p2a: Stakataka\n|-damage|p2a: Stakataka|0 fnt\n|faint|p2a: Stakataka\n|move|p1b: Beep Boop|Discharge|p2b: Celesteela|[spread] p2b\n|-immune|p1a: Budget Swampert\n|-supereffective|p2b: Celesteela\n|-damage|p2b: Celesteela|51\/100\n|move|p2b: Celesteela|Flamethrower|p1b: Beep Boop\n|-supereffective|p1b: Beep Boop\n|-damage|p1b: Beep Boop|0 fnt\n|faint|p1b: Beep Boop\n|-ability|p2b: Celesteela|Beast Boost|boost\n|-boost|p2b: Celesteela|spd|1\n|\n|-heal|p1a: Budget Swampert|94\/100|[from] item: Leftovers\n|-heal|p2b: Celesteela|57\/100|[from] item: Leftovers\n|-damage|p1a: Budget Swampert|82\/100|[from] Leech Seed|[of] p2b: Celesteela\n|-heal|p2b: Celesteela|70\/100|[silent]\n|-fieldend|move: Trick Room\n|upkeep\n|\n|t:|1700258268\n|switch|p1b: My Boy|Gallade, M|100\/100\n|switch|p2a: Buzzwole|Buzzwole|100\/100\n|-activate|p1b: My Boy|move: Sticky Web\n|-unboost|p1b: My Boy|spe|1\n|turn|6\n|\n|t:|1700258304\n|move|p1b: My Boy|Sacred Sword|p2b: Celesteela\n|-damage|p2b: Celesteela|11\/100\n|move|p2a: Buzzwole|Earthquake|p1a: Budget Swampert|[spread] p1a,p1b\n|-immune|p2b: Celesteela\n|-damage|p1a: Budget Swampert|57\/100\n|-damage|p1b: My Boy|57\/100\n|move|p2b: Celesteela|Flamethrower|p1b: My Boy\n|-damage|p1b: My Boy|33\/100\n|move|p1a: Budget Swampert|Ice Beam|p2b: Celesteela\n|-damage|p2b: Celesteela|0 fnt\n|faint|p2b: Celesteela\n|\n|-heal|p1a: Budget Swampert|63\/100|[from] item: Leftovers\n|upkeep\n|\n|t:|1700258330\n|switch|p2b: Araquanid|Araquanid, M|48\/100\n|turn|7\n|\n|t:|1700258356\n|move|p2b: Araquanid|Protect|p2b: Araquanid\n|-singleturn|p2b: Araquanid|Protect\n|move|p1b: My Boy|Sacred Sword|p2b: Araquanid\n|-activate|p2b: Araquanid|move: Protect\n|move|p2a: Buzzwole|Earthquake|p1b: My Boy|[spread] p1a,p1b\n|-activate|p2b: Araquanid|move: Protect\n|-damage|p1a: Budget Swampert|39\/100\n|-damage|p1b: My Boy|0 fnt\n|faint|p1b: My Boy\n|-ability|p2a: Buzzwole|Beast Boost|boost\n|-boost|p2a: Buzzwole|def|1\n|move|p1a: Budget Swampert|Stealth Rock|p2a: Buzzwole\n|-sidestart|p2: Vican259|move: Stealth Rock\n|\n|-heal|p1a: Budget Swampert|45\/100|[from] item: Leftovers\n|-damage|p1a: Budget Swampert|33\/100|[from] Leech Seed|[of] p2b: Araquanid\n|-heal|p2b: Araquanid|64\/100|[silent]\n|upkeep\n|\n|t:|1700258371\n|switch|p1b: Not a Mega|Lucario, M|100\/100\n|-activate|p1b: Not a Mega|move: Sticky Web\n|-unboost|p1b: Not a Mega|spe|1\n|turn|8\n|\n|t:|1700258400\n|detailschange|p1b: Not a Mega|Lucario-Mega, M\n|-mega|p1b: Not a Mega|Lucario|Lucarionite\n|move|p1b: Not a Mega|Meteor Mash|p2b: Araquanid\n|-resisted|p2b: Araquanid\n|-damage|p2b: Araquanid|32\/100\n|move|p2a: Buzzwole|Hammer Arm|p1b: Not a Mega\n|-supereffective|p1b: Not a Mega\n|-damage|p1b: Not a Mega|0 fnt\n|-unboost|p2a: Buzzwole|spe|1\n|faint|p1b: Not a Mega\n|-ability|p2a: Buzzwole|Beast Boost|boost\n|-boost|p2a: Buzzwole|def|1\n|move|p2b: Araquanid|Bug Bite|p1a: Budget Swampert\n|-damage|p1a: Budget Swampert|9\/100\n|move|p1a: Budget Swampert|Ice Beam|p2a: Buzzwole\n|-damage|p2a: Buzzwole|66\/100\n|\n|-heal|p2a: Buzzwole|73\/100|[from] item: Leftovers\n|-heal|p1a: Budget Swampert|16\/100|[from] item: Leftovers\n|-damage|p1a: Budget Swampert|3\/100|[from] Leech Seed|[of] p2b: Araquanid\n|-heal|p2b: Araquanid|48\/100|[silent]\n|upkeep\n|turn|9\n|\n|t:|1700258421\n|move|p2b: Araquanid|Protect|p2b: Araquanid\n|-singleturn|p2b: Araquanid|Protect\n|move|p2a: Buzzwole|Earthquake|p1a: Budget Swampert|[spread] p1a\n|-activate|p2b: Araquanid|move: Protect\n|-damage|p1a: Budget Swampert|0 fnt\n|faint|p1a: Budget Swampert\n|\n|win|Vican259\n","uploadtime":1700258432,"views":9,"p1id":"xephos223","p2id":"vican259","formatid":"gen9nationaldexdoubles","rating":0,"private":0,"password":""}