{"id":"gen9nationaldexdoubles-1995744743","p1":"PkMnTrainerChud","p2":"BbyMoon \u2661\ufe0e","format":"[Gen 9] National Dex Doubles","log":"|j|\u2606PkMnTrainerChud\n|j|\u2606BbyMoon \u2661\ufe0e\n|t:|1700599155\n|gametype|doubles\n|player|p1|PkMnTrainerChud|pokemonbreeder-gen4|1000\n|player|p2|BbyMoon \u2661\ufe0e|jupiter|1013\n|teamsize|p1|6\n|teamsize|p2|6\n|gen|9\n|tier|[Gen 9] National Dex Doubles\n|rated|\n|rule|HP Percentage Mod: HP is shown in percentages\n|rule|Endless Battle Clause: Forcing endless battles is banned\n|rule|OHKO Clause: OHKO moves are banned\n|rule|Evasion Moves Clause: Evasion moves are banned\n|rule|Evasion Abilities Clause: Evasion abilities are banned\n|rule|Species Clause: Limit one of each Pok\u00e9mon\n|rule|Gravity Sleep Clause: The combination of sleep-inducing moves with imperfect accuracy and Gravity or Gigantamax Orbeetle are banned\n|clearpoke\n|poke|p1|Incineroar, M|\n|poke|p1|Rillaboom, M|\n|poke|p1|Rotom-Wash|\n|poke|p1|Kingambit, M|\n|poke|p1|Sylveon, F|\n|poke|p1|Dragonite, F|\n|poke|p2|Medicham, F|\n|poke|p2|Jynx, F|\n|poke|p2|Grimmsnarl, M|\n|poke|p2|Dragapult, F|\n|poke|p2|Dragonite, F|\n|poke|p2|Cresselia, F|\n|teampreview\n|\n|t:|1700599169\n|start\n|switch|p1a: Incineroar|Incineroar, M|100\/100\n|switch|p1b: Rillaboom|Rillaboom, M|100\/100\n|switch|p2a: Medicham|Medicham, F|100\/100\n|switch|p2b: Dragonite|Dragonite, F|100\/100\n|-fieldstart|move: Grassy Terrain|[from] ability: Grassy Surge|[of] p1b: Rillaboom\n|-ability|p1a: Incineroar|Intimidate|boost\n|-unboost|p2a: Medicham|atk|1\n|-unboost|p2b: Dragonite|atk|1\n|turn|1\n|\n|t:|1700599212\n|switch|p2a: Grimmsnarl|Grimmsnarl, M|100\/100\n|move|p1b: Rillaboom|Fake Out|p2b: Dragonite\n|-damage|p2b: Dragonite|92\/100\n|cant|p2b: Dragonite|flinch\n|move|p1a: Incineroar|Parting Shot|p2b: Dragonite\n|-unboost|p2b: Dragonite|atk|1\n|-unboost|p2b: Dragonite|spa|1\n|\n|t:|1700599227\n|switch|p1a: Sylveon|Sylveon, F|100\/100|[from] Parting Shot\n|\n|upkeep\n|turn|2\n|\n|t:|1700599262\n|switch|p2b: Cresselia|Cresselia, F|100\/100\n|move|p2a: Grimmsnarl|Torment|p1a: Sylveon\n|-start|p1a: Sylveon|Torment\n|move|p1b: Rillaboom|High Horsepower|p2a: Grimmsnarl\n|-damage|p2a: Grimmsnarl|64\/100\n|move|p1a: Sylveon|Hyper Voice|p2a: Grimmsnarl|[spread] p2a,p2b\n|-supereffective|p2a: Grimmsnarl\n|-damage|p2a: Grimmsnarl|0 fnt\n|-damage|p2b: Cresselia|75\/100\n|faint|p2a: Grimmsnarl\n|-enditem|p1a: Sylveon|Throat Spray\n|-boost|p1a: Sylveon|spa|1|[from] item: Throat Spray\n|\n|-heal|p2b: Cresselia|81\/100|[from] item: Leftovers\n|upkeep\n|\n|t:|1700599288\n|switch|p2a: Dragapult|Dragapult, F|100\/100\n|turn|3\n|\n|t:|1700599303\n|move|p2a: Dragapult|Phantom Force||[still]\n|-prepare|p2a: Dragapult|Phantom Force\n|move|p1b: Rillaboom|U-turn|p2b: Cresselia\n|-supereffective|p2b: Cresselia\n|-crit|p2b: Cresselia\n|-damage|p2b: Cresselia|32\/100\n|\n|t:|1700599310\n|switch|p1b: Kingambit|Kingambit, M|100\/100|[from] U-turn\n|move|p2b: Cresselia|Toxic|p1a: Sylveon\n|-status|p1a: Sylveon|tox\n|move|p1a: Sylveon|Tera Blast|p2a: Dragapult|[miss]\n|-miss|p1a: Sylveon|p2a: Dragapult\n|\n|-heal|p2b: Cresselia|38\/100|[from] item: Leftovers\n|-damage|p1a: Sylveon|94\/100 tox|[from] psn\n|upkeep\n|turn|4\n|\n|t:|1700599348\n|switch|p2b: Medicham|Medicham, F|100\/100\n|move|p2a: Dragapult|Phantom Force|p1a: Sylveon|[from]lockedmove\n|-damage|p1a: Sylveon|23\/100 tox\n|-damage|p2a: Dragapult|91\/100|[from] item: Life Orb\n|move|p1a: Sylveon|Hyper Voice|p2a: Dragapult|[spread] p2a,p2b\n|-supereffective|p2a: Dragapult\n|-supereffective|p2b: Medicham\n|-damage|p2a: Dragapult|0 fnt\n|-damage|p2b: Medicham|0 fnt\n|faint|p2a: Dragapult\n|faint|p2b: Medicham\n|move|p1b: Kingambit|Swords Dance|p1b: Kingambit\n|-boost|p1b: Kingambit|atk|2\n|\n|-heal|p1a: Sylveon|29\/100 tox|[from] Grassy Terrain\n|-damage|p1a: Sylveon|17\/100 tox|[from] psn\n|upkeep\n|\n|t:|1700599366\n|switch|p2a: Dragonite|Dragonite, F|92\/100\n|switch|p2b: Jynx|Jynx, F|100\/100\n|turn|5\n|\n|t:|1700599387\n|move|p2b: Jynx|Fake Out|p1b: Kingambit\n|-resisted|p1b: Kingambit\n|-damage|p1b: Kingambit|98\/100\n|move|p2a: Dragonite|Extreme Speed|p1a: Sylveon\n|-damage|p1a: Sylveon|0 fnt\n|faint|p1a: Sylveon\n|cant|p1b: Kingambit|flinch\n|\n|-heal|p1b: Kingambit|100\/100|[from] Grassy Terrain\n|-fieldend|move: Grassy Terrain\n|upkeep\n|\n|t:|1700599416\n|switch|p1a: Dragonite|Dragonite, F|100\/100\n|turn|6\n|\n|t:|1700599434\n|-terastallize|p1a: Dragonite|Normal\n|move|p2a: Dragonite|Extreme Speed|p1a: Dragonite\n|-damage|p1a: Dragonite|76\/100\n|move|p1a: Dragonite|Extreme Speed|p2a: Dragonite\n|-damage|p2a: Dragonite|14\/100\n|move|p1b: Kingambit|Sucker Punch|p2b: Jynx\n|-supereffective|p2b: Jynx\n|-damage|p2b: Jynx|0 fnt\n|faint|p2b: Jynx\n|\n|upkeep\n|-message|BbyMoon \u2661\ufe0e forfeited.\n|\n|win|PkMnTrainerChud\n|raw|PkMnTrainerChud's rating: 1000 &rarr; <strong>1041<\/strong><br \/>(+41 for winning)\n|raw|BbyMoon \u2661\ufe0e's rating: 1013 &rarr; <strong>1001<\/strong><br \/>(-12 for losing)\n|l|\u2606BbyMoon \u2661\ufe0e\n|c|\u2606PkMnTrainerChud|Gg\n","uploadtime":1700599460,"views":20,"p1id":"pkmntrainerchud","p2id":"bbymoon","formatid":"gen9nationaldexdoubles","rating":1001,"private":0,"password":""}