{"id":"gen9nationaldexdoubles-1994135181","p1":"fumbari 24","p2":"Tunderboltz456","format":"[Gen 9] National Dex Doubles","log":"|j|\u2606fumbari 24\n|j|\u2606Tunderboltz456\n|t:|1700411024\n|gametype|doubles\n|player|p1|fumbari 24|hilbert|1222\n|player|p2|Tunderboltz456|guzma|1312\n|teamsize|p1|6\n|teamsize|p2|6\n|gen|9\n|tier|[Gen 9] National Dex Doubles\n|rated|\n|rule|HP Percentage Mod: HP is shown in percentages\n|rule|Endless Battle Clause: Forcing endless battles is banned\n|rule|OHKO Clause: OHKO moves are banned\n|rule|Evasion Moves Clause: Evasion moves are banned\n|rule|Evasion Abilities Clause: Evasion abilities are banned\n|rule|Species Clause: Limit one of each Pok\u00e9mon\n|rule|Gravity Sleep Clause: The combination of sleep-inducing moves with imperfect accuracy and Gravity or Gigantamax Orbeetle are banned\n|clearpoke\n|poke|p1|Audino, F|\n|poke|p1|Ogerpon-Cornerstone, F|\n|poke|p1|Zoroark, M|\n|poke|p1|Mimikyu, M|\n|poke|p1|Gholdengo|\n|poke|p1|Moltres-Galar|\n|poke|p2|Haxorus, M|\n|poke|p2|Rillaboom, M|\n|poke|p2|Zeraora|\n|poke|p2|Urshifu-*, M|\n|poke|p2|Kyurem-Black|\n|poke|p2|Salamence, M|\n|teampreview\n|inactive|Battle timer is ON: inactive players will automatically lose when time's up. (requested by Tunderboltz456)\n|inactive|fumbari 24 has 120 seconds left.\n|inactive|Tunderboltz456 has 120 seconds left.\n|\n|t:|1700411069\n|start\n|switch|p1a: Mimikyu|Mimikyu, M|100\/100\n|switch|p1b: Gholdengo|Gholdengo|100\/100\n|switch|p2a: Salamence|Salamence, M|100\/100\n|switch|p2b: Zeraora|Zeraora|100\/100\n|-ability|p2a: Salamence|Intimidate|boost\n|-unboost|p1a: Mimikyu|atk|1\n|-unboost|p1b: Gholdengo|atk|1\n|turn|1\n|\n|t:|1700411083\n|detailschange|p2a: Salamence|Salamence-Mega, M\n|-mega|p2a: Salamence|Salamence|Salamencite\n|move|p2b: Zeraora|Plasma Fists|p1a: Mimikyu\n|-activate|p1a: Mimikyu|ability: Disguise\n|-damage|p1a: Mimikyu|100\/100\n|-fieldactivate|move: Ion Deluge\n|-hint|Normal-type moves become Electric-type after using Plasma Fists.\n|detailschange|p1a: Mimikyu|Mimikyu-Busted, M\n|-damage|p1a: Mimikyu|88\/100|[from] pokemon: Mimikyu-Busted\n|move|p2a: Salamence|Hyper Voice|p1a: Mimikyu|[spread] p1a,p1b\n|-damage|p1a: Mimikyu|46\/100\n|-damage|p1b: Gholdengo|22\/100\n|replace|p1b: Zoroark|Zoroark, M\n|-end|p1b: Zoroark|Illusion\n|move|p1b: Zoroark|Knock Off|p2b: Zeraora\n|-damage|p2b: Zeraora|72\/100\n|move|p1a: Mimikyu|Trick Room|p1a: Mimikyu\n|-fieldstart|move: Trick Room|[of] p1a: Mimikyu\n|\n|upkeep\n|turn|2\n|\n|t:|1700411111\n|switch|p1b: Ogerpon|Ogerpon-Cornerstone, F|100\/100\n|-zpower|p1a: Mimikyu\n|move|p1a: Mimikyu|Let's Snuggle Forever|p2a: Salamence|[zeffect]\n|-supereffective|p2a: Salamence\n|-damage|p2a: Salamence|4\/100\n|move|p2a: Salamence|Hyper Voice|p1b: Ogerpon|[spread] p1a,p1b\n|-damage|p1a: Mimikyu|4\/100\n|-damage|p1b: Ogerpon|52\/100\n|move|p2b: Zeraora|Plasma Fists|p1a: Mimikyu\n|-damage|p1a: Mimikyu|0 fnt\n|-fieldactivate|move: Ion Deluge\n|-hint|Normal-type moves become Electric-type after using Plasma Fists.\n|faint|p1a: Mimikyu\n|\n|upkeep\n|inactive|fumbari 24 has 120 seconds left.\n|\n|t:|1700411125\n|switch|p1a: Audino|Audino, F, shiny|100\/100\n|turn|3\n|\n|t:|1700411134\n|detailschange|p1a: Audino|Audino-Mega, F, shiny\n|-mega|p1a: Audino|Audino|Audinite\n|-terastallize|p1b: Ogerpon|Rock\n|detailschange|p1b: Ogerpon|Ogerpon-Cornerstone-Tera, F, tera:Rock\n|-ability|p1b: Ogerpon|Embody Aspect (Cornerstone)|boost\n|-boost|p1b: Ogerpon|def|1\n|move|p1a: Audino|Dazzling Gleam|p2b: Zeraora|[spread] p2a,p2b\n|-supereffective|p2a: Salamence\n|-damage|p2a: Salamence|0 fnt\n|-damage|p2b: Zeraora|50\/100\n|faint|p2a: Salamence\n|move|p1b: Ogerpon|Horn Leech|p2b: Zeraora\n|-damage|p2b: Zeraora|0 fnt\n|-heal|p1b: Ogerpon|77\/100|[from] drain|[of] p2b: Zeraora\n|faint|p2b: Zeraora\n|\n|upkeep\n|\n|t:|1700411145\n|switch|p2a: Rillaboom|Rillaboom, M|100\/100\n|switch|p2b: Kyurem|Kyurem-Black|100\/100\n|-fieldstart|move: Grassy Terrain|[from] ability: Grassy Surge|[of] p2a: Rillaboom\n|-ability|p2b: Kyurem|Teravolt\n|turn|4\n|\n|t:|1700411155\n|move|p2b: Kyurem|Protect|p2b: Kyurem\n|-singleturn|p2b: Kyurem|Protect\n|move|p1b: Ogerpon|Spiky Shield|p1b: Ogerpon\n|-singleturn|p1b: Ogerpon|move: Protect\n|move|p2a: Rillaboom|Grassy Glide|p1b: Ogerpon\n|-activate|p1b: Ogerpon|move: Protect\n|-damage|p2a: Rillaboom|88\/100|[from] Spiky Shield|[of] p1b: Ogerpon\n|move|p1a: Audino|Wish|p1a: Audino\n|\n|-heal|p2a: Rillaboom|94\/100|[from] Grassy Terrain\n|-heal|p1b: Ogerpon|83\/100|[from] Grassy Terrain\n|upkeep\n|turn|5\n|\n|t:|1700411166\n|-terastallize|p2b: Kyurem|Poison\n|move|p1a: Audino|Ally Switch|p1a: Audino\n|swap|p1a: Audino|1|[from] move: Ally Switch\n|move|p2a: Rillaboom|Grassy Glide|p1b: Audino\n|-damage|p1b: Audino|75\/100\n|move|p2b: Kyurem|Dragon Dance|p2b: Kyurem\n|-boost|p2b: Kyurem|atk|1\n|-boost|p2b: Kyurem|spe|1\n|move|p1a: Ogerpon|Ivy Cudgel|null|[notarget]\n|-fail|p1a: Ogerpon\n|\n|-heal|p1a: Ogerpon|100\/100|[from] move: Wish|[wisher] Audino\n|-heal|p1b: Audino|81\/100|[from] Grassy Terrain\n|-heal|p2a: Rillaboom|100\/100|[from] Grassy Terrain\n|-fieldend|move: Trick Room\n|upkeep\n|turn|6\n|\n|t:|1700411191\n|move|p2a: Rillaboom|Grassy Glide|p1a: Ogerpon\n|-supereffective|p1a: Ogerpon\n|-damage|p1a: Ogerpon|45\/100\n|move|p2b: Kyurem|Icicle Spear|p1b: Audino\n|-damage|p1b: Audino|64\/100\n|-crit|p1b: Audino\n|-damage|p1b: Audino|40\/100\n|-damage|p1b: Audino|25\/100\n|-damage|p1b: Audino|10\/100\n|-hitcount|p1b: Audino|4\n|move|p1a: Ogerpon|Ivy Cudgel|p2b: Kyurem|[anim] Ivy Cudgel Rock\n|-crit|p2b: Kyurem\n|-damage|p2b: Kyurem|0 fnt\n|faint|p2b: Kyurem\n|move|p1b: Audino|Flamethrower|p2a: Rillaboom\n|-supereffective|p2a: Rillaboom\n|-damage|p2a: Rillaboom|77\/100\n|\n|-heal|p1a: Ogerpon|51\/100|[from] Grassy Terrain\n|-heal|p2a: Rillaboom|83\/100|[from] Grassy Terrain\n|-heal|p1b: Audino|16\/100|[from] Grassy Terrain\n|upkeep\n|\n|t:|1700411199\n|switch|p2b: Haxorus|Haxorus, M, shiny|100\/100\n|-ability|p2b: Haxorus|Mold Breaker\n|turn|7\n|\n|t:|1700411211\n|move|p1a: Ogerpon|Follow Me|p1a: Ogerpon\n|-singleturn|p1a: Ogerpon|move: Follow Me\n|move|p1b: Audino|Ally Switch|p1b: Audino\n|swap|p1b: Audino|0|[from] move: Ally Switch\n|move|p2a: Rillaboom|Grassy Glide|p1b: Ogerpon\n|-supereffective|p1b: Ogerpon\n|-damage|p1b: Ogerpon|1\/100\n|move|p2b: Haxorus|Iron Head|p1b: Ogerpon\n|-supereffective|p1b: Ogerpon\n|-damage|p1b: Ogerpon|0 fnt\n|faint|p1b: Ogerpon\n|-damage|p2b: Haxorus|91\/100|[from] item: Life Orb\n|\n|-heal|p2b: Haxorus|97\/100|[from] Grassy Terrain\n|-heal|p2a: Rillaboom|89\/100|[from] Grassy Terrain\n|-heal|p1a: Audino|23\/100|[from] Grassy Terrain\n|upkeep\n|\n|t:|1700411219\n|switch|p1b: Moltres|Moltres-Galar|100\/100\n|turn|8\n|\n|t:|1700411244\n|move|p2a: Rillaboom|Grassy Glide|p1a: Audino\n|-damage|p1a: Audino|0 fnt\n|faint|p1a: Audino\n|move|p2b: Haxorus|Dragon Dance|p2b: Haxorus\n|-boost|p2b: Haxorus|atk|1\n|-boost|p2b: Haxorus|spe|1\n|move|p1b: Moltres|Nasty Plot|p1b: Moltres\n|-boost|p1b: Moltres|spa|2\n|\n|-heal|p2b: Haxorus|100\/100|[from] Grassy Terrain\n|-heal|p2a: Rillaboom|95\/100|[from] Grassy Terrain\n|-fieldend|move: Grassy Terrain\n|upkeep\n|\n|t:|1700411252\n|switch|p1a: Gholdengo|Gholdengo|100\/100\n|turn|9\n|\n|t:|1700411272\n|switch|p2a: Urshifu|Urshifu-Rapid-Strike, M|100\/100\n|move|p2b: Haxorus|Outrage|p1a: Gholdengo\n|-resisted|p1a: Gholdengo\n|-damage|p1a: Gholdengo|34\/100\n|-damage|p2b: Haxorus|91\/100|[from] item: Life Orb\n|move|p1b: Moltres|Fiery Wrath|p2a: Urshifu|[spread] p2a,p2b\n|-resisted|p2a: Urshifu\n|-damage|p2a: Urshifu|57\/100\n|-damage|p2b: Haxorus|0 fnt\n|faint|p2b: Haxorus\n|move|p1a: Gholdengo|Make It Rain|p2a: Urshifu\n|-resisted|p2a: Urshifu\n|-damage|p2a: Urshifu|15\/100\n|-unboost|p1a: Gholdengo|spa|1\n|\n|-heal|p1a: Gholdengo|40\/100|[from] item: Leftovers\n|upkeep\n|\n|t:|1700411278\n|switch|p2b: Rillaboom|Rillaboom, M|95\/100\n|-fieldstart|move: Grassy Terrain|[from] ability: Grassy Surge|[of] p2b: Rillaboom\n|turn|10\n|c|\u2606Tunderboltz456|How I love the fucking fact that YOU CANT AIM OUTRAGE\n|\n|t:|1700411303\n|move|p2a: Urshifu|Surging Strikes|p1b: Moltres\n|-crit|p1b: Moltres\n|-damage|p1b: Moltres|78\/100\n|-crit|p1b: Moltres\n|-damage|p1b: Moltres|58\/100\n|-crit|p1b: Moltres\n|-damage|p1b: Moltres|37\/100\n|-enditem|p1b: Moltres|Sitrus Berry|[eat]\n|-heal|p1b: Moltres|62\/100|[from] item: Sitrus Berry\n|-hitcount|p1b: Moltres|3\n|move|p1a: Gholdengo|Make It Rain|p2a: Urshifu|[spread] p2a,p2b\n|-resisted|p2a: Urshifu\n|-damage|p2a: Urshifu|0 fnt\n|-damage|p2b: Rillaboom|74\/100\n|-unboost|p1a: Gholdengo|spa|1\n|faint|p2a: Urshifu\n|move|p1b: Moltres|Fiery Wrath|p2b: Rillaboom\n|-damage|p2b: Rillaboom|15\/100\n|cant|p2b: Rillaboom|flinch\n|\n|-heal|p1a: Gholdengo|47\/100|[from] Grassy Terrain\n|-heal|p1a: Gholdengo|53\/100|[from] item: Leftovers\n|-heal|p2b: Rillaboom|21\/100|[from] Grassy Terrain\n|upkeep\n|turn|11\n|-message|Tunderboltz456 forfeited.\n|\n|win|fumbari 24\n|raw|fumbari 24's rating: 1222 &rarr; <strong>1253<\/strong><br \/>(+31 for winning)\n|raw|Tunderboltz456's rating: 1312 &rarr; <strong>1287<\/strong><br \/>(-25 for losing)\n|l|\u2606Tunderboltz456\n|c|\u2606fumbari 24|Gg\n","uploadtime":1700411329,"views":6,"p1id":"fumbari24","p2id":"tunderboltz456","formatid":"gen9nationaldexdoubles","rating":1253,"private":0,"password":""}