{"id":"gen9nationaldexdoubles-1958826134","p1":"Numa no Kage","p2":"Drakhar_LoveSensei","format":"[Gen 9] National Dex Doubles","log":"|j|\u2606Numa no Kage\n|j|\u2606Drakhar_LoveSensei\n|t:|1696360842\n|gametype|doubles\n|player|p1|Numa no Kage|acetrainer|1195\n|player|p2|Drakhar_LoveSensei|idol|1096\n|teamsize|p1|6\n|teamsize|p2|6\n|gen|9\n|tier|[Gen 9] National Dex Doubles\n|rated|\n|rule|HP Percentage Mod: HP is shown in percentages\n|rule|Endless Battle Clause: Forcing endless battles is banned\n|rule|OHKO Clause: OHKO moves are banned\n|rule|Evasion Moves Clause: Evasion moves are banned\n|rule|Evasion Abilities Clause: Evasion abilities are banned\n|rule|Species Clause: Limit one of each Pok\u00e9mon\n|rule|Gravity Sleep Clause: The combination of sleep-inducing moves with imperfect accuracy and Gravity or Gigantamax Orbeetle are banned\n|clearpoke\n|poke|p1|Tapu Koko|\n|poke|p1|Iron Treads|\n|poke|p1|Aerodactyl, M|\n|poke|p1|Wo-Chien|\n|poke|p1|Kommo-o, F|\n|poke|p1|Murkrow, M|\n|poke|p2|Chesnaught, M|\n|poke|p2|Trevenant, M|\n|poke|p2|Sinistcha-Masterpiece|\n|poke|p2|Dipplin, M|\n|poke|p2|Whimsicott, M|\n|poke|p2|Shiftry, M|\n|teampreview\n|inactive|Battle timer is ON: inactive players will automatically lose when time's up. (requested by Numa no Kage)\n|\n|t:|1696360856\n|start\n|switch|p1a: Kolo Muani|Tapu Koko, shiny|100\/100\n|switch|p1b: Donmenic|Iron Treads, shiny|100\/100\n|switch|p2a: Chesnaught|Chesnaught, M, shiny|100\/100\n|switch|p2b: Trevenant|Trevenant, M, shiny|100\/100\n|-fieldstart|move: Electric Terrain|[from] ability: Electric Surge|[of] p1a: Kolo Muani\n|-activate|p1b: Donmenic|ability: Quark Drive\n|-start|p1b: Donmenic|quarkdriveatk\n|-enditem|p1b: Donmenic|Electric Seed\n|-boost|p1b: Donmenic|def|1|[from] item: Electric Seed\n|turn|1\n|\n|t:|1696360872\n|-terastallize|p2a: Chesnaught|Rock\n|move|p1a: Kolo Muani|Dazzling Gleam|p2a: Chesnaught|[spread] p2a,p2b\n|-damage|p2a: Chesnaught|65\/100\n|-damage|p2b: Trevenant|72\/100\n|move|p1b: Donmenic|Iron Head|p2b: Trevenant\n|-damage|p2b: Trevenant|11\/100\n|-enditem|p2b: Trevenant|Liechi Berry|[eat]\n|-boost|p2b: Trevenant|atk|1|[from] item: Liechi Berry\n|move|p2a: Chesnaught|Belly Drum|p2a: Chesnaught\n|-damage|p2a: Chesnaught|15\/100\n|-setboost|p2a: Chesnaught|atk|6|[from] move: Belly Drum\n|move|p2b: Trevenant|Trick Room|p2b: Trevenant\n|-fieldstart|move: Trick Room|[of] p2b: Trevenant\n|\n|-heal|p2a: Chesnaught|21\/100|[from] item: Leftovers\n|-item|p2b: Trevenant|Liechi Berry|[from] ability: Harvest\n|upkeep\n|-enditem|p2b: Trevenant|Liechi Berry|[eat]\n|-boost|p2b: Trevenant|atk|1|[from] item: Liechi Berry\n|turn|2\n|inactive|Numa no Kage has 120 seconds left.\n|\n|t:|1696360917\n|move|p2a: Chesnaught|Drain Punch|p1b: Donmenic\n|-supereffective|p1b: Donmenic\n|-damage|p1b: Donmenic|0 fnt\n|-heal|p2a: Chesnaught|71\/100|[from] drain|[of] p1b: Donmenic\n|faint|p1b: Donmenic\n|-end|p1b: Donmenic|Quark Drive|[silent]\n|move|p2b: Trevenant|Horn Leech|p1a: Kolo Muani\n|-damage|p1a: Kolo Muani|0 fnt\n|-heal|p2b: Trevenant|48\/100|[from] drain|[of] p1a: Kolo Muani\n|faint|p1a: Kolo Muani\n|\n|-heal|p2a: Chesnaught|77\/100|[from] item: Leftovers\n|upkeep\n|inactive|Numa no Kage has 90 seconds left.\n|\n|t:|1696360952\n|switch|p1b: Bruxa 71|Murkrow, M, shiny|100\/100\n|switch|p1a: Floquinho|Wo-Chien|100\/100\n|-ability|p1a: Floquinho|Tablets of Ruin\n|turn|3\n|inactive|Numa no Kage has 90 seconds left.\n|\n|t:|1696360981\n|move|p1b: Bruxa 71|Sucker Punch||[still]\n|-fail|p1b: Bruxa 71\n|move|p2a: Chesnaught|Rock Slide|p1b: Bruxa 71|[spread] p1a,p1b\n|-supereffective|p1b: Bruxa 71\n|-damage|p1a: Floquinho|19\/100\n|-damage|p1b: Bruxa 71|0 fnt\n|faint|p1b: Bruxa 71\n|move|p2b: Trevenant|Substitute|p2b: Trevenant\n|-start|p2b: Trevenant|Substitute\n|-damage|p2b: Trevenant|24\/100\n|cant|p1a: Floquinho|flinch\n|\n|-heal|p2a: Chesnaught|83\/100|[from] item: Leftovers\n|-item|p2b: Trevenant|Liechi Berry|[from] ability: Harvest\n|upkeep\n|-enditem|p2b: Trevenant|Liechi Berry|[eat]\n|-boost|p2b: Trevenant|atk|1|[from] item: Liechi Berry\n|\n|t:|1696360996\n|switch|p1b: Rock Dragon|Aerodactyl, M|100\/100\n|-ability|p1b: Rock Dragon|Pressure\n|turn|4\n|inactive|Numa no Kage has 90 seconds left.\n|\n|t:|1696361003\n|detailschange|p1b: Rock Dragon|Aerodactyl-Mega, M\n|-mega|p1b: Rock Dragon|Aerodactyl|Aerodactylite\n|move|p2a: Chesnaught|Rock Slide|p1b: Rock Dragon|[spread] p1a,p1b\n|-supereffective|p1b: Rock Dragon\n|-damage|p1a: Floquinho|0 fnt\n|-damage|p1b: Rock Dragon|0 fnt\n|faint|p1a: Floquinho\n|faint|p1b: Rock Dragon\n|move|p2b: Trevenant|Horn Leech|p1: Floquinho|[notarget]\n|-fail|p2b: Trevenant\n|\n|-heal|p2a: Chesnaught|89\/100|[from] item: Leftovers\n|-item|p2b: Trevenant|Liechi Berry|[from] ability: Harvest\n|upkeep\n|-enditem|p2b: Trevenant|Liechi Berry|[eat]\n|-boost|p2b: Trevenant|atk|1|[from] item: Liechi Berry\n|inactive|Numa no Kage has 90 seconds left.\n|\n|t:|1696361009\n|switch|p1b: Komi-san|Kommo-o, F|100\/100\n|turn|5\n|c|\u2606Drakhar_LoveSensei|GG\n|\n|t:|1696361015\n|move|p2a: Chesnaught|Drain Punch|p1b: Komi-san\n|-damage|p1b: Komi-san|0 fnt\n|-heal|p2a: Chesnaught|100\/100|[from] drain|[of] p1b: Komi-san\n|faint|p1b: Komi-san\n|\n|win|Drakhar_LoveSensei\n|raw|Numa no Kage's rating: 1195 &rarr; <strong>1163<\/strong><br \/>(-32 for losing)\n|raw|Drakhar_LoveSensei's rating: 1096 &rarr; <strong>1129<\/strong><br \/>(+33 for winning)\n|c|\u2606Numa no Kage|GG \u00e9 o caralho\n","uploadtime":1696361027,"views":9,"p1id":"numanokage","p2id":"drakharlovesensei","formatid":"gen9nationaldexdoubles","rating":1129,"private":0,"password":""}