{"id":"gen9nationaldexdoubles-1976754062","p1":"Carterc2429","p2":"andretsai0706","format":"[Gen 9] National Dex Doubles","log":"|j|\u2606Carterc2429\n|j|\u2606andretsai0706\n|t:|1698338703\n|gametype|doubles\n|player|p1|Carterc2429|flannery-gen6|1343\n|player|p2|andretsai0706|102|1523\n|teamsize|p1|6\n|teamsize|p2|6\n|gen|9\n|tier|[Gen 9] National Dex Doubles\n|rated|\n|rule|HP Percentage Mod: HP is shown in percentages\n|rule|Endless Battle Clause: Forcing endless battles is banned\n|rule|OHKO Clause: OHKO moves are banned\n|rule|Evasion Moves Clause: Evasion moves are banned\n|rule|Evasion Abilities Clause: Evasion abilities are banned\n|rule|Species Clause: Limit one of each Pok\u00e9mon\n|rule|Gravity Sleep Clause: The combination of sleep-inducing moves with imperfect accuracy and Gravity or Gigantamax Orbeetle are banned\n|clearpoke\n|poke|p1|Iron Bundle|\n|poke|p1|Ninetales-Alola, M|\n|poke|p1|Arcanine, M|\n|poke|p1|Kingambit, M|\n|poke|p1|Flutter Mane|\n|poke|p1|Cresselia, F|\n|poke|p2|Tornadus, M|\n|poke|p2|Chi-Yu|\n|poke|p2|Flutter Mane|\n|poke|p2|Weezing, F|\n|poke|p2|Rillaboom, F|\n|poke|p2|Urshifu-*, F|\n|teampreview\n|\n|t:|1698338719\n|start\n|switch|p1a: Ninetales|Ninetales-Alola, M|100\/100\n|switch|p1b: Iron Bundle|Iron Bundle|100\/100\n|switch|p2a: \u9f8d\u6372\u8ef8|Tornadus, M|100\/100\n|switch|p2b: \u6731\u5c0f\u7389|Chi-Yu|100\/100\n|-weather|Snow|[from] ability: Snow Warning|[of] p1a: Ninetales\n|-ability|p2b: \u6731\u5c0f\u7389|Beads of Ruin\n|-enditem|p1b: Iron Bundle|Booster Energy\n|-activate|p1b: Iron Bundle|ability: Quark Drive|[fromitem]\n|-start|p1b: Iron Bundle|quarkdrivespe\n|turn|1\n|\n|t:|1698338743\n|-terastallize|p1a: Ninetales|Water\n|move|p2a: \u9f8d\u6372\u8ef8|Sunny Day|p2a: \u9f8d\u6372\u8ef8\n|-weather|SunnyDay\n|move|p1b: Iron Bundle|Icy Wind|p2b: \u6731\u5c0f\u7389|[spread] p2a,p2b\n|-supereffective|p2a: \u9f8d\u6372\u8ef8\n|-resisted|p2b: \u6731\u5c0f\u7389\n|-damage|p2a: \u9f8d\u6372\u8ef8|29\/100\n|-damage|p2b: \u6731\u5c0f\u7389|88\/100\n|-unboost|p2a: \u9f8d\u6372\u8ef8|spe|1\n|-unboost|p2b: \u6731\u5c0f\u7389|spe|1\n|move|p1a: Ninetales|Moonblast|p2b: \u6731\u5c0f\u7389\n|-damage|p2b: \u6731\u5c0f\u7389|48\/100\n|-damage|p1a: Ninetales|90\/100|[from] item: Life Orb\n|move|p2b: \u6731\u5c0f\u7389|Heat Wave|p1b: Iron Bundle|[spread] p1a,p1b\n|-resisted|p1a: Ninetales\n|-damage|p1a: Ninetales|38\/100\n|-damage|p1b: Iron Bundle|0 fnt\n|faint|p1b: Iron Bundle\n|-end|p1b: Iron Bundle|Quark Drive|[silent]\n|\n|-weather|SunnyDay|[upkeep]\n|upkeep\n|\n|t:|1698338765\n|switch|p1b: Arcanine|Arcanine, M|100\/100\n|-ability|p1b: Arcanine|Intimidate|boost\n|-unboost|p2a: \u9f8d\u6372\u8ef8|atk|1\n|-unboost|p2b: \u6731\u5c0f\u7389|atk|1\n|turn|2\n|\n|t:|1698338787\n|switch|p2b: \u7329\u91ce\u963f\u594e\u4e9e|Rillaboom, F|100\/100\n|-fieldstart|move: Grassy Terrain|[from] ability: Grassy Surge|[of] p2b: \u7329\u91ce\u963f\u594e\u4e9e\n|move|p2a: \u9f8d\u6372\u8ef8|Protect|p2a: \u9f8d\u6372\u8ef8\n|-singleturn|p2a: \u9f8d\u6372\u8ef8|Protect\n|move|p1b: Arcanine|Extreme Speed|p2b: \u7329\u91ce\u963f\u594e\u4e9e\n|-damage|p2b: \u7329\u91ce\u963f\u594e\u4e9e|82\/100\n|move|p1a: Ninetales|Blizzard|p2b: \u7329\u91ce\u963f\u594e\u4e9e|[spread] \n|-activate|p2a: \u9f8d\u6372\u8ef8|move: Protect\n|-miss|p1a: Ninetales|p2b: \u7329\u91ce\u963f\u594e\u4e9e\n|\n|-weather|SunnyDay|[upkeep]\n|-heal|p1a: Ninetales|44\/100|[from] Grassy Terrain\n|-heal|p2b: \u7329\u91ce\u963f\u594e\u4e9e|88\/100|[from] Grassy Terrain\n|upkeep\n|turn|3\n|\n|t:|1698338813\n|move|p2b: \u7329\u91ce\u963f\u594e\u4e9e|Fake Out|p1b: Arcanine\n|-damage|p1b: Arcanine|88\/100\n|move|p2a: \u9f8d\u6372\u8ef8|Tailwind|p2a: \u9f8d\u6372\u8ef8\n|-sidestart|p2: andretsai0706|move: Tailwind\n|move|p1a: Ninetales|Blizzard|p2b: \u7329\u91ce\u963f\u594e\u4e9e|[spread] p2a,p2b\n|-supereffective|p2a: \u9f8d\u6372\u8ef8\n|-supereffective|p2b: \u7329\u91ce\u963f\u594e\u4e9e\n|-damage|p2a: \u9f8d\u6372\u8ef8|0 fnt\n|-damage|p2b: \u7329\u91ce\u963f\u594e\u4e9e|46\/100\n|faint|p2a: \u9f8d\u6372\u8ef8\n|-damage|p1a: Ninetales|34\/100|[from] item: Life Orb\n|cant|p1b: Arcanine|flinch\n|\n|-weather|SunnyDay|[upkeep]\n|-heal|p2b: \u7329\u91ce\u963f\u594e\u4e9e|52\/100|[from] Grassy Terrain\n|-heal|p1a: Ninetales|40\/100|[from] Grassy Terrain\n|-heal|p1b: Arcanine|94\/100|[from] Grassy Terrain\n|upkeep\n|\n|t:|1698338838\n|switch|p2a: \u6c99\u7df9\u62c9|Flutter Mane|100\/100\n|-activate|p2a: \u6c99\u7df9\u62c9|ability: Protosynthesis\n|-start|p2a: \u6c99\u7df9\u62c9|protosynthesisspa\n|turn|4\n|\n|t:|1698338855\n|move|p2a: \u6c99\u7df9\u62c9|Shadow Ball|p1b: Arcanine\n|-damage|p1b: Arcanine|0 fnt\n|faint|p1b: Arcanine\n|-damage|p2a: \u6c99\u7df9\u62c9|91\/100|[from] item: Life Orb\n|move|p2b: \u7329\u91ce\u963f\u594e\u4e9e|High Horsepower|p1a: Ninetales\n|-damage|p1a: Ninetales|0 fnt\n|faint|p1a: Ninetales\n|\n|-weather|SunnyDay|[upkeep]\n|-heal|p2a: \u6c99\u7df9\u62c9|97\/100|[from] Grassy Terrain\n|-heal|p2b: \u7329\u91ce\u963f\u594e\u4e9e|58\/100|[from] Grassy Terrain\n|upkeep\n|\n|t:|1698338862\n|switch|p1a: Kingambit|Kingambit, M|100\/100\n|switch|p1b: Cresselia|Cresselia, F|100\/100\n|turn|5\n|\n|t:|1698338886\n|switch|p2b: \u6731\u5c0f\u7389|Chi-Yu|48\/100\n|-ability|p2b: \u6731\u5c0f\u7389|Beads of Ruin\n|-terastallize|p2a: \u6c99\u7df9\u62c9|Fairy\n|move|p1b: Cresselia|Ally Switch|p1b: Cresselia\n|swap|p1b: Cresselia|0|[from] move: Ally Switch\n|move|p2a: \u6c99\u7df9\u62c9|Moonblast|p1a: Cresselia\n|-damage|p1a: Cresselia|20\/100\n|-enditem|p1a: Cresselia|Sitrus Berry|[eat]\n|-heal|p1a: Cresselia|45\/100|[from] item: Sitrus Berry\n|-damage|p2a: \u6c99\u7df9\u62c9|87\/100|[from] item: Life Orb\n|move|p1b: Kingambit|Swords Dance|p1b: Kingambit\n|-boost|p1b: Kingambit|atk|2\n|\n|-weather|none\n|-end|p2a: \u6c99\u7df9\u62c9|Protosynthesis\n|-heal|p2a: \u6c99\u7df9\u62c9|93\/100|[from] Grassy Terrain\n|-heal|p2b: \u6731\u5c0f\u7389|54\/100|[from] Grassy Terrain\n|upkeep\n|turn|6\n|\n|t:|1698338930\n|move|p1a: Cresselia|Ally Switch||[still]\n|-fail|p1a: Cresselia\n|move|p1b: Kingambit|Sucker Punch|p2b: \u6731\u5c0f\u7389\n|-resisted|p2b: \u6731\u5c0f\u7389\n|-damage|p2b: \u6731\u5c0f\u7389|0 fnt\n|faint|p2b: \u6731\u5c0f\u7389\n|move|p2a: \u6c99\u7df9\u62c9|Dazzling Gleam|p1a: Cresselia|[spread] p1a,p1b\n|-damage|p1a: Cresselia|18\/100\n|-damage|p1b: Kingambit|42\/100\n|-damage|p2a: \u6c99\u7df9\u62c9|83\/100|[from] item: Life Orb\n|\n|-heal|p2a: \u6c99\u7df9\u62c9|89\/100|[from] Grassy Terrain\n|-heal|p1b: Kingambit|48\/100|[from] Grassy Terrain\n|-heal|p1b: Kingambit|54\/100|[from] item: Leftovers\n|-sideend|p2: andretsai0706|move: Tailwind\n|-fieldend|move: Grassy Terrain\n|upkeep\n|\n|t:|1698338945\n|switch|p2b: \u7329\u91ce\u963f\u594e\u4e9e|Rillaboom, F|58\/100\n|-fieldstart|move: Grassy Terrain|[from] ability: Grassy Surge|[of] p2b: \u7329\u91ce\u963f\u594e\u4e9e\n|turn|7\n|\n|t:|1698338954\n|move|p2b: \u7329\u91ce\u963f\u594e\u4e9e|Fake Out|p1b: Kingambit\n|-resisted|p1b: Kingambit\n|-damage|p1b: Kingambit|49\/100\n|cant|p1b: Kingambit|flinch\n|move|p2a: \u6c99\u7df9\u62c9|Dazzling Gleam|p1a: Cresselia|[spread] p1a,p1b\n|-damage|p1a: Cresselia|0 fnt\n|-damage|p1b: Kingambit|0 fnt\n|faint|p1a: Cresselia\n|faint|p1b: Kingambit\n|-damage|p2a: \u6c99\u7df9\u62c9|79\/100|[from] item: Life Orb\n|\n|-heal|p2a: \u6c99\u7df9\u62c9|85\/100|[from] Grassy Terrain\n|-heal|p2b: \u7329\u91ce\u963f\u594e\u4e9e|64\/100|[from] Grassy Terrain\n|upkeep\n|\n|t:|1698338957\n|switch|p1b: Flutter Mane|Flutter Mane|100\/100\n|turn|8\n|\n|t:|1698338972\n|move|p2b: \u7329\u91ce\u963f\u594e\u4e9e|Grassy Glide|p1b: Flutter Mane\n|-crit|p1b: Flutter Mane\n|-damage|p1b: Flutter Mane|0 fnt\n|faint|p1b: Flutter Mane\n|-end|p1b: Flutter Mane|Protosynthesis|[silent]\n|\n|win|andretsai0706\n|raw|Carterc2429's rating: 1343 &rarr; <strong>1333<\/strong><br \/>(-10 for losing)\n|raw|andretsai0706's rating: 1523 &rarr; <strong>1533<\/strong><br \/>(+10 for winning)\n|l|\u2606Carterc2429\n|l|\u2606andretsai0706\n|j|\u2606andretsai0706\n|player|p2|andretsai0706|102\n","uploadtime":1698339094,"views":13,"p1id":"carterc2429","p2id":"andretsai0706","formatid":"gen9nationaldexdoubles","rating":1333,"private":0,"password":""}