{"id":"gen9nationaldexdoubles-1964749137","p1":"Trietceratops","p2":"yasmachine","format":"[Gen 9] National Dex Doubles","log":"|j|\u2606Trietceratops\n|j|\u2606yasmachine\n|t:|1697002638\n|gametype|doubles\n|player|p1|Trietceratops|leon-masters|1253\n|player|p2|yasmachine|caitlin|1233\n|teamsize|p1|6\n|teamsize|p2|6\n|gen|9\n|tier|[Gen 9] National Dex Doubles\n|rated|\n|rule|HP Percentage Mod: HP is shown in percentages\n|rule|Endless Battle Clause: Forcing endless battles is banned\n|rule|OHKO Clause: OHKO moves are banned\n|rule|Evasion Moves Clause: Evasion moves are banned\n|rule|Evasion Abilities Clause: Evasion abilities are banned\n|rule|Species Clause: Limit one of each Pok\u00e9mon\n|rule|Gravity Sleep Clause: The combination of sleep-inducing moves with imperfect accuracy and Gravity or Gigantamax Orbeetle are banned\n|clearpoke\n|poke|p1|Arctozolt|\n|poke|p1|Ninetales-Alola, F|\n|poke|p1|Cetitan, M|\n|poke|p1|Weavile, F|\n|poke|p1|Iron Bundle|\n|poke|p1|Abomasnow, F|\n|poke|p2|Venusaur, F|\n|poke|p2|Torkoal, F|\n|poke|p2|Whimsicott, F|\n|poke|p2|Walking Wake|\n|poke|p2|Hitmontop, M|\n|poke|p2|Chi-Yu|\n|teampreview\n|inactive|Battle timer is ON: inactive players will automatically lose when time's up. (requested by Trietceratops)\n|\n|t:|1697002653\n|start\n|switch|p1a: Tri\u1ebft Tr\u1eafng|Weavile, F|100\/100\n|switch|p1b: Elsa|Ninetales-Alola, F, shiny|100\/100\n|switch|p2a: Hitmontop|Hitmontop, M|100\/100\n|switch|p2b: Chi-Yu|Chi-Yu|100\/100\n|-weather|Snow|[from] ability: Snow Warning|[of] p1b: Elsa\n|-ability|p2b: Chi-Yu|Beads of Ruin\n|-ability|p2a: Hitmontop|Intimidate|boost\n|-unboost|p1a: Tri\u1ebft Tr\u1eafng|atk|1\n|-unboost|p1b: Elsa|atk|1\n|turn|1\n|\n|t:|1697002673\n|move|p1b: Elsa|Protect|p1b: Elsa\n|-singleturn|p1b: Elsa|Protect\n|move|p2a: Hitmontop|Quick Guard|p2a: Hitmontop\n|-singleturn|p2a: Hitmontop|Quick Guard\n|move|p1a: Tri\u1ebft Tr\u1eafng|Knock Off|p2b: Chi-Yu\n|-resisted|p2b: Chi-Yu\n|-damage|p2b: Chi-Yu|76\/100\n|-enditem|p2b: Chi-Yu|Choice Specs|[from] move: Knock Off|[of] p1a: Tri\u1ebft Tr\u1eafng\n|move|p2b: Chi-Yu|Heat Wave|p1a: Tri\u1ebft Tr\u1eafng|[spread] p1a\n|-activate|p1b: Elsa|move: Protect\n|-supereffective|p1a: Tri\u1ebft Tr\u1eafng\n|-enditem|p1a: Tri\u1ebft Tr\u1eafng|Focus Sash\n|-damage|p1a: Tri\u1ebft Tr\u1eafng|1\/100\n|-status|p1a: Tri\u1ebft Tr\u1eafng|brn\n|\n|-weather|Snow|[upkeep]\n|-damage|p1a: Tri\u1ebft Tr\u1eafng|0 fnt|[from] brn\n|faint|p1a: Tri\u1ebft Tr\u1eafng\n|upkeep\n|inactive|Trietceratops has 120 seconds left.\n|\n|t:|1697002694\n|switch|p1a: Oscar|Cetitan, M, shiny|100\/100\n|turn|2\n|\n|t:|1697002700\n|switch|p2a: Torkoal|Torkoal, F|100\/100\n|-weather|SunnyDay|[from] ability: Drought|[of] p2a: Torkoal\n|-terastallize|p1a: Oscar|Ground\n|move|p1b: Elsa|Aurora Veil||[still]\n|-fail|p1b: Elsa\n|move|p2b: Chi-Yu|Heat Wave|p1b: Elsa|[spread] p1a,p1b\n|-supereffective|p1b: Elsa\n|-damage|p1a: Oscar|5\/100\n|-damage|p1b: Elsa|0 fnt\n|-status|p1a: Oscar|brn\n|faint|p1b: Elsa\n|move|p1a: Oscar|Earthquake|p2b: Chi-Yu|[spread] p2a,p2b\n|-supereffective|p2a: Torkoal\n|-supereffective|p2b: Chi-Yu\n|-damage|p2a: Torkoal|60\/100\n|-damage|p2b: Chi-Yu|0 fnt\n|faint|p2b: Chi-Yu\n|-damage|p1a: Oscar|0 fnt|[from] item: Life Orb\n|faint|p1a: Oscar\n|\n|-weather|SunnyDay|[upkeep]\n|upkeep\n|\n|t:|1697002724\n|switch|p1b: Mama Bear|Abomasnow, F|100\/100\n|switch|p2b: Whimsicott|Whimsicott, F|100\/100\n|switch|p1a: Arctozolt|Arctozolt|100\/100\n|-weather|Snow|[from] ability: Snow Warning|[of] p1b: Mama Bear\n|turn|3\n|\n|t:|1697002746\n|move|p2b: Whimsicott|Sunny Day|p2b: Whimsicott\n|-weather|SunnyDay\n|move|p1a: Arctozolt|Rock Slide|p2b: Whimsicott|[spread] p2a,p2b\n|-supereffective|p2a: Torkoal\n|-damage|p2a: Torkoal|25\/100\n|-damage|p2b: Whimsicott|84\/100\n|-damage|p1a: Arctozolt|91\/100|[from] item: Life Orb\n|move|p1b: Mama Bear|Blizzard|p2a: Torkoal|[spread] \n|-miss|p1b: Mama Bear|p2a: Torkoal\n|-miss|p1b: Mama Bear|p2b: Whimsicott\n|cant|p2a: Torkoal|flinch\n|\n|-weather|SunnyDay|[upkeep]\n|upkeep\n|turn|4\n|\n|t:|1697002765\n|switch|p2b: Walking Wake|Walking Wake|100\/100\n|-activate|p2b: Walking Wake|ability: Protosynthesis\n|-start|p2b: Walking Wake|protosynthesisspa\n|move|p1b: Mama Bear|Ice Shard|p2a: Torkoal\n|-resisted|p2a: Torkoal\n|-damage|p2a: Torkoal|20\/100\n|move|p1a: Arctozolt|Rock Slide|p2b: Walking Wake|[spread] p2a,p2b\n|-supereffective|p2a: Torkoal\n|-damage|p2a: Torkoal|0 fnt\n|-damage|p2b: Walking Wake|77\/100\n|faint|p2a: Torkoal\n|-damage|p1a: Arctozolt|81\/100|[from] item: Life Orb\n|\n|-weather|SunnyDay|[upkeep]\n|upkeep\n|\n|t:|1697002775\n|switch|p2a: Whimsicott|Whimsicott, F|84\/100\n|turn|5\n|\n|t:|1697002787\n|switch|p1b: Pororo|Iron Bundle|100\/100\n|-enditem|p1b: Pororo|Booster Energy\n|-activate|p1b: Pororo|ability: Quark Drive|[fromitem]\n|-start|p1b: Pororo|quarkdrivespe\n|move|p2a: Whimsicott|Tailwind|p2a: Whimsicott\n|-sidestart|p2: yasmachine|move: Tailwind\n|move|p2b: Walking Wake|Weather Ball|p1a: Arctozolt\n|-supereffective|p1a: Arctozolt\n|-damage|p1a: Arctozolt|0 fnt\n|faint|p1a: Arctozolt\n|\n|-weather|SunnyDay|[upkeep]\n|upkeep\n|\n|t:|1697002800\n|switch|p1a: Mama Bear|Abomasnow, F|100\/100\n|-weather|Snow|[from] ability: Snow Warning|[of] p1a: Mama Bear\n|-end|p2b: Walking Wake|Protosynthesis\n|turn|6\n|c|\u2606yasmachine|\ud639\uc2dc \ud55c\uad6d\uc778?\n|\n|t:|1697002811\n|move|p2a: Whimsicott|Sunny Day|p2a: Whimsicott\n|-weather|SunnyDay\n|-activate|p2b: Walking Wake|ability: Protosynthesis\n|-start|p2b: Walking Wake|protosynthesisspa\n|move|p2b: Walking Wake|Weather Ball|p1a: Mama Bear\n|-supereffective|p1a: Mama Bear\n|-damage|p1a: Mama Bear|0 fnt\n|faint|p1a: Mama Bear\n|move|p1b: Pororo|Freeze-Dry|p2b: Walking Wake\n|-supereffective|p2b: Walking Wake\n|-damage|p2b: Walking Wake|0 fnt\n|faint|p2b: Walking Wake\n|-end|p2b: Walking Wake|Protosynthesis|[silent]\n|\n|-weather|SunnyDay|[upkeep]\n|upkeep\n|\n|t:|1697002822\n|switch|p2b: Venusaur|Venusaur, F|100\/100\n|turn|7\n|\n|t:|1697002833\n|-terastallize|p2b: Venusaur|Fire\n|move|p2a: Whimsicott|Fake Tears|p1b: Pororo\n|-unboost|p1b: Pororo|spd|2\n|move|p2b: Venusaur|Weather Ball|p1b: Pororo\n|-damage|p1b: Pororo|0 fnt\n|faint|p1b: Pororo\n|-end|p1b: Pororo|Quark Drive|[silent]\n|-damage|p2b: Venusaur|91\/100|[from] item: Life Orb\n|\n|win|yasmachine\n|raw|Trietceratops's rating: 1253 &rarr; <strong>1227<\/strong><br \/>(-26 for losing)\n|raw|yasmachine's rating: 1233 &rarr; <strong>1259<\/strong><br \/>(+26 for winning)\n","uploadtime":1697002842,"views":15,"p1id":"trietceratops","p2id":"yasmachine","formatid":"gen9nationaldexdoubles","rating":1227,"private":0,"password":""}