{"id":"gen9nationaldexdoubles-1963497365","p1":"kpoc12","p2":"cassinidivision","format":"[Gen 9] National Dex Doubles","log":"|j|\u2606kpoc12\n|j|\u2606cassinidivision\n|t:|1696872713\n|gametype|doubles\n|player|p1|kpoc12|psychic-gen4|\n|player|p2|cassinidivision|giacomo|\n|teamsize|p1|6\n|teamsize|p2|6\n|gen|9\n|tier|[Gen 9] National Dex Doubles\n|rule|HP Percentage Mod: HP is shown in percentages\n|rule|Endless Battle Clause: Forcing endless battles is banned\n|rule|OHKO Clause: OHKO moves are banned\n|rule|Evasion Moves Clause: Evasion moves are banned\n|rule|Evasion Abilities Clause: Evasion abilities are banned\n|rule|Species Clause: Limit one of each Pok\u00e9mon\n|rule|Gravity Sleep Clause: The combination of sleep-inducing moves with imperfect accuracy and Gravity or Gigantamax Orbeetle are banned\n|clearpoke\n|poke|p1|Chimecho, M|\n|poke|p1|Meowstic-F, F|\n|poke|p1|Oricorio-Pa'u, F|\n|poke|p1|Gothitelle, M|\n|poke|p1|Mr. Rime, M|\n|poke|p1|Raichu-Alola, M|\n|poke|p2|Kingambit, M|\n|poke|p2|Honchkrow, M|\n|poke|p2|Weavile, M|\n|poke|p2|Krookodile, F|\n|poke|p2|Muk-Alola, F|\n|poke|p2|Umbreon, F|\n|teampreview\n|\n|t:|1696872732\n|start\n|switch|p1a: Othello|Raichu-Alola, M|100\/100\n|switch|p1b: Macbeth|Gothitelle, M|100\/100\n|switch|p2a: SAUCE|Muk-Alola, F|100\/100\n|switch|p2b: BIG BIRD|Honchkrow, M|100\/100\n|-item|p1a: Othello|Air Balloon\n|turn|1\n|\n|t:|1696872756\n|move|p1b: Macbeth|Fake Out|p2b: BIG BIRD\n|-damage|p2b: BIG BIRD|88\/100\n|-damage|p1b: Macbeth|91\/100|[from] item: Life Orb\n|move|p1a: Othello|Discharge|p2b: BIG BIRD|[spread] p1b,p2a,p2b\n|-supereffective|p2b: BIG BIRD\n|-damage|p1b: Macbeth|67\/100\n|-damage|p2a: SAUCE|84\/100\n|-damage|p2b: BIG BIRD|13\/100\n|-status|p1b: Macbeth|par\n|cant|p2b: BIG BIRD|flinch\n|move|p2a: SAUCE|Substitute|p2a: SAUCE\n|-start|p2a: SAUCE|Substitute\n|-damage|p2a: SAUCE|59\/100\n|\n|-heal|p2b: BIG BIRD|20\/100|[from] item: Leftovers\n|-heal|p2a: SAUCE|65\/100|[from] item: Leftovers\n|upkeep\n|turn|2\n|c|\u2606kpoc12|UDSHFGHGH\n|c|\u2606kpoc12|OH MY GOD\n|c|\u2606cassinidivision|FNMRWNCWNCI\n|c|\u2606cassinidivision|HA\n|c|\u2606kpoc12|CRYINGG\n|c|\u2606cassinidivision|we forgot to. upload the last match\n|\n|t:|1696872816\n|move|p1a: Othello|Draining Kiss|p2a: SAUCE\n|-activate|p2a: SAUCE|move: Substitute|[damage]\n|move|p2b: BIG BIRD|U-turn|p1b: Macbeth\n|-supereffective|p1b: Macbeth\n|-damage|p1b: Macbeth|21\/100 par\n|\n|t:|1696872826\n|switch|p2b: PASTRAMI|Krookodile, F|100\/100|[from] U-turn\n|move|p2a: SAUCE|Acid Armor|p2a: SAUCE\n|-boost|p2a: SAUCE|def|2\n|cant|p1b: Macbeth|par\n|\n|-heal|p2a: SAUCE|72\/100|[from] item: Leftovers\n|upkeep\n|turn|3\n|c|\u2606kpoc12|OOPS\n|c|\u2606kpoc12|HHDFHGH\n|c|\u2606kpoc12|THE PARA THROWWW\n|\n|t:|1696872842\n|move|p1a: Othello|Yawn|p2b: PASTRAMI\n|-start|p2b: PASTRAMI|move: Yawn|[of] p1a: Othello\n|move|p2b: PASTRAMI|Dragon Claw|p1b: Macbeth\n|-damage|p1b: Macbeth|0 fnt\n|faint|p1b: Macbeth\n|-ability|p2b: PASTRAMI|Moxie|boost\n|-boost|p2b: PASTRAMI|atk|1\n|-damage|p2b: PASTRAMI|91\/100|[from] item: Life Orb\n|move|p2a: SAUCE|Gunk Shot|p1a: Othello\n|-damage|p1a: Othello|1\/100\n|-enditem|p1a: Othello|Air Balloon\n|\n|-heal|p2a: SAUCE|78\/100|[from] item: Leftovers\n|upkeep\n|c|\u2606cassinidivision|1.\n|c|\u2606kpoc12|1?!?!\n|\n|t:|1696872862\n|switch|p1b: Lysander|Mr. Rime, M|100\/100\n|turn|4\n|\n|t:|1696872875\n|move|p1a: Othello|Draining Kiss|p2a: SAUCE\n|-activate|p2a: SAUCE|move: Substitute|[damage]\n|-heal|p1a: Othello|11\/100|[from] drain|[of] p2a: SAUCE\n|move|p2b: PASTRAMI|Darkest Lariat|p1b: Lysander\n|-supereffective|p1b: Lysander\n|-damage|p1b: Lysander|0 fnt\n|faint|p1b: Lysander\n|-ability|p2b: PASTRAMI|Moxie|boost\n|-boost|p2b: PASTRAMI|atk|1\n|-damage|p2b: PASTRAMI|81\/100|[from] item: Life Orb\n|move|p2a: SAUCE|Clear Smog|p1a: Othello\n|-damage|p1a: Othello|0 fnt\n|-clearboost|p1a: Othello\n|faint|p1a: Othello\n|\n|-heal|p2a: SAUCE|84\/100|[from] item: Leftovers\n|-end|p2b: PASTRAMI|move: Yawn|[silent]\n|-status|p2b: PASTRAMI|slp\n|upkeep\n|\n|t:|1696872906\n|switch|p1a: Faustus|Chimecho, M|100\/100\n|switch|p1b: Agnetha|Oricorio-Pa'u, F|100\/100\n|turn|5\n|c|\u2606cassinidivision|btw if this team iddnt have mr rime it would be perfect 4 me\n|c|\u2606cassinidivision|i love very other mon\n|\n|t:|1696872937\n|cant|p2b: PASTRAMI|slp\n|move|p1b: Agnetha|Quiver Dance|p1b: Agnetha\n|-boost|p1b: Agnetha|spa|1\n|-boost|p1b: Agnetha|spd|1\n|-boost|p1b: Agnetha|spe|1\n|move|p1a: Faustus|Signal Beam|p2b: PASTRAMI\n|-supereffective|p2b: PASTRAMI\n|-damage|p2b: PASTRAMI|2\/100 slp\n|move|p2a: SAUCE|Gunk Shot|p1a: Faustus\n|-damage|p1a: Faustus|50\/100\n|\n|-heal|p2a: SAUCE|90\/100|[from] item: Leftovers\n|upkeep\n|turn|6\n|\n|t:|1696872966\n|move|p1b: Agnetha|Quiver Dance|p1b: Agnetha\n|-boost|p1b: Agnetha|spa|1\n|-boost|p1b: Agnetha|spd|1\n|-boost|p1b: Agnetha|spe|1\n|cant|p2b: PASTRAMI|slp\n|move|p1a: Faustus|Dazzling Gleam|p2b: PASTRAMI|[spread] p2a,p2b\n|-end|p2a: SAUCE|Substitute\n|-supereffective|p2b: PASTRAMI\n|-damage|p2b: PASTRAMI|0 fnt\n|faint|p2b: PASTRAMI\n|move|p2a: SAUCE|Gunk Shot|p1a: Faustus|[miss]\n|-miss|p2a: SAUCE|p1a: Faustus\n|\n|-heal|p2a: SAUCE|96\/100|[from] item: Leftovers\n|upkeep\n|\n|t:|1696872981\n|switch|p2b: BIG BIRD|Honchkrow, M|20\/100\n|turn|7\n|\n|t:|1696873004\n|move|p2b: BIG BIRD|Sucker Punch|p1b: Agnetha\n|-supereffective|p1b: Agnetha\n|-damage|p1b: Agnetha|3\/100\n|move|p1b: Agnetha|Air Slash|p2b: BIG BIRD\n|-damage|p2b: BIG BIRD|0 fnt\n|faint|p2b: BIG BIRD\n|move|p1a: Faustus|Dazzling Gleam|p2a: SAUCE\n|-damage|p2a: SAUCE|80\/100\n|move|p2a: SAUCE|Substitute|p2a: SAUCE\n|-start|p2a: SAUCE|Substitute\n|-damage|p2a: SAUCE|56\/100\n|\n|-heal|p1b: Agnetha|9\/100|[from] item: Leftovers\n|-heal|p2a: SAUCE|62\/100|[from] item: Leftovers\n|upkeep\n|\n|t:|1696873017\n|switch|p2b: SLASHER|Weavile, M|100\/100\n|turn|8\n|\n|t:|1696873037\n|move|p2b: SLASHER|Fake Out|p1b: Agnetha\n|-damage|p1b: Agnetha|0 fnt\n|faint|p1b: Agnetha\n|move|p1a: Faustus|Dazzling Gleam|p2a: SAUCE|[spread] p2a,p2b\n|-activate|p2a: SAUCE|move: Substitute|[damage]\n|-supereffective|p2b: SLASHER\n|-damage|p2b: SLASHER|44\/100\n|move|p2a: SAUCE|Gunk Shot|p1a: Faustus\n|-damage|p1a: Faustus|1\/100\n|\n|-heal|p2a: SAUCE|68\/100|[from] item: Leftovers\n|upkeep\n|\n|t:|1696873048\n|switch|p1b: Meowstic|Meowstic-F, F|100\/100\n|turn|9\n|\n|t:|1696873058\n|move|p2b: SLASHER|Throat Chop|p1b: Meowstic\n|-supereffective|p1b: Meowstic\n|-damage|p1b: Meowstic|0 fnt\n|faint|p1b: Meowstic\n|move|p1a: Faustus|Dazzling Gleam|p2b: SLASHER|[spread] p2a,p2b\n|-crit|p2a: SAUCE\n|-end|p2a: SAUCE|Substitute\n|-supereffective|p2b: SLASHER\n|-damage|p2b: SLASHER|0 fnt\n|faint|p2b: SLASHER\n|move|p2a: SAUCE|Clear Smog|p1a: Faustus\n|-damage|p1a: Faustus|0 fnt\n|-clearboost|p1a: Faustus\n|faint|p1a: Faustus\n|\n|win|cassinidivision\n|c|\u2606kpoc12|gg\n|c|\u2606cassinidivision|woo gg\n|c|\u2606kpoc12|:]\n|c|\u2606cassinidivision|gt (good throw)\n|c|\u2606kpoc12|HHVHGHG\n|c|\u2606kpoc12|SHHH..\n|c|\u2606cassinidivision|slash silly\n","uploadtime":1696873094,"views":11,"p1id":"kpoc12","p2id":"cassinidivision","formatid":"gen9nationaldexdoubles","rating":0,"private":0,"password":""}