{"id":"gen9nationaldexdoubles-1967037179","p1":"Green133","p2":"JKogut","format":"[Gen 9] National Dex Doubles","log":"|j|\u2606Green133\n|j|\u2606JKogut\n|t:|1697246927\n|gametype|doubles\n|player|p1|Green133|blue|\n|player|p2|JKogut|workerice|\n|teamsize|p1|6\n|teamsize|p2|6\n|gen|9\n|tier|[Gen 9] National Dex Doubles\n|rule|HP Percentage Mod: HP is shown in percentages\n|rule|Endless Battle Clause: Forcing endless battles is banned\n|rule|OHKO Clause: OHKO moves are banned\n|rule|Evasion Moves Clause: Evasion moves are banned\n|rule|Evasion Abilities Clause: Evasion abilities are banned\n|rule|Species Clause: Limit one of each Pok\u00e9mon\n|rule|Gravity Sleep Clause: The combination of sleep-inducing moves with imperfect accuracy and Gravity or Gigantamax Orbeetle are banned\n|clearpoke\n|poke|p1|Rillaboom, M|\n|poke|p1|Lucario, M|\n|poke|p1|Maushold-Four|\n|poke|p1|Ceruledge, M|\n|poke|p1|Torkoal, M|\n|poke|p1|Walking Wake|\n|poke|p2|Lickilicky, F|\n|poke|p2|Skeledirge, F|\n|poke|p2|Kommo-o, M|\n|poke|p2|Kilowattrel, M|\n|poke|p2|Cresselia, F|\n|poke|p2|Grimmsnarl, M|\n|teampreview\n|l|\u2606Green133\n|player|p1|\n|j| Specific360\n|j|\u2606Green133\n|player|p1|Green133|blue\n|c| Specific360|Good luck josh :)\n|\n|t:|1697246983\n|start\n|switch|p1a: Ohio is for Lovers|Maushold-Four|100\/100\n|switch|p1b: The Pretender|Lucario, M|100\/100\n|switch|p2a: Moon God Barbie|Cresselia, F|100\/100\n|switch|p2b: Groovy Barbie|Grimmsnarl, M, shiny|100\/100\n|turn|1\n|\n|t:|1697247036\n|switch|p2a: Alopecia Barbie|Skeledirge, F, shiny|100\/100\n|move|p2b: Groovy Barbie|Reflect|p2b: Groovy Barbie\n|-sidestart|p2: JKogut|Reflect\n|move|p1a: Ohio is for Lovers|Beat Up|p1b: The Pretender\n|-resisted|p1b: The Pretender\n|-damage|p1b: The Pretender|99\/100\n|-ability|p1b: The Pretender|Justified|boost\n|-boost|p1b: The Pretender|atk|1\n|-resisted|p1b: The Pretender\n|-damage|p1b: The Pretender|98\/100\n|-ability|p1b: The Pretender|Justified|boost\n|-boost|p1b: The Pretender|atk|1\n|-resisted|p1b: The Pretender\n|-damage|p1b: The Pretender|96\/100\n|-ability|p1b: The Pretender|Justified|boost\n|-boost|p1b: The Pretender|atk|1\n|-resisted|p1b: The Pretender\n|-damage|p1b: The Pretender|94\/100\n|-ability|p1b: The Pretender|Justified|boost\n|-boost|p1b: The Pretender|atk|1\n|-resisted|p1b: The Pretender\n|-damage|p1b: The Pretender|93\/100\n|-ability|p1b: The Pretender|Justified|boost\n|-boost|p1b: The Pretender|atk|1\n|-resisted|p1b: The Pretender\n|-damage|p1b: The Pretender|91\/100\n|-ability|p1b: The Pretender|Justified|boost\n|-boost|p1b: The Pretender|atk|1\n|-hitcount|p1b: The Pretender|6\n|move|p1b: The Pretender|Close Combat|p2b: Groovy Barbie\n|-damage|p2b: Groovy Barbie|0 fnt\n|-unboost|p1b: The Pretender|def|1\n|-unboost|p1b: The Pretender|spd|1\n|faint|p2b: Groovy Barbie\n|\n|upkeep\n|\n|t:|1697247099\n|switch|p2b: Moon God Barbie|Cresselia, F|100\/100\n|turn|2\n|j| annoying oranje 2\n|\n|t:|1697247172\n|switch|p1a: Clint Eastwood|Rillaboom, M|100\/100\n|-fieldstart|move: Grassy Terrain|[from] ability: Grassy Surge|[of] p1a: Clint Eastwood\n|detailschange|p1b: The Pretender|Lucario-Mega, M\n|-mega|p1b: The Pretender|Lucario|Lucarionite\n|-terastallize|p2a: Alopecia Barbie|Water\n|move|p1b: The Pretender|Earthquake|p2b: Moon God Barbie|[spread] p1a,p2a\n|-immune|p2b: Moon God Barbie|[from] ability: Levitate\n|-resisted|p1a: Clint Eastwood\n|-damage|p1a: Clint Eastwood|74\/100\n|-damage|p2a: Alopecia Barbie|92\/100\n|move|p2a: Alopecia Barbie|Torch Song|p1b: The Pretender\n|-supereffective|p1b: The Pretender\n|-damage|p1b: The Pretender|0 fnt\n|-boost|p2a: Alopecia Barbie|spa|1\n|faint|p1b: The Pretender\n|move|p2b: Moon God Barbie|Trick Room|p2b: Moon God Barbie\n|-fieldstart|move: Trick Room|[of] p2b: Moon God Barbie\n|\n|-heal|p2a: Alopecia Barbie|99\/100|[from] Grassy Terrain\n|-heal|p2a: Alopecia Barbie|100\/100|[from] item: Leftovers\n|-heal|p1a: Clint Eastwood|80\/100|[from] Grassy Terrain\n|upkeep\n|\n|t:|1697247209\n|switch|p1b: Pompeii|Torkoal, M|100\/100\n|-weather|SunnyDay|[from] ability: Drought|[of] p1b: Pompeii\n|turn|3\n|\n|t:|1697247233\n|switch|p1b: The Ghost of You|Ceruledge, M|100\/100\n|move|p1a: Clint Eastwood|Grassy Glide|p2a: Alopecia Barbie\n|-supereffective|p2a: Alopecia Barbie\n|-damage|p2a: Alopecia Barbie|66\/100\n|move|p2a: Alopecia Barbie|Torch Song|p1b: The Ghost of You\n|-resisted|p1b: The Ghost of You\n|-damage|p1b: The Ghost of You|62\/100\n|-boost|p2a: Alopecia Barbie|spa|1\n|move|p2b: Moon God Barbie|Lunar Blessing|p2b: Moon God Barbie|[spread] p2a,p2b\n|-heal|p2a: Alopecia Barbie|91\/100\n|\n|-weather|SunnyDay|[upkeep]\n|-heal|p2a: Alopecia Barbie|97\/100|[from] Grassy Terrain\n|-heal|p2a: Alopecia Barbie|100\/100|[from] item: Leftovers\n|-heal|p1a: Clint Eastwood|86\/100|[from] Grassy Terrain\n|-heal|p1b: The Ghost of You|68\/100|[from] Grassy Terrain\n|upkeep\n|turn|4\n|\n|t:|1697247273\n|switch|p2b: Curvy Barbie|Lickilicky, F|100\/100\n|-ability|p2b: Curvy Barbie|Cloud Nine\n|move|p2a: Alopecia Barbie|Torch Song|p1b: The Ghost of You\n|-resisted|p1b: The Ghost of You\n|-damage|p1b: The Ghost of You|32\/100\n|-boost|p2a: Alopecia Barbie|spa|1\n|move|p1a: Clint Eastwood|Knock Off|p2a: Alopecia Barbie\n|-damage|p2a: Alopecia Barbie|83\/100\n|-enditem|p2a: Alopecia Barbie|Leftovers|[from] move: Knock Off|[of] p1a: Clint Eastwood\n|move|p1b: The Ghost of You|Solar Blade||[still]\n|-prepare|p1b: The Ghost of You|Solar Blade\n|\n|-weather|SunnyDay|[upkeep]\n|-heal|p2a: Alopecia Barbie|89\/100|[from] Grassy Terrain\n|-heal|p1a: Clint Eastwood|93\/100|[from] Grassy Terrain\n|-heal|p1b: The Ghost of You|38\/100|[from] Grassy Terrain\n|upkeep\n|turn|5\n|\n|t:|1697247308\n|switch|p1a: Chop Suey|Walking Wake|100\/100\n|move|p2a: Alopecia Barbie|Torch Song|p1b: The Ghost of You\n|-resisted|p1b: The Ghost of You\n|-damage|p1b: The Ghost of You|0 fnt\n|-boost|p2a: Alopecia Barbie|spa|1\n|faint|p1b: The Ghost of You\n|move|p2b: Curvy Barbie|Dragon Tail|p1a: Chop Suey\n|-supereffective|p1a: Chop Suey\n|-damage|p1a: Chop Suey|73\/100\n|-end|p1a: Chop Suey|Protosynthesis|[silent]\n|drag|p1a: Pompeii|Torkoal, M|100\/100\n|\n|-weather|SunnyDay|[upkeep]\n|-heal|p2a: Alopecia Barbie|95\/100|[from] Grassy Terrain\n|upkeep\n|\n|t:|1697247328\n|switch|p1b: Chop Suey|Walking Wake|73\/100\n|turn|6\n|\n|t:|1697247377\n|-terastallize|p1b: Chop Suey|Fairy\n|move|p1a: Pompeii|Clear Smog|p2a: Alopecia Barbie\n|-damage|p2a: Alopecia Barbie|84\/100\n|-clearboost|p2a: Alopecia Barbie\n|move|p2a: Alopecia Barbie|Torch Song|p1a: Pompeii\n|-resisted|p1a: Pompeii\n|-damage|p1a: Pompeii|80\/100\n|-boost|p2a: Alopecia Barbie|spa|1\n|move|p1b: Chop Suey|Hydro Steam|p2b: Curvy Barbie\n|-damage|p2b: Curvy Barbie|72\/100\n|move|p2b: Curvy Barbie|Dragon Tail|p1b: Chop Suey\n|-immune|p1b: Chop Suey\n|\n|-weather|SunnyDay|[upkeep]\n|-heal|p1a: Pompeii|86\/100|[from] Grassy Terrain\n|-heal|p1a: Pompeii|92\/100|[from] item: Leftovers\n|-heal|p2b: Curvy Barbie|78\/100|[from] Grassy Terrain\n|-heal|p2a: Alopecia Barbie|90\/100|[from] Grassy Terrain\n|-heal|p1b: Chop Suey|79\/100|[from] Grassy Terrain\n|-fieldend|move: Trick Room\n|-fieldend|move: Grassy Terrain\n|upkeep\n|turn|7\n|\n|t:|1697247414\n|move|p2b: Curvy Barbie|Helping Hand|p2a: Alopecia Barbie\n|-singleturn|p2a: Alopecia Barbie|Helping Hand|[of] p2b: Curvy Barbie\n|move|p1b: Chop Suey|Tera Blast|p2a: Alopecia Barbie|[anim] Tera Blast Fairy\n|-damage|p2a: Alopecia Barbie|58\/100\n|move|p2a: Alopecia Barbie|Torch Song|p1b: Chop Suey\n|-damage|p1b: Chop Suey|0 fnt\n|-boost|p2a: Alopecia Barbie|spa|1\n|faint|p1b: Chop Suey\n|-end|p1b: Chop Suey|Protosynthesis|[silent]\n|move|p1a: Pompeii|Clear Smog|p2a: Alopecia Barbie\n|-damage|p2a: Alopecia Barbie|48\/100\n|-clearboost|p2a: Alopecia Barbie\n|\n|-weather|none\n|-heal|p1a: Pompeii|98\/100|[from] item: Leftovers\n|upkeep\n|\n|t:|1697247432\n|switch|p1b: Clint Eastwood|Rillaboom, M|93\/100\n|-fieldstart|move: Grassy Terrain|[from] ability: Grassy Surge|[of] p1b: Clint Eastwood\n|turn|8\n|\n|t:|1697247462\n|switch|p1a: Ohio is for Lovers|Maushold-Four|100\/100\n|move|p2a: Alopecia Barbie|Protect|p2a: Alopecia Barbie\n|-singleturn|p2a: Alopecia Barbie|Protect\n|move|p1b: Clint Eastwood|Fake Out|p2a: Alopecia Barbie\n|-activate|p2a: Alopecia Barbie|move: Protect\n|move|p2b: Curvy Barbie|Steel Roller|p1b: Clint Eastwood\n|-damage|p1b: Clint Eastwood|75\/100\n|-fieldend|move: Grassy Terrain\n|\n|-sideend|p2: JKogut|Reflect\n|upkeep\n|turn|9\n|\n|t:|1697247504\n|move|p1a: Ohio is for Lovers|Follow Me|p1a: Ohio is for Lovers\n|-singleturn|p1a: Ohio is for Lovers|move: Follow Me\n|move|p1b: Clint Eastwood|Grassy Glide|p2a: Alopecia Barbie\n|-supereffective|p2a: Alopecia Barbie\n|-damage|p2a: Alopecia Barbie|9\/100\n|move|p2a: Alopecia Barbie|Slack Off|p2a: Alopecia Barbie\n|-heal|p2a: Alopecia Barbie|59\/100\n|move|p2b: Curvy Barbie|Icy Wind|p1a: Ohio is for Lovers|[spread] p1a,p1b\n|-supereffective|p1b: Clint Eastwood\n|-damage|p1a: Ohio is for Lovers|91\/100\n|-damage|p1b: Clint Eastwood|67\/100\n|-unboost|p1a: Ohio is for Lovers|spe|1\n|-unboost|p1b: Clint Eastwood|spe|1\n|\n|upkeep\n|turn|10\n|\n|t:|1697247536\n|move|p1a: Ohio is for Lovers|Encore|p2a: Alopecia Barbie\n|-start|p2a: Alopecia Barbie|Encore\n|move|p2a: Alopecia Barbie|Slack Off|p2a: Alopecia Barbie\n|-heal|p2a: Alopecia Barbie|100\/100\n|move|p1b: Clint Eastwood|Knock Off|p2a: Alopecia Barbie\n|-damage|p2a: Alopecia Barbie|83\/100\n|move|p2b: Curvy Barbie|Icy Wind|p1b: Clint Eastwood|[spread] p1a,p1b\n|-supereffective|p1b: Clint Eastwood\n|-damage|p1a: Ohio is for Lovers|82\/100\n|-damage|p1b: Clint Eastwood|60\/100\n|-unboost|p1a: Ohio is for Lovers|spe|1\n|-unboost|p1b: Clint Eastwood|spe|1\n|\n|upkeep\n|turn|11\n|\n|t:|1697247565\n|switch|p1a: Pompeii|Torkoal, M|98\/100\n|-weather|SunnyDay|[from] ability: Drought|[of] p1a: Pompeii\n|switch|p2a: \"The Birds\" Barbie|Kilowattrel, M, shiny|100\/100\n|move|p2b: Curvy Barbie|Icy Wind|p1a: Pompeii|[spread] p1a,p1b\n|-resisted|p1a: Pompeii\n|-supereffective|p1b: Clint Eastwood\n|-damage|p1a: Pompeii|93\/100\n|-damage|p1b: Clint Eastwood|51\/100\n|-unboost|p1a: Pompeii|spe|1\n|-unboost|p1b: Clint Eastwood|spe|1\n|move|p1b: Clint Eastwood|Knock Off|p2b: Curvy Barbie\n|-damage|p2b: Curvy Barbie|57\/100\n|-damage|p1b: Clint Eastwood|35\/100|[from] item: Rocky Helmet|[of] p2b: Curvy Barbie\n|-enditem|p2b: Curvy Barbie|Rocky Helmet|[from] move: Knock Off|[of] p1b: Clint Eastwood\n|\n|-weather|SunnyDay|[upkeep]\n|-heal|p1a: Pompeii|99\/100|[from] item: Leftovers\n|upkeep\n|turn|12\n|\n|t:|1697247591\n|switch|p2b: Alopecia Barbie|Skeledirge, F, shiny, tera:Water|83\/100\n|switch|p1b: Ohio is for Lovers|Maushold-Four|82\/100\n|move|p2a: \"The Birds\" Barbie|Air Cutter|p1a: Pompeii|[spread] p1a,p1b\n|-damage|p1a: Pompeii|81\/100\n|-damage|p1b: Ohio is for Lovers|56\/100\n|move|p1a: Pompeii|Eruption|p2b: Alopecia Barbie|[spread] p2a,p2b\n|-resisted|p2b: Alopecia Barbie\n|-damage|p2a: \"The Birds\" Barbie|6\/100\n|-damage|p2b: Alopecia Barbie|62\/100\n|\n|-weather|SunnyDay|[upkeep]\n|-heal|p1a: Pompeii|87\/100|[from] item: Leftovers\n|upkeep\n|turn|13\n|\n|t:|1697247621\n|move|p2a: \"The Birds\" Barbie|Protect|p2a: \"The Birds\" Barbie\n|-singleturn|p2a: \"The Birds\" Barbie|Protect\n|move|p1b: Ohio is for Lovers|U-turn|p2a: \"The Birds\" Barbie\n|-activate|p2a: \"The Birds\" Barbie|move: Protect\n|move|p2b: Alopecia Barbie|Torch Song|p1a: Pompeii\n|-resisted|p1a: Pompeii\n|-damage|p1a: Pompeii|66\/100\n|-boost|p2b: Alopecia Barbie|spa|1\n|move|p1a: Pompeii|Eruption|p2a: \"The Birds\" Barbie|[spread] p2b\n|-activate|p2a: \"The Birds\" Barbie|move: Protect\n|-resisted|p2b: Alopecia Barbie\n|-damage|p2b: Alopecia Barbie|47\/100\n|\n|-weather|SunnyDay|[upkeep]\n|-heal|p1a: Pompeii|73\/100|[from] item: Leftovers\n|upkeep\n|turn|14\n|\n|t:|1697247649\n|switch|p2a: Moon God Barbie|Cresselia, F|100\/100\n|move|p1b: Ohio is for Lovers|Encore|p2b: Alopecia Barbie\n|-start|p2b: Alopecia Barbie|Encore\n|move|p2b: Alopecia Barbie|Torch Song|p1a: Pompeii\n|-resisted|p1a: Pompeii\n|-damage|p1a: Pompeii|40\/100\n|-boost|p2b: Alopecia Barbie|spa|1\n|move|p1a: Pompeii|Clear Smog|p2b: Alopecia Barbie\n|-damage|p2b: Alopecia Barbie|37\/100\n|-clearboost|p2b: Alopecia Barbie\n|\n|-weather|SunnyDay|[upkeep]\n|-heal|p1a: Pompeii|46\/100|[from] item: Leftovers\n|upkeep\n|turn|15\n|\n|t:|1697247676\n|switch|p1a: Clint Eastwood|Rillaboom, M|35\/100\n|-fieldstart|move: Grassy Terrain|[from] ability: Grassy Surge|[of] p1a: Clint Eastwood\n|move|p1b: Ohio is for Lovers|U-turn|p2b: Alopecia Barbie\n|-damage|p2b: Alopecia Barbie|28\/100\n|\n|t:|1697247682\n|switch|p1b: Pompeii|Torkoal, M|46\/100|[from] U-turn\n|move|p2a: Moon God Barbie|Lunar Blessing|p2a: Moon God Barbie|[spread] p2a,p2b\n|-heal|p2b: Alopecia Barbie|53\/100\n|move|p2b: Alopecia Barbie|Torch Song|p1b: Pompeii\n|-resisted|p1b: Pompeii\n|-crit|p1b: Pompeii\n|-damage|p1b: Pompeii|0 fnt\n|-boost|p2b: Alopecia Barbie|spa|1\n|faint|p1b: Pompeii\n|\n|-weather|none\n|-heal|p1a: Clint Eastwood|41\/100|[from] Grassy Terrain\n|-heal|p2b: Alopecia Barbie|59\/100|[from] Grassy Terrain\n|upkeep\n|\n|t:|1697247699\n|switch|p1b: Ohio is for Lovers|Maushold-Four|56\/100\n|turn|16\n|\n|t:|1697247725\n|move|p1b: Ohio is for Lovers|Follow Me|p1b: Ohio is for Lovers\n|-singleturn|p1b: Ohio is for Lovers|move: Follow Me\n|move|p1a: Clint Eastwood|Grassy Glide|p2b: Alopecia Barbie\n|-supereffective|p2b: Alopecia Barbie\n|-damage|p2b: Alopecia Barbie|7\/100\n|move|p2b: Alopecia Barbie|Torch Song|p1b: Ohio is for Lovers\n|-damage|p1b: Ohio is for Lovers|4\/100\n|-boost|p2b: Alopecia Barbie|spa|1\n|move|p2a: Moon God Barbie|Trick Room|p2a: Moon God Barbie\n|-fieldstart|move: Trick Room|[of] p2a: Moon God Barbie\n|\n|-heal|p2b: Alopecia Barbie|13\/100|[from] Grassy Terrain\n|-heal|p1a: Clint Eastwood|47\/100|[from] Grassy Terrain\n|-heal|p1b: Ohio is for Lovers|10\/100|[from] Grassy Terrain\n|-end|p2b: Alopecia Barbie|Encore\n|upkeep\n|turn|17\n|\n|t:|1697247755\n|move|p2b: Alopecia Barbie|Protect|p2b: Alopecia Barbie\n|-singleturn|p2b: Alopecia Barbie|Protect\n|move|p1a: Clint Eastwood|Grassy Glide|p2b: Alopecia Barbie\n|-activate|p2b: Alopecia Barbie|move: Protect\n|move|p2a: Moon God Barbie|Lunar Blessing|p2a: Moon God Barbie|[spread] p2a,p2b\n|-heal|p2b: Alopecia Barbie|38\/100\n|move|p1b: Ohio is for Lovers|U-turn|p2a: Moon God Barbie\n|-supereffective|p2a: Moon God Barbie\n|-crit|p2a: Moon God Barbie\n|-damage|p2a: Moon God Barbie|78\/100\n|\n|-heal|p2b: Alopecia Barbie|44\/100|[from] Grassy Terrain\n|-heal|p1a: Clint Eastwood|53\/100|[from] Grassy Terrain\n|-heal|p1b: Ohio is for Lovers|16\/100|[from] Grassy Terrain\n|upkeep\n|turn|18\n|\n|t:|1697247789\n|move|p1a: Clint Eastwood|Grassy Glide|p2b: Alopecia Barbie\n|-supereffective|p2b: Alopecia Barbie\n|-damage|p2b: Alopecia Barbie|0 fnt\n|faint|p2b: Alopecia Barbie\n|move|p2a: Moon God Barbie|Dazzling Gleam|p1b: Ohio is for Lovers|[spread] p1a,p1b\n|-damage|p1a: Clint Eastwood|48\/100\n|-damage|p1b: Ohio is for Lovers|2\/100\n|move|p1b: Ohio is for Lovers|U-turn|p2a: Moon God Barbie\n|-supereffective|p2a: Moon God Barbie\n|-damage|p2a: Moon God Barbie|66\/100\n|\n|-heal|p1a: Clint Eastwood|54\/100|[from] Grassy Terrain\n|-heal|p1b: Ohio is for Lovers|8\/100|[from] Grassy Terrain\n|upkeep\n|\n|t:|1697247815\n|switch|p2b: Curvy Barbie|Lickilicky, F|57\/100\n|-ability|p2b: Curvy Barbie|Cloud Nine\n|turn|19\n|\n|t:|1697247833\n|move|p2b: Curvy Barbie|Steel Roller|p1a: Clint Eastwood\n|-damage|p1a: Clint Eastwood|36\/100\n|-fieldend|move: Grassy Terrain\n|move|p1a: Clint Eastwood|Knock Off|p2a: Moon God Barbie\n|-supereffective|p2a: Moon God Barbie\n|-damage|p2a: Moon God Barbie|28\/100\n|-enditem|p2a: Moon God Barbie|Mental Herb|[from] move: Knock Off|[of] p1a: Clint Eastwood\n|move|p2a: Moon God Barbie|Dazzling Gleam|p1a: Clint Eastwood|[spread] p1a,p1b\n|-damage|p1a: Clint Eastwood|31\/100\n|-damage|p1b: Ohio is for Lovers|0 fnt\n|faint|p1b: Ohio is for Lovers\n|\n|upkeep\n|turn|20\n|\n|t:|1697247852\n|move|p2b: Curvy Barbie|Icy Wind|p1a: Clint Eastwood\n|-supereffective|p1a: Clint Eastwood\n|-damage|p1a: Clint Eastwood|19\/100\n|-unboost|p1a: Clint Eastwood|spe|1\n|move|p1a: Clint Eastwood|U-turn|p2a: Moon God Barbie\n|-supereffective|p2a: Moon God Barbie\n|-crit|p2a: Moon God Barbie\n|-damage|p2a: Moon God Barbie|0 fnt\n|faint|p2a: Moon God Barbie\n|\n|-fieldend|move: Trick Room\n|upkeep\n|\n|t:|1697247864\n|switch|p2a: \"The Birds\" Barbie|Kilowattrel, M, shiny|6\/100\n|turn|21\n|\n|t:|1697247873\n|move|p2a: \"The Birds\" Barbie|Air Cutter|p1a: Clint Eastwood\n|-supereffective|p1a: Clint Eastwood\n|-damage|p1a: Clint Eastwood|0 fnt\n|faint|p1a: Clint Eastwood\n|\n|win|JKogut\n","uploadtime":1697247879,"views":13,"p1id":"green133","p2id":"jkogut","formatid":"gen9nationaldexdoubles","rating":0,"private":0,"password":""}