{"id":"gen9nationaldexdoubles-1988619268","p1":"Denvah_17","p2":"RandomSkillSwapp","format":"[Gen 9] National Dex Doubles","log":"|j|\u2606Denvah_17\n|j|\u2606RandomSkillSwapp\n|t:|1699742685\n|gametype|doubles\n|player|p1|Denvah_17|alder|1254\n|player|p2|RandomSkillSwapp|lucian|1187\n|teamsize|p1|6\n|teamsize|p2|6\n|gen|9\n|tier|[Gen 9] National Dex Doubles\n|rated|\n|rule|HP Percentage Mod: HP is shown in percentages\n|rule|Endless Battle Clause: Forcing endless battles is banned\n|rule|OHKO Clause: OHKO moves are banned\n|rule|Evasion Moves Clause: Evasion moves are banned\n|rule|Evasion Abilities Clause: Evasion abilities are banned\n|rule|Species Clause: Limit one of each Pok\u00e9mon\n|rule|Gravity Sleep Clause: The combination of sleep-inducing moves with imperfect accuracy and Gravity or Gigantamax Orbeetle are banned\n|clearpoke\n|poke|p1|Porygon2|\n|poke|p1|Marowak-Alola, F|\n|poke|p1|Snorlax, F|\n|poke|p1|Lapras, F|\n|poke|p1|Rhyperior, M|\n|poke|p1|Zapdos|\n|poke|p2|Banette, F|\n|poke|p2|Charizard, M|\n|poke|p2|Lilligant-Hisui, F|\n|poke|p2|Great Tusk|\n|poke|p2|Cherrim, F|\n|poke|p2|Kingambit, M|\n|teampreview\n|inactive|Battle timer is ON: inactive players will automatically lose when time's up. (requested by RandomSkillSwapp)\n|\n|t:|1699742710\n|start\n|switch|p1a: Road Block|Snorlax, F, shiny|100\/100\n|switch|p1b: silph_sys.exe|Porygon2|100\/100\n|switch|p2a: Slay|Cherrim, F|100\/100\n|switch|p2b: The Rift|Lilligant-Hisui, F|100\/100\n|turn|1\n|\n|t:|1699742728\n|move|p2a: Slay|Helping Hand|p2b: The Rift\n|-singleturn|p2b: The Rift|Helping Hand|[of] p2a: Slay\n|move|p2b: The Rift|Close Combat|p1b: silph_sys.exe\n|-supereffective|p1b: silph_sys.exe\n|-damage|p1b: silph_sys.exe|0 fnt\n|-unboost|p2b: The Rift|def|1\n|-unboost|p2b: The Rift|spd|1\n|faint|p1b: silph_sys.exe\n|-damage|p2b: The Rift|91\/100|[from] item: Life Orb\n|move|p1a: Road Block|Belly Drum|p1a: Road Block\n|-damage|p1a: Road Block|51\/100\n|-setboost|p1a: Road Block|atk|6|[from] move: Belly Drum\n|\n|upkeep\n|\n|t:|1699742736\n|switch|p1b: Power Plant Prince|Zapdos, shiny|100\/100\n|turn|2\n|\n|t:|1699742755\n|move|p2b: The Rift|Close Combat|p1a: Road Block\n|-supereffective|p1a: Road Block\n|-damage|p1a: Road Block|0 fnt\n|-unboost|p2b: The Rift|def|1\n|-unboost|p2b: The Rift|spd|1\n|faint|p1a: Road Block\n|-damage|p2b: The Rift|81\/100|[from] item: Life Orb\n|move|p2a: Slay|Heal Pulse|p2b: The Rift\n|-heal|p2b: The Rift|100\/100\n|move|p1b: Power Plant Prince|Heat Wave|p2b: The Rift|[spread] p2a,p2b\n|-supereffective|p2a: Slay\n|-supereffective|p2b: The Rift\n|-damage|p2a: Slay|17\/100\n|-damage|p2b: The Rift|0 fnt\n|faint|p2b: The Rift\n|\n|upkeep\n|\n|t:|1699742776\n|switch|p2b: Worst Tusk|Great Tusk|100\/100\n|switch|p1a: Lavender Townie|Marowak-Alola, F, shiny|100\/100\n|turn|3\n|\n|t:|1699742795\n|move|p2a: Slay|Helping Hand|p2b: Worst Tusk\n|-singleturn|p2b: Worst Tusk|Helping Hand|[of] p2a: Slay\n|move|p2b: Worst Tusk|Headlong Rush|p1a: Lavender Townie\n|-supereffective|p1a: Lavender Townie\n|-damage|p1a: Lavender Townie|0 fnt\n|-unboost|p2b: Worst Tusk|def|1\n|-unboost|p2b: Worst Tusk|spd|1\n|faint|p1a: Lavender Townie\n|move|p1b: Power Plant Prince|Hurricane|p2b: Worst Tusk\n|-supereffective|p2b: Worst Tusk\n|-damage|p2b: Worst Tusk|0 fnt\n|faint|p2b: Worst Tusk\n|-end|p2b: Worst Tusk|Protosynthesis|[silent]\n|\n|upkeep\n|\n|t:|1699742812\n|switch|p2b: Rag|Banette, F|100\/100\n|switch|p1a: Surfin' K.A.N.T.O.|Lapras, F|100\/100\n|turn|4\n|\n|t:|1699742841\n|move|p2a: Slay|Play Rough|p1b: Power Plant Prince\n|-damage|p1b: Power Plant Prince|81\/100\n|-damage|p2a: Slay|1\/100|[from] item: Rocky Helmet|[of] p1b: Power Plant Prince\n|-status|p2a: Slay|par|[from] ability: Static|[of] p1b: Power Plant Prince\n|move|p1b: Power Plant Prince|Hurricane|p2b: Rag|[miss]\n|-miss|p1b: Power Plant Prince|p2b: Rag\n|move|p2b: Rag|Knock Off|p1b: Power Plant Prince\n|-damage|p1b: Power Plant Prince|55\/100\n|-damage|p2b: Rag|84\/100|[from] item: Rocky Helmet|[of] p1b: Power Plant Prince\n|-enditem|p1b: Power Plant Prince|Rocky Helmet|[from] move: Knock Off|[of] p2b: Rag\n|move|p1a: Surfin' K.A.N.T.O.|Blizzard|p2b: Rag|[spread] p2b\n|-miss|p1a: Surfin' K.A.N.T.O.|p2a: Slay\n|-damage|p2b: Rag|47\/100\n|\n|upkeep\n|turn|5\n|inactive|Denvah_17 has 120 seconds left.\n|\n|t:|1699742876\n|move|p1b: Power Plant Prince|Roost|p1b: Power Plant Prince\n|-heal|p1b: Power Plant Prince|100\/100\n|-singleturn|p1b: Power Plant Prince|move: Roost\n|move|p2b: Rag|Sunny Day|p2b: Rag\n|-weather|SunnyDay\n|-formechange|p2a: Slay|Cherrim-Sunshine|[msg]|[from] ability: Flower Gift\n|move|p2a: Slay|Heal Pulse|p2b: Rag\n|-heal|p2b: Rag|97\/100\n|move|p1a: Surfin' K.A.N.T.O.|Sparkling Aria|p2a: Slay|[spread] p1b,p2a,p2b\n|-resisted|p2a: Slay\n|-damage|p1b: Power Plant Prince|88\/100\n|-damage|p2a: Slay|0 fnt\n|-damage|p2b: Rag|88\/100\n|faint|p2a: Slay\n|\n|-weather|SunnyDay|[upkeep]\n|upkeep\n|inactive|RandomSkillSwapp has 120 seconds left.\n|\n|t:|1699742906\n|switch|p2a: Overrated|Charizard, M|100\/100\n|turn|6\n|inactive|Denvah_17 has 120 seconds left.\n|inactive|Denvah_17 has 90 seconds left.\n|\n|t:|1699742964\n|detailschange|p2a: Overrated|Charizard-Mega-Y, M\n|-mega|p2a: Overrated|Charizard|Charizardite Y\n|-terastallize|p1b: Power Plant Prince|Electric\n|move|p2a: Overrated|Heat Wave|p1b: Power Plant Prince|[spread] p1a,p1b\n|-damage|p1a: Surfin' K.A.N.T.O.|40\/100\n|-damage|p1b: Power Plant Prince|24\/100\n|move|p1b: Power Plant Prince|Discharge|p2b: Rag|[spread] p1a,p2a,p2b\n|-supereffective|p1a: Surfin' K.A.N.T.O.\n|-supereffective|p2a: Overrated\n|-damage|p1a: Surfin' K.A.N.T.O.|0 fnt\n|-damage|p2a: Overrated|6\/100\n|-damage|p2b: Rag|46\/100\n|faint|p1a: Surfin' K.A.N.T.O.\n|move|p2b: Rag|Thunder Wave|p1b: Power Plant Prince|[miss]\n|-miss|p2b: Rag|p1b: Power Plant Prince\n|\n|-weather|SunnyDay|[upkeep]\n|upkeep\n|inactive|Denvah_17 has 90 seconds left.\n|\n|t:|1699742973\n|switch|p1a: Giovanni|Rhyperior, M, shiny|100\/100\n|turn|7\n|\n|t:|1699742982\n|move|p2a: Overrated|Solar Beam||[still]\n|-prepare|p2a: Overrated|Solar Beam\n|-anim|p2a: Overrated|Solar Beam|p1a: Giovanni\n|-supereffective|p1a: Giovanni\n|-damage|p1a: Giovanni|0 fnt\n|faint|p1a: Giovanni\n|move|p1b: Power Plant Prince|Roost|p1b: Power Plant Prince\n|-heal|p1b: Power Plant Prince|74\/100\n|move|p2b: Rag|Knock Off|p1b: Power Plant Prince\n|-damage|p1b: Power Plant Prince|58\/100\n|-status|p2b: Rag|par|[from] ability: Static|[of] p1b: Power Plant Prince\n|\n|-weather|SunnyDay|[upkeep]\n|upkeep\n|turn|8\n|\n|t:|1699742994\n|move|p2a: Overrated|Heat Wave|p1b: Power Plant Prince\n|-damage|p1b: Power Plant Prince|0 fnt\n|faint|p1b: Power Plant Prince\n|\n|win|RandomSkillSwapp\n|raw|Denvah_17's rating: 1254 &rarr; <strong>1224<\/strong><br \/>(-30 for losing)\n|raw|RandomSkillSwapp's rating: 1187 &rarr; <strong>1217<\/strong><br \/>(+30 for winning)\n|c|\u2606RandomSkillSwapp|gg\n|c|\u2606RandomSkillSwapp|very messy game\n","uploadtime":1699743008,"views":5,"p1id":"denvah17","p2id":"randomskillswapp","formatid":"gen9nationaldexdoubles","rating":1217,"private":0,"password":""}