{"id":"gen9nationaldexdoubles-1973085024","p1":"Savant5","p2":"Kaminwu","format":"[Gen 9] National Dex Doubles","log":"|j|\u2606Savant5\n|j|\u2606Kaminwu\n|t:|1697925931\n|gametype|doubles\n|player|p1|Savant5|170|\n|player|p2|Kaminwu|blaine|\n|teamsize|p1|6\n|teamsize|p2|6\n|gen|9\n|tier|[Gen 9] National Dex Doubles\n|rule|HP Percentage Mod: HP is shown in percentages\n|rule|Endless Battle Clause: Forcing endless battles is banned\n|rule|OHKO Clause: OHKO moves are banned\n|rule|Evasion Moves Clause: Evasion moves are banned\n|rule|Evasion Abilities Clause: Evasion abilities are banned\n|rule|Species Clause: Limit one of each Pok\u00e9mon\n|rule|Gravity Sleep Clause: The combination of sleep-inducing moves with imperfect accuracy and Gravity or Gigantamax Orbeetle are banned\n|clearpoke\n|poke|p1|Torterra, F|\n|poke|p1|Arcanine-Hisui, M|\n|poke|p1|Rotom-Wash|\n|poke|p1|Ursaluna-Bloodmoon, M|\n|poke|p1|Kleavor, M|\n|poke|p1|Duraludon, M|\n|poke|p2|Zeraora|\n|poke|p2|Volcarona, M|\n|poke|p2|Urshifu-*, M|\n|poke|p2|Glastrier|\n|poke|p2|Altaria, M|\n|poke|p2|Corviknight, M|\n|teampreview\n|\n|t:|1697925954\n|start\n|switch|p1a: Torterra|Torterra, F|100\/100\n|switch|p1b: Ursaluna|Ursaluna-Bloodmoon, M|100\/100\n|switch|p2a: Glastrier|Glastrier|100\/100\n|switch|p2b: Urshifu|Urshifu-Rapid-Strike, M|100\/100\n|turn|1\n|\n|t:|1697926011\n|switch|p1a: Rotom|Rotom-Wash|100\/100\n|switch|p1b: Duraludon|Duraludon, M|100\/100\n|move|p2b: Urshifu|Surging Strikes|p1b: Duraludon\n|-resisted|p1b: Duraludon\n|-crit|p1b: Duraludon\n|-damage|p1b: Duraludon|88\/100\n|-resisted|p1b: Duraludon\n|-crit|p1b: Duraludon\n|-damage|p1b: Duraludon|78\/100\n|-resisted|p1b: Duraludon\n|-crit|p1b: Duraludon\n|-damage|p1b: Duraludon|66\/100\n|-hitcount|p1b: Duraludon|3\n|move|p2a: Glastrier|Icicle Crash|p1a: Rotom|[miss]\n|-miss|p2a: Glastrier|p1a: Rotom\n|\n|upkeep\n|turn|2\n|\n|t:|1697926048\n|-terastallize|p2a: Glastrier|Water\n|move|p2b: Urshifu|Taunt|p1a: Rotom\n|-start|p1a: Rotom|move: Taunt\n|move|p1b: Duraludon|Flash Cannon|p2a: Glastrier\n|-resisted|p2a: Glastrier\n|-damage|p2a: Glastrier|86\/100\n|cant|p1a: Rotom|move: Taunt|Will-O-Wisp\n|move|p2a: Glastrier|Iron Defense|p2a: Glastrier\n|-boost|p2a: Glastrier|def|2\n|\n|upkeep\n|turn|3\n|\n|t:|1697926085\n|switch|p2b: Zeraora|Zeraora, shiny|100\/100\n|move|p1b: Duraludon|Thunderbolt|p2a: Glastrier\n|-supereffective|p2a: Glastrier\n|-damage|p2a: Glastrier|40\/100\n|move|p1a: Rotom|Volt Switch|p2a: Glastrier\n|-supereffective|p2a: Glastrier\n|-damage|p2a: Glastrier|6\/100\n|\n|t:|1697926112\n|switch|p1a: Torterra|Torterra, F|100\/100|[from] Volt Switch\n|move|p2a: Glastrier|High Horsepower|p1b: Duraludon\n|-supereffective|p1b: Duraludon\n|-damage|p1b: Duraludon|0 fnt\n|faint|p1b: Duraludon\n|-ability|p2a: Glastrier|Chilling Neigh|boost\n|-boost|p2a: Glastrier|atk|1\n|\n|upkeep\n|\n|t:|1697926130\n|switch|p1b: Kleavor|Kleavor, M|100\/100\n|turn|4\n|\n|t:|1697926159\n|switch|p2a: Corviknight|Corviknight, M|100\/100\n|move|p2b: Zeraora|Fake Out|p1a: Torterra\n|-damage|p1a: Torterra|88\/100\n|move|p1b: Kleavor|Stone Axe|p2a: Corviknight\n|-damage|p2a: Corviknight|49\/100\n|-damage|p1b: Kleavor|84\/100|[from] item: Rocky Helmet|[of] p2a: Corviknight\n|-sidestart|p2: Kaminwu|move: Stealth Rock\n|cant|p1a: Torterra|flinch\n|\n|upkeep\n|turn|5\n|\n|t:|1697926206\n|-terastallize|p1a: Torterra|Rock\n|move|p2b: Zeraora|Plasma Fists|p1b: Kleavor\n|-damage|p1b: Kleavor|21\/100\n|-fieldactivate|move: Ion Deluge\n|-hint|Normal-type moves become Electric-type after using Plasma Fists.\n|move|p1b: Kleavor|Stone Axe|p2a: Corviknight\n|-damage|p2a: Corviknight|0 fnt\n|-damage|p1b: Kleavor|4\/100|[from] item: Rocky Helmet|[of] p2a: Corviknight\n|faint|p2a: Corviknight\n|move|p1a: Torterra|Shell Smash|p1a: Torterra\n|-unboost|p1a: Torterra|def|1\n|-unboost|p1a: Torterra|spd|1\n|-boost|p1a: Torterra|atk|2\n|-boost|p1a: Torterra|spa|2\n|-boost|p1a: Torterra|spe|2\n|\n|upkeep\n|\n|t:|1697926224\n|switch|p2a: Urshifu|Urshifu-Rapid-Strike, M|100\/100\n|-damage|p2a: Urshifu|94\/100|[from] Stealth Rock\n|turn|6\n|\n|t:|1697926240\n|switch|p2b: Volcarona|Volcarona, M|100\/100\n|move|p2a: Urshifu|Aqua Jet|p1b: Kleavor\n|-supereffective|p1b: Kleavor\n|-crit|p1b: Kleavor\n|-damage|p1b: Kleavor|0 fnt\n|faint|p1b: Kleavor\n|move|p1a: Torterra|Bullet Seed|p2a: Urshifu\n|-supereffective|p2a: Urshifu\n|-damage|p2a: Urshifu|43\/100\n|-supereffective|p2a: Urshifu\n|-damage|p2a: Urshifu|0 fnt\n|faint|p2a: Urshifu\n|-hitcount|p2: Urshifu|2\n|\n|upkeep\n|\n|t:|1697926255\n|switch|p2a: Glastrier|Glastrier, tera:Water|6\/100\n|switch|p1b: Arcanine|Arcanine-Hisui, M|100\/100\n|turn|7\n|\n|t:|1697926281\n|move|p1a: Torterra|Rock Blast|p2b: Volcarona\n|-supereffective|p2b: Volcarona\n|-damage|p2b: Volcarona|0 fnt\n|faint|p2b: Volcarona\n|-hitcount|p2: Volcarona|1\n|move|p1b: Arcanine|Head Smash|p2a: Glastrier\n|-damage|p2a: Glastrier|0 fnt\n|faint|p2a: Glastrier\n|\n|upkeep\n|\n|t:|1697926292\n|switch|p2b: Zeraora|Zeraora, shiny|100\/100\n|switch|p2a: Altaria|Altaria, M|100\/100\n|-damage|p2a: Altaria|76\/100|[from] Stealth Rock\n|turn|8\n|\n|t:|1697926304\n|detailschange|p2a: Altaria|Altaria-Mega, M\n|-mega|p2a: Altaria|Altaria|Altarianite\n|move|p2b: Zeraora|Fake Out|p1a: Torterra\n|-resisted|p1a: Torterra\n|-damage|p1a: Torterra|79\/100\n|cant|p1a: Torterra|flinch\n|move|p1b: Arcanine|Head Smash|p2a: Altaria\n|-damage|p2a: Altaria|0 fnt\n|faint|p2a: Altaria\n|\n|upkeep\n|turn|9\n|\n|t:|1697926318\n|move|p1a: Torterra|Headlong Rush|p2b: Zeraora\n|-supereffective|p2b: Zeraora\n|-damage|p2b: Zeraora|0 fnt\n|-unboost|p1a: Torterra|def|1\n|-unboost|p1a: Torterra|spd|1\n|faint|p2b: Zeraora\n|\n|win|Savant5\n|c|\u2606Savant5|told you, lil bro\n|c|\u2606Savant5|I made the perfect team\n","uploadtime":1697926359,"views":19,"p1id":"savant5","p2id":"kaminwu","formatid":"gen9nationaldexdoubles","rating":0,"private":0,"password":""}