{"id":"gen9nationaldexdoubles-1955984737","p1":"L0rdBagel","p2":"ToastSlayer","format":"[Gen 9] National Dex Doubles","log":"|j|\u2606L0rdBagel\n|j|\u2606ToastSlayer\n|t:|1696052581\n|gametype|doubles\n|player|p1|L0rdBagel|juan|\n|player|p2|ToastSlayer|crasherwake|\n|teamsize|p1|6\n|teamsize|p2|6\n|gen|9\n|tier|[Gen 9] National Dex Doubles\n|rule|HP Percentage Mod: HP is shown in percentages\n|rule|Endless Battle Clause: Forcing endless battles is banned\n|rule|OHKO Clause: OHKO moves are banned\n|rule|Evasion Moves Clause: Evasion moves are banned\n|rule|Evasion Abilities Clause: Evasion abilities are banned\n|rule|Species Clause: Limit one of each Pok\u00e9mon\n|rule|Gravity Sleep Clause: The combination of sleep-inducing moves with imperfect accuracy and Gravity or Gigantamax Orbeetle are banned\n|clearpoke\n|poke|p1|Pelipper, F|\n|poke|p1|Swampert, F|\n|poke|p1|Golisopod, F|\n|poke|p1|Rotom-Wash|\n|poke|p1|Gyarados, F|\n|poke|p1|Empoleon, M|\n|poke|p2|Lickitung, F|\n|poke|p2|Corviknight, M|\n|poke|p2|Ribombee, F|\n|poke|p2|Lopunny, F|\n|poke|p2|Kartana|\n|poke|p2|Illumise, F|\n|teampreview\n|inactive|Battle timer is ON: inactive players will automatically lose when time's up. (requested by ToastSlayer)\n|c|\u2606ToastSlayer|Good luck!\n|\n|t:|1696052594\n|start\n|switch|p1a: Pelipper|Pelipper, F|100\/100\n|switch|p1b: Swampert|Swampert, F|100\/100\n|switch|p2a: Illumise|Illumise, F|100\/100\n|switch|p2b: Kartana|Kartana|100\/100\n|-weather|RainDance|[from] ability: Drizzle|[of] p1a: Pelipper\n|turn|1\n|\n|t:|1696052611\n|detailschange|p1b: Swampert|Swampert-Mega, F\n|-mega|p1b: Swampert|Swampert|Swampertite\n|move|p2a: Illumise|Tailwind|p2a: Illumise\n|-sidestart|p2: ToastSlayer|move: Tailwind\n|move|p2b: Kartana|Leaf Blade|p1b: Swampert\n|-supereffective|p1b: Swampert\n|-damage|p1b: Swampert|0 fnt\n|faint|p1b: Swampert\n|-ability|p2b: Kartana|Beast Boost|boost\n|-boost|p2b: Kartana|atk|1\n|move|p1a: Pelipper|Tailwind|p1a: Pelipper\n|-sidestart|p1: L0rdBagel|move: Tailwind\n|\n|-weather|RainDance|[upkeep]\n|upkeep\n|\n|t:|1696052630\n|switch|p1b: Gyarados|Gyarados, F|100\/100\n|-ability|p1b: Gyarados|Intimidate|boost\n|-unboost|p2a: Illumise|atk|1\n|-unboost|p2b: Kartana|atk|1\n|turn|2\n|\n|t:|1696052654\n|switch|p2a: Lopunny|Lopunny, F|100\/100\n|move|p2b: Kartana|Leaf Blade|p1b: Gyarados\n|-damage|p1b: Gyarados|27\/100\n|move|p1b: Gyarados|Earthquake|p2b: Kartana|[spread] p2a,p2b\n|-immune|p1a: Pelipper\n|-damage|p2a: Lopunny|58\/100\n|-damage|p2b: Kartana|72\/100\n|move|p1a: Pelipper|Air Slash|p2b: Kartana\n|-damage|p2b: Kartana|0 fnt\n|faint|p2b: Kartana\n|\n|-weather|RainDance|[upkeep]\n|-heal|p1b: Gyarados|33\/100|[from] item: Leftovers\n|upkeep\n|inactive|ToastSlayer has 270 seconds left.\n|\n|t:|1696052669\n|switch|p2b: Ribombee|Ribombee, F|100\/100\n|turn|3\n|\n|t:|1696052689\n|detailschange|p2a: Lopunny|Lopunny-Mega, F\n|-mega|p2a: Lopunny|Lopunny|Lopunnite\n|move|p2a: Lopunny|Return|p1a: Pelipper\n|-damage|p1a: Pelipper|44\/100\n|move|p2b: Ribombee|Moonblast|p1b: Gyarados\n|-damage|p1b: Gyarados|0 fnt\n|faint|p1b: Gyarados\n|move|p1a: Pelipper|Air Slash|p2b: Ribombee\n|-supereffective|p2b: Ribombee\n|-enditem|p2b: Ribombee|Focus Sash\n|-damage|p2b: Ribombee|1\/100\n|\n|-weather|RainDance|[upkeep]\n|upkeep\n|\n|t:|1696052699\n|switch|p1b: Golisopod|Golisopod, F|100\/100\n|turn|4\n|\n|t:|1696052712\n|switch|p2b: Illumise|Illumise, F|100\/100\n|move|p1b: Golisopod|First Impression|p2a: Lopunny\n|-resisted|p2a: Lopunny\n|-damage|p2a: Lopunny|24\/100\n|move|p2a: Lopunny|Return|p1a: Pelipper\n|-damage|p1a: Pelipper|0 fnt\n|faint|p1a: Pelipper\n|\n|-weather|RainDance|[upkeep]\n|-sideend|p1: L0rdBagel|move: Tailwind\n|-sideend|p2: ToastSlayer|move: Tailwind\n|upkeep\n|\n|t:|1696052721\n|switch|p1a: Rotom|Rotom-Wash|100\/100\n|turn|5\n|\n|t:|1696052732\n|move|p2b: Illumise|Tailwind|p2b: Illumise\n|-sidestart|p2: ToastSlayer|move: Tailwind\n|move|p2a: Lopunny|Return|p1b: Golisopod\n|-damage|p1b: Golisopod|60\/100\n|move|p1a: Rotom|Thunder|p2a: Lopunny\n|-damage|p2a: Lopunny|0 fnt\n|faint|p2a: Lopunny\n|move|p1b: Golisopod|Waterfall|p2b: Illumise\n|-damage|p2b: Illumise|9\/100\n|\n|-weather|RainDance|[upkeep]\n|upkeep\n|\n|t:|1696052751\n|switch|p2a: Ribombee|Ribombee, F|1\/100\n|turn|6\n|\n|t:|1696052766\n|move|p2b: Illumise|Light Screen|p2b: Illumise\n|-sidestart|p2: ToastSlayer|move: Light Screen\n|move|p2a: Ribombee|Moonblast|p1b: Golisopod\n|-damage|p1b: Golisopod|34\/100\n|-activate|p1b: Golisopod|ability: Emergency Exit\n|\n|t:|1696052772\n|switch|p1b: Empoleon|Empoleon, M|100\/100\n|move|p1a: Rotom|Thunder|p2a: Ribombee\n|-damage|p2a: Ribombee|0 fnt\n|faint|p2a: Ribombee\n|\n|-weather|RainDance|[upkeep]\n|upkeep\n|inactive|ToastSlayer has 270 seconds left.\n|\n|t:|1696052814\n|switch|p2a: Lickitung|Lickitung, F|100\/100\n|turn|7\n|\n|t:|1696052829\n|switch|p2b: Corviknight|Corviknight, M|100\/100\n|-ability|p2b: Corviknight|Pressure\n|move|p1a: Rotom|Thunder|p2a: Lickitung\n|-damage|p2a: Lickitung|80\/100\n|move|p2a: Lickitung|Amnesia|p2a: Lickitung\n|-boost|p2a: Lickitung|spd|2\n|move|p1b: Empoleon|Scald|p2b: Corviknight\n|-damage|p2b: Corviknight|61\/100\n|\n|-weather|RainDance|[upkeep]\n|-heal|p2b: Corviknight|67\/100|[from] item: Leftovers\n|upkeep\n|turn|8\n|\n|t:|1696052856\n|switch|p2b: Illumise|Illumise, F|9\/100\n|move|p1a: Rotom|Thunder|p2b: Illumise\n|-damage|p2b: Illumise|0 fnt\n|faint|p2b: Illumise\n|move|p2a: Lickitung|Wish|p2a: Lickitung\n|move|p1b: Empoleon|Scald|p2a: Lickitung\n|-damage|p2a: Lickitung|65\/100\n|-status|p2a: Lickitung|brn\n|\n|-weather|none\n|-damage|p2a: Lickitung|59\/100 brn|[from] brn\n|-sideend|p2: ToastSlayer|move: Tailwind\n|upkeep\n|inactive|ToastSlayer has 270 seconds left.\n|\n|t:|1696052867\n|switch|p2b: Corviknight|Corviknight, M|67\/100\n|-ability|p2b: Corviknight|Pressure\n|turn|9\n|\n|t:|1696052891\n|move|p1a: Rotom|Thunder|p2b: Corviknight\n|-supereffective|p2b: Corviknight\n|-damage|p2b: Corviknight|2\/100\n|-status|p2b: Corviknight|par\n|move|p1b: Empoleon|Ice Beam|p2a: Lickitung\n|-damage|p2a: Lickitung|51\/100 brn\n|move|p2a: Lickitung|Amnesia|p2a: Lickitung\n|-boost|p2a: Lickitung|spd|2\n|move|p2b: Corviknight|Body Press|p1a: Rotom\n|-damage|p1a: Rotom|74\/100\n|\n|-heal|p2a: Lickitung|100\/100 brn|[from] move: Wish|[wisher] Lickitung\n|-heal|p2b: Corviknight|8\/100 par|[from] item: Leftovers\n|-damage|p2a: Lickitung|94\/100 brn|[from] brn\n|upkeep\n|turn|10\n|\n|t:|1696052913\n|move|p1a: Rotom|Thunder|p2b: Corviknight\n|-supereffective|p2b: Corviknight\n|-crit|p2b: Corviknight\n|-damage|p2b: Corviknight|0 fnt\n|faint|p2b: Corviknight\n|move|p1b: Empoleon|Air Slash|p2a: Lickitung\n|-damage|p2a: Lickitung|90\/100 brn\n|move|p2a: Lickitung|Amnesia|p2a: Lickitung\n|-boost|p2a: Lickitung|spd|2\n|\n|-damage|p2a: Lickitung|84\/100 brn|[from] brn\n|upkeep\n|turn|11\n|c|\u2606ToastSlayer|Ooh boy, stall time.\n|\n|t:|1696052929\n|move|p1a: Rotom|Thunder|p2a: Lickitung\n|-damage|p2a: Lickitung|78\/100 brn\n|move|p1b: Empoleon|Air Slash|p2a: Lickitung\n|-damage|p2a: Lickitung|76\/100 brn\n|cant|p2a: Lickitung|flinch\n|\n|-damage|p2a: Lickitung|69\/100 brn|[from] brn\n|upkeep\n|turn|12\n|\n|t:|1696052941\n|move|p1a: Rotom|Thunder|p2a: Lickitung\n|-damage|p2a: Lickitung|64\/100 brn\n|move|p1b: Empoleon|Air Slash|p2a: Lickitung\n|-damage|p2a: Lickitung|61\/100 brn\n|move|p2a: Lickitung|Defense Curl|p2a: Lickitung\n|-boost|p2a: Lickitung|def|1\n|\n|-damage|p2a: Lickitung|55\/100 brn|[from] brn\n|upkeep\n|turn|13\n|\n|t:|1696052952\n|switch|p1a: Golisopod|Golisopod, F|34\/100\n|move|p1b: Empoleon|Air Slash|p2a: Lickitung\n|-damage|p2a: Lickitung|52\/100 brn\n|move|p2a: Lickitung|Wish|p2a: Lickitung\n|\n|-damage|p2a: Lickitung|46\/100 brn|[from] brn\n|-sideend|p2: ToastSlayer|move: Light Screen\n|upkeep\n|turn|14\n|\n|t:|1696052961\n|move|p2a: Lickitung|Protect|p2a: Lickitung\n|-singleturn|p2a: Lickitung|Protect\n|move|p1b: Empoleon|Air Slash|p2a: Lickitung\n|-activate|p2a: Lickitung|move: Protect\n|move|p1a: Golisopod|Brick Break|p2a: Lickitung\n|-activate|p2a: Lickitung|move: Protect\n|\n|-heal|p2a: Lickitung|96\/100 brn|[from] move: Wish|[wisher] Lickitung\n|-damage|p2a: Lickitung|89\/100 brn|[from] brn\n|upkeep\n|turn|15\n|\n|t:|1696052973\n|move|p1b: Empoleon|Air Slash|p2a: Lickitung\n|-damage|p2a: Lickitung|85\/100 brn\n|move|p1a: Golisopod|Brick Break|p2a: Lickitung\n|-supereffective|p2a: Lickitung\n|-damage|p2a: Lickitung|60\/100 brn\n|cant|p2a: Lickitung|flinch\n|\n|-damage|p2a: Lickitung|54\/100 brn|[from] brn\n|upkeep\n|turn|16\n|\n|t:|1696052983\n|move|p1b: Empoleon|Air Slash|p2a: Lickitung\n|-damage|p2a: Lickitung|49\/100 brn\n|move|p1a: Golisopod|Brick Break|p2a: Lickitung\n|-supereffective|p2a: Lickitung\n|-damage|p2a: Lickitung|26\/100 brn\n|cant|p2a: Lickitung|flinch\n|\n|-damage|p2a: Lickitung|20\/100 brn|[from] brn\n|upkeep\n|turn|17\n|\n|t:|1696052995\n|move|p1b: Empoleon|Air Slash|p2a: Lickitung\n|-damage|p2a: Lickitung|15\/100 brn\n|move|p1a: Golisopod|Brick Break|p2a: Lickitung\n|-supereffective|p2a: Lickitung\n|-damage|p2a: Lickitung|0 fnt\n|faint|p2a: Lickitung\n|\n|win|L0rdBagel\n","uploadtime":1696052999,"views":8,"p1id":"l0rdbagel","p2id":"toastslayer","formatid":"gen9nationaldexdoubles","rating":0,"private":0,"password":""}