{"id":"gen9nationaldexdoubles-1978312976","p1":"yaya_x3","p2":"vlpraca","format":"[Gen 9] National Dex Doubles","log":"|j|\u2606yaya_x3\n|j|\u203dvlpraca\n|t:|1698523946\n|gametype|doubles\n|player|p1|yaya_x3|cyclistf|1122\n|player|p2|vlpraca|brock|1279\n|teamsize|p1|6\n|teamsize|p2|6\n|gen|9\n|tier|[Gen 9] National Dex Doubles\n|rated|\n|rule|HP Percentage Mod: HP is shown in percentages\n|rule|Endless Battle Clause: Forcing endless battles is banned\n|rule|OHKO Clause: OHKO moves are banned\n|rule|Evasion Moves Clause: Evasion moves are banned\n|rule|Evasion Abilities Clause: Evasion abilities are banned\n|rule|Species Clause: Limit one of each Pok\u00e9mon\n|rule|Gravity Sleep Clause: The combination of sleep-inducing moves with imperfect accuracy and Gravity or Gigantamax Orbeetle are banned\n|clearpoke\n|poke|p1|Dragonite, M|\n|poke|p1|Clefable, M|\n|poke|p1|Amoonguss, F|\n|poke|p1|Walking Wake|\n|poke|p1|Charizard, M|\n|poke|p1|Clefairy, F|\n|poke|p2|Serperior, M|\n|poke|p2|Togekiss, F|\n|poke|p2|Ferrothorn, M|\n|poke|p2|Lucario, M|\n|poke|p2|Slowking, M|\n|poke|p2|Tyranitar, F|\n|teampreview\n|inactive|Battle timer is ON: inactive players will automatically lose when time's up. (requested by vlpraca)\n|\n|t:|1698523977\n|start\n|switch|p1a: Clefable|Clefable, M|100\/100\n|switch|p1b: Charizard|Charizard, M|100\/100\n|switch|p2a: Tyranitar|Tyranitar, F|100\/100\n|switch|p2b: Slowking|Slowking, M|100\/100\n|-weather|Sandstorm|[from] ability: Sand Stream|[of] p2a: Tyranitar\n|turn|1\n|\n|t:|1698523996\n|detailschange|p2a: Tyranitar|Tyranitar-Mega, F\n|-mega|p2a: Tyranitar|Tyranitar|Tyranitarite\n|move|p1b: Charizard|Protect|p1b: Charizard\n|-singleturn|p1b: Charizard|Protect\n|move|p2a: Tyranitar|Rock Slide|p1b: Charizard|[spread] p1a\n|-activate|p1b: Charizard|move: Protect\n|-damage|p1a: Clefable|65\/100\n|move|p1a: Clefable|Reflect|p1a: Clefable\n|-sidestart|p1: yaya_x3|Reflect\n|move|p2b: Slowking|Psychic|p1a: Clefable\n|-damage|p1a: Clefable|40\/100\n|\n|-weather|Sandstorm|[upkeep]\n|-damage|p1b: Charizard|94\/100|[from] Sandstorm\n|-damage|p2b: Slowking|94\/100|[from] Sandstorm\n|-heal|p1a: Clefable|46\/100|[from] item: Leftovers\n|-heal|p2b: Slowking|100\/100|[from] item: Leftovers\n|upkeep\n|turn|2\n|\n|t:|1698524022\n|switch|p1a: Clefairy|Clefairy, F|100\/100\n|detailschange|p1b: Charizard|Charizard-Mega-Y, M\n|-mega|p1b: Charizard|Charizard|Charizardite Y\n|-weather|SunnyDay|[from] ability: Drought|[of] p1b: Charizard\n|move|p1b: Charizard|Solar Beam||[still]\n|-prepare|p1b: Charizard|Solar Beam\n|-anim|p1b: Charizard|Solar Beam|p2a: Tyranitar\n|-supereffective|p2a: Tyranitar\n|-damage|p2a: Tyranitar|36\/100\n|move|p2a: Tyranitar|Rock Slide|p1b: Charizard|[spread] p1a,p1b\n|-supereffective|p1b: Charizard\n|-damage|p1a: Clefairy|77\/100\n|-damage|p1b: Charizard|0 fnt\n|faint|p1b: Charizard\n|move|p2b: Slowking|Psychic|p1a: Clefairy\n|-damage|p1a: Clefairy|53\/100\n|\n|-weather|SunnyDay|[upkeep]\n|upkeep\n|inactive|yaya_x3 has 120 seconds left.\n|\n|t:|1698524041\n|switch|p1b: Walking Wake|Walking Wake|100\/100\n|-activate|p1b: Walking Wake|ability: Protosynthesis\n|-start|p1b: Walking Wake|protosynthesisspe\n|turn|3\n|\n|t:|1698524051\n|switch|p2a: Ferrothorn|Ferrothorn, M|100\/100\n|move|p1a: Clefairy|Follow Me|p1a: Clefairy\n|-singleturn|p1a: Clefairy|move: Follow Me\n|move|p1b: Walking Wake|Flamethrower|p2a: Ferrothorn\n|-supereffective|p2a: Ferrothorn\n|-damage|p2a: Ferrothorn|0 fnt\n|faint|p2a: Ferrothorn\n|move|p2b: Slowking|Psychic|p1a: Clefairy\n|-damage|p1a: Clefairy|27\/100\n|-unboost|p1a: Clefairy|spd|1\n|\n|-weather|SunnyDay|[upkeep]\n|upkeep\n|\n|t:|1698524058\n|switch|p2a: Tyranitar|Tyranitar-Mega, F|36\/100\n|-weather|Sandstorm|[from] ability: Sand Stream|[of] p2a: Tyranitar\n|-end|p1b: Walking Wake|Protosynthesis\n|turn|4\n|\n|t:|1698524074\n|-end|p1b: Walking Wake|Protosynthesis|[silent]\n|switch|p1b: Clefable|Clefable, M|46\/100\n|switch|p1a: Amoonguss|Amoonguss, F|100\/100\n|move|p2a: Tyranitar|Rock Slide|p1a: Amoonguss|[spread] p1a,p1b\n|-damage|p1a: Amoonguss|80\/100\n|-damage|p1b: Clefable|23\/100\n|move|p2b: Slowking|Psychic|p1b: Clefable\n|-damage|p1b: Clefable|0 fnt\n|faint|p1b: Clefable\n|\n|-weather|Sandstorm|[upkeep]\n|-damage|p2b: Slowking|94\/100|[from] Sandstorm\n|-damage|p1a: Amoonguss|74\/100|[from] Sandstorm\n|-heal|p2b: Slowking|100\/100|[from] item: Leftovers\n|-heal|p1a: Amoonguss|80\/100|[from] item: Black Sludge\n|upkeep\n|inactive|yaya_x3 has 120 seconds left.\n|\n|t:|1698524096\n|switch|p1b: Walking Wake|Walking Wake|100\/100\n|turn|5\n|\n|t:|1698524112\n|move|p1b: Walking Wake|Hydro Steam|p2a: Tyranitar\n|-supereffective|p2a: Tyranitar\n|-damage|p2a: Tyranitar|0 fnt\n|faint|p2a: Tyranitar\n|move|p1a: Amoonguss|Spore|p2b: Slowking\n|-status|p2b: Slowking|slp|[from] move: Spore\n|cant|p2b: Slowking|slp\n|\n|-weather|Sandstorm|[upkeep]\n|-damage|p1b: Walking Wake|94\/100|[from] Sandstorm\n|-damage|p1a: Amoonguss|74\/100|[from] Sandstorm\n|-damage|p2b: Slowking|94\/100 slp|[from] Sandstorm\n|-heal|p2b: Slowking|100\/100 slp|[from] item: Leftovers\n|-heal|p1a: Amoonguss|80\/100|[from] item: Black Sludge\n|-sideend|p1: yaya_x3|Reflect\n|upkeep\n|\n|t:|1698524116\n|switch|p2a: Togekiss|Togekiss, F|100\/100\n|turn|6\n|\n|t:|1698524134\n|switch|p1a: Clefairy|Clefairy, F|27\/100\n|move|p1b: Walking Wake|Hydro Steam|p2a: Togekiss\n|-damage|p2a: Togekiss|50\/100\n|move|p2a: Togekiss|Air Slash|p1a: Clefairy\n|-crit|p1a: Clefairy\n|-damage|p1a: Clefairy|0 fnt\n|faint|p1a: Clefairy\n|-curestatus|p2b: Slowking|slp|[msg]\n|move|p2b: Slowking|Psychic|p1b: Walking Wake\n|-damage|p1b: Walking Wake|46\/100\n|-unboost|p1b: Walking Wake|spd|1\n|\n|-weather|Sandstorm|[upkeep]\n|-damage|p1b: Walking Wake|40\/100|[from] Sandstorm\n|-damage|p2a: Togekiss|44\/100|[from] Sandstorm\n|-damage|p2b: Slowking|94\/100|[from] Sandstorm\n|-heal|p2b: Slowking|100\/100|[from] item: Leftovers\n|upkeep\n|inactive|yaya_x3 has 120 seconds left.\n|\n|t:|1698524158\n|switch|p1a: Dragonite|Dragonite, M|100\/100\n|turn|7\n|\n|t:|1698524172\n|-terastallize|p1a: Dragonite|Normal\n|move|p1b: Walking Wake|Hydro Steam|p2a: Togekiss\n|-damage|p2a: Togekiss|0 fnt\n|faint|p2a: Togekiss\n|move|p1a: Dragonite|Dragon Dance|p1a: Dragonite\n|-boost|p1a: Dragonite|atk|1\n|-boost|p1a: Dragonite|spe|1\n|move|p2b: Slowking|Psychic|p1b: Walking Wake\n|-damage|p1b: Walking Wake|0 fnt\n|faint|p1b: Walking Wake\n|-end|p1b: Walking Wake|Protosynthesis|[silent]\n|\n|-weather|Sandstorm|[upkeep]\n|-damage|p1a: Dragonite|94\/100|[from] Sandstorm\n|-damage|p2b: Slowking|94\/100|[from] Sandstorm\n|-heal|p2b: Slowking|100\/100|[from] item: Leftovers\n|upkeep\n|\n|t:|1698524188\n|switch|p1b: Amoonguss|Amoonguss, F|100\/100\n|switch|p2a: Lucario|Lucario, M|100\/100\n|turn|8\n|\n|t:|1698524199\n|-terastallize|p2a: Lucario|Flying\n|move|p1b: Amoonguss|Rage Powder|p1b: Amoonguss\n|-singleturn|p1b: Amoonguss|move: Rage Powder\n|move|p1a: Dragonite|Thunder Punch|p2a: Lucario\n|-supereffective|p2a: Lucario\n|-damage|p2a: Lucario|0 fnt\n|faint|p2a: Lucario\n|-damage|p1a: Dragonite|84\/100|[from] item: Life Orb\n|move|p2b: Slowking|Psychic|p1b: Amoonguss\n|-supereffective|p1b: Amoonguss\n|-damage|p1b: Amoonguss|40\/100\n|\n|-weather|none\n|-heal|p1b: Amoonguss|46\/100|[from] item: Black Sludge\n|upkeep\n|\n|t:|1698524210\n|switch|p2a: Serperior|Serperior, M|100\/100\n|turn|9\n|\n|t:|1698524222\n|move|p1b: Amoonguss|Rage Powder|p1b: Amoonguss\n|-singleturn|p1b: Amoonguss|move: Rage Powder\n|move|p1a: Dragonite|Ice Punch|p2a: Serperior\n|-supereffective|p2a: Serperior\n|-damage|p2a: Serperior|0 fnt\n|faint|p2a: Serperior\n|-damage|p1a: Dragonite|74\/100|[from] item: Life Orb\n|move|p2b: Slowking|Psychic|p1b: Amoonguss\n|-supereffective|p1b: Amoonguss\n|-damage|p1b: Amoonguss|0 fnt\n|faint|p1b: Amoonguss\n|\n|upkeep\n|turn|10\n|\n|t:|1698524236\n|move|p1a: Dragonite|Thunder Punch|p2b: Slowking\n|-supereffective|p2b: Slowking\n|-damage|p2b: Slowking|0 fnt\n|faint|p2b: Slowking\n|-damage|p1a: Dragonite|65\/100|[from] item: Life Orb\n|\n|win|yaya_x3\n|raw|yaya_x3's rating: 1122 &rarr; <strong>1158<\/strong><br \/>(+36 for winning)\n|raw|vlpraca's rating: 1279 &rarr; <strong>1243<\/strong><br \/>(-36 for losing)\n|l|\u203dvlpraca\n","uploadtime":1698524261,"views":23,"p1id":"yayax3","p2id":"vlpraca","formatid":"gen9nationaldexdoubles","rating":1158,"private":0,"password":""}