{"id":"gen9nationaldexdoubles-1970355785","p1":"Aroma Nobody","p2":"Begula on SD","format":"[Gen 9] National Dex Doubles","log":"|j|\u2606Aroma Nobody\n|j|\u2606Begula on SD\n|t:|1697631360\n|gametype|doubles\n|player|p1|Aroma Nobody|turo-ai|\n|player|p2|Begula on SD|barry|\n|teamsize|p1|6\n|teamsize|p2|6\n|gen|9\n|tier|[Gen 9] National Dex Doubles\n|rule|HP Percentage Mod: HP is shown in percentages\n|rule|Endless Battle Clause: Forcing endless battles is banned\n|rule|OHKO Clause: OHKO moves are banned\n|rule|Evasion Moves Clause: Evasion moves are banned\n|rule|Evasion Abilities Clause: Evasion abilities are banned\n|rule|Species Clause: Limit one of each Pok\u00e9mon\n|rule|Gravity Sleep Clause: The combination of sleep-inducing moves with imperfect accuracy and Gravity or Gigantamax Orbeetle are banned\n|clearpoke\n|poke|p1|Ampharos, F|\n|poke|p1|Urshifu-*, F|\n|poke|p1|Ogerpon-Hearthflame, F|\n|poke|p1|Ribombee, F|\n|poke|p1|Mamoswine, F|\n|poke|p1|Staraptor, F|\n|poke|p2|Alakazam, F|\n|poke|p2|Indeedee, M|\n|poke|p2|Munkidori, M|\n|poke|p2|Hoopa-Unbound|\n|poke|p2|Metagross|\n|poke|p2|Iron Hands|\n|teampreview\n|inactive|Battle timer is ON: inactive players will automatically lose when time's up. (requested by Begula on SD)\n|c|\u2606Aroma Nobody|Glhf\n|\n|t:|1697631381\n|start\n|switch|p1a: Mamoswine|Mamoswine, F|100\/100\n|switch|p1b: Ampharos|Ampharos, F|100\/100\n|switch|p2a: Alakazam|Alakazam, F|100\/100\n|switch|p2b: Indeedee|Indeedee, M|100\/100\n|-fieldstart|move: Psychic Terrain|[from] ability: Psychic Surge|[of] p2b: Indeedee\n|turn|1\n|c|\u2606Begula on SD|Glhf\n|inactive|Aroma Nobody has 270 seconds left.\n|\n|t:|1697631418\n|detailschange|p2a: Alakazam|Alakazam-Mega, F\n|-mega|p2a: Alakazam|Alakazam|Alakazite\n|-ability|p2a: Alakazam|Thick Fat|[from] ability: Trace|[of] p1a: Mamoswine\n|detailschange|p1b: Ampharos|Ampharos-Mega, F\n|-mega|p1b: Ampharos|Ampharos|Ampharosite\n|-ability|p1b: Ampharos|Mold Breaker\n|move|p2a: Alakazam|Expanding Force|p1b: Ampharos|[spread] p1a,p1b\n|-damage|p1a: Mamoswine|0 fnt\n|-damage|p1b: Ampharos|26\/100\n|faint|p1a: Mamoswine\n|move|p2b: Indeedee|Expanding Force|p1b: Ampharos\n|-damage|p1b: Ampharos|0 fnt\n|faint|p1b: Ampharos\n|\n|upkeep\n|\n|t:|1697631433\n|switch|p1a: Staraptor|Staraptor, F|100\/100\n|switch|p1b: Ribombee|Ribombee, F|100\/100\n|turn|2\n|c|\u2606Begula on SD|Mold breaker mega zam lol\n|\n|t:|1697631450\n|move|p1a: Staraptor|Brave Bird|p2a: Alakazam\n|-damage|p2a: Alakazam|0 fnt\n|faint|p2a: Alakazam\n|-damage|p1a: Staraptor|74\/100|[from] Recoil\n|move|p1b: Ribombee|Sticky Web|p2b: Indeedee\n|-sidestart|p2: Begula on SD|move: Sticky Web\n|move|p2b: Indeedee|Expanding Force|p1b: Ribombee|[spread] p1a,p1b\n|-damage|p1a: Staraptor|0 fnt\n|-damage|p1b: Ribombee|9\/100\n|faint|p1a: Staraptor\n|\n|upkeep\n|\n|t:|1697631471\n|switch|p2a: Munkidori|Munkidori, M|100\/100\n|switch|p1a: Ogerpon|Ogerpon-Hearthflame, F|100\/100\n|-ability|p1a: Ogerpon|Mold Breaker\n|-activate|p2a: Munkidori|move: Sticky Web\n|-unboost|p2a: Munkidori|spe|1\n|turn|3\n|c|\u2606Begula on SD|Seems like a gg\n|inactive|Aroma Nobody has 270 seconds left.\n|\n|t:|1697631514\n|move|p1b: Ribombee|Bug Buzz|p2b: Indeedee\n|-supereffective|p2b: Indeedee\n|-damage|p2b: Indeedee|0 fnt\n|faint|p2b: Indeedee\n|move|p1a: Ogerpon|Ivy Cudgel|p2a: Munkidori\n|-damage|p2a: Munkidori|8\/100\n|move|p2a: Munkidori|Psychic|p1a: Ogerpon\n|-damage|p1a: Ogerpon|8\/100\n|-damage|p2a: Munkidori|0 fnt|[from] item: Life Orb\n|faint|p2a: Munkidori\n|\n|upkeep\n|inactive|Begula on SD has 270 seconds left.\n|\n|t:|1697631535\n|switch|p2a: Metagross|Metagross|100\/100\n|switch|p2b: Iron Hands|Iron Hands|100\/100\n|-activate|p2a: Metagross|move: Sticky Web\n|-fail|p2a: Metagross|unboost|[from] ability: Clear Body|[of] p2a: Metagross\n|-activate|p2b: Iron Hands|move: Sticky Web\n|-unboost|p2b: Iron Hands|spe|1\n|turn|4\n|\n|t:|1697631543\n|move|p1b: Ribombee|Moonblast|p2b: Iron Hands\n|-supereffective|p2b: Iron Hands\n|-damage|p2b: Iron Hands|31\/100\n|-unboost|p2b: Iron Hands|spa|1\n|move|p1a: Ogerpon|Ivy Cudgel|p2a: Metagross\n|-supereffective|p2a: Metagross\n|-damage|p2a: Metagross|18\/100\n|move|p2a: Metagross|Power-Up Punch|p1a: Ogerpon\n|-damage|p1a: Ogerpon|0 fnt\n|-boost|p2a: Metagross|atk|1\n|faint|p1a: Ogerpon\n|move|p2b: Iron Hands|Volt Switch|p1b: Ribombee\n|-damage|p1b: Ribombee|0 fnt\n|faint|p1b: Ribombee\n|-damage|p2b: Iron Hands|21\/100|[from] item: Life Orb\n|\n|t:|1697631547\n|-end|p2b: Iron Hands|Quark Drive|[silent]\n|switch|p2b: Hoopa|Hoopa-Unbound|100\/100|[from] Volt Switch\n|-activate|p2b: Hoopa|move: Sticky Web\n|-unboost|p2b: Hoopa|spe|1\n|\n|upkeep\n|\n|t:|1697631552\n|switch|p1b: Urshifu|Urshifu-Rapid-Strike, F|100\/100\n|turn|5\n|\n|t:|1697631582\n|-terastallize|p1b: Urshifu|Water\n|move|p1b: Urshifu|Surging Strikes|p2b: Hoopa\n|-crit|p2b: Hoopa\n|-damage|p2b: Hoopa|21\/100\n|-crit|p2b: Hoopa\n|-damage|p2b: Hoopa|0 fnt\n|faint|p2b: Hoopa\n|-hitcount|p2: Hoopa|2\n|move|p2a: Metagross|Earthquake|p1b: Urshifu\n|-damage|p1b: Urshifu|39\/100\n|\n|upkeep\n|j| huoyibu\n|c|\u2606Aroma Nobody|Gg\n|\n|t:|1697631594\n|switch|p2b: Iron Hands|Iron Hands|21\/100\n|-activate|p2b: Iron Hands|move: Sticky Web\n|-unboost|p2b: Iron Hands|spe|1\n|turn|6\n|\n|t:|1697631612\n|move|p1b: Urshifu|Surging Strikes|p2a: Metagross\n|-crit|p2a: Metagross\n|-damage|p2a: Metagross|0 fnt\n|faint|p2a: Metagross\n|-hitcount|p2: Metagross|1\n|move|p2b: Iron Hands|Wild Charge|p1b: Urshifu\n|-supereffective|p1b: Urshifu\n|-damage|p1b: Urshifu|0 fnt\n|faint|p1b: Urshifu\n|-damage|p2b: Iron Hands|14\/100|[from] Recoil\n|-damage|p2b: Iron Hands|4\/100|[from] item: Life Orb\n|\n|win|Begula on SD\n|c|\u2606Begula on SD|Ggs\n","uploadtime":1697631623,"views":5,"p1id":"aromanobody","p2id":"begulaonsd","formatid":"gen9nationaldexdoubles","rating":0,"private":0,"password":""}