{"id":"gen9nationaldexdoubles-1950868868","p1":"Vixen 4 Life","p2":"MathHacker","format":"[Gen 9] National Dex Doubles","log":"|j|\u2606Vixen 4 Life\n|j|\u2606MathHacker\n|t:|1695514219\n|gametype|doubles\n|player|p1|Vixen 4 Life|penny|1308\n|player|p2|MathHacker|richboy-gen4|1433\n|teamsize|p1|6\n|teamsize|p2|6\n|gen|9\n|tier|[Gen 9] National Dex Doubles\n|rated|\n|rule|HP Percentage Mod: HP is shown in percentages\n|rule|Endless Battle Clause: Forcing endless battles is banned\n|rule|OHKO Clause: OHKO moves are banned\n|rule|Evasion Moves Clause: Evasion moves are banned\n|rule|Evasion Abilities Clause: Evasion abilities are banned\n|rule|Species Clause: Limit one of each Pok\u00e9mon\n|rule|Gravity Sleep Clause: The combination of sleep-inducing moves with imperfect accuracy and Gravity or Gigantamax Orbeetle are banned\n|clearpoke\n|poke|p1|Okidogi, M|\n|poke|p1|Roaring Moon|\n|poke|p1|Rillaboom, F|\n|poke|p1|Chien-Pao|\n|poke|p1|Gholdengo|\n|poke|p1|Gyarados, M|\n|poke|p2|Shuckle, F|\n|poke|p2|Pelipper, M|\n|poke|p2|Cresselia, F|\n|poke|p2|Torkoal, F|\n|poke|p2|Oranguru, F|\n|poke|p2|Ursaluna, F|\n|teampreview\n|\n|t:|1695514238\n|start\n|switch|p1a: Gyarados|Gyarados, M|100\/100\n|switch|p1b: Okidogi|Okidogi, M|100\/100\n|switch|p2a: Shucky|Shuckle, F, shiny|100\/100\n|switch|p2b: munke|Oranguru, F|100\/100\n|-ability|p1a: Gyarados|Intimidate|boost\n|-unboost|p2a: Shucky|atk|1\n|-unboost|p2b: munke|atk|1\n|turn|1\n|\n|t:|1695514257\n|move|p1a: Gyarados|Taunt|p2b: munke\n|-start|p2b: munke|move: Taunt\n|-enditem|p2b: munke|Mental Herb\n|-end|p2b: munke|move: Taunt\n|move|p1b: Okidogi|Bulk Up|p1b: Okidogi\n|-boost|p1b: Okidogi|atk|1\n|-boost|p1b: Okidogi|def|1\n|move|p2a: Shucky|Power Trick|p2a: Shucky\n|-start|p2a: Shucky|Power Trick\n|move|p2b: munke|Trick Room|p2b: munke\n|-fieldstart|move: Trick Room|[of] p2b: munke\n|\n|upkeep\n|turn|2\n|\n|t:|1695514279\n|move|p1b: Okidogi|Protect|p1b: Okidogi\n|-singleturn|p1b: Okidogi|Protect\n|move|p2a: Shucky|Rock Slide|p1b: Okidogi|[spread] p1a\n|-activate|p1b: Okidogi|move: Protect\n|-supereffective|p1a: Gyarados\n|-damage|p1a: Gyarados|29\/100\n|move|p2b: munke|Instruct|p2a: Shucky\n|-singleturn|p2a: Shucky|move: Instruct|[of] p2b: munke\n|move|p2a: Shucky|Rock Slide|p1a: Gyarados|[spread] p1a\n|-activate|p1b: Okidogi|move: Protect\n|-supereffective|p1a: Gyarados\n|-damage|p1a: Gyarados|0 fnt\n|faint|p1a: Gyarados\n|\n|upkeep\n|\n|t:|1695514292\n|switch|p1a: Rillaboom|Rillaboom, F|100\/100\n|-fieldstart|move: Grassy Terrain|[from] ability: Grassy Surge|[of] p1a: Rillaboom\n|turn|3\n|\n|t:|1695514306\n|move|p1a: Rillaboom|Fake Out|p2a: Shucky\n|-resisted|p2a: Shucky\n|-damage|p2a: Shucky|60\/100\n|cant|p2a: Shucky|flinch\n|move|p2b: munke|Instruct|p2a: Shucky\n|-singleturn|p2a: Shucky|move: Instruct|[of] p2b: munke\n|cant|p2a: Shucky|flinch\n|move|p1b: Okidogi|Bulk Up|p1b: Okidogi\n|-boost|p1b: Okidogi|atk|1\n|-boost|p1b: Okidogi|def|1\n|\n|-heal|p2a: Shucky|66\/100|[from] Grassy Terrain\n|upkeep\n|turn|4\n|\n|t:|1695514329\n|move|p1a: Rillaboom|Grassy Glide|p2a: Shucky\n|-damage|p2a: Shucky|0 fnt\n|faint|p2a: Shucky\n|move|p2b: munke|Instruct|p2: Shucky|[notarget]\n|-fail|p2b: munke\n|move|p1b: Okidogi|Poison Jab|p2b: munke\n|-damage|p2b: munke|34\/100\n|\n|-heal|p2b: munke|40\/100|[from] Grassy Terrain\n|upkeep\n|\n|t:|1695514339\n|switch|p2a: Yertle|Torkoal, F|100\/100\n|-weather|SunnyDay|[from] ability: Drought|[of] p2a: Yertle\n|turn|5\n|\n|t:|1695514367\n|-terastallize|p2a: Yertle|Fire\n|move|p1b: Okidogi|Protect|p1b: Okidogi\n|-singleturn|p1b: Okidogi|Protect\n|move|p1a: Rillaboom|Grassy Glide|p2b: munke\n|-damage|p2b: munke|8\/100\n|move|p2a: Yertle|Eruption|p1b: Okidogi|[spread] p1a\n|-activate|p1b: Okidogi|move: Protect\n|-supereffective|p1a: Rillaboom\n|-damage|p1a: Rillaboom|0 fnt\n|faint|p1a: Rillaboom\n|move|p2b: munke|Instruct|p2a: Yertle\n|-singleturn|p2a: Yertle|move: Instruct|[of] p2b: munke\n|move|p2a: Yertle|Eruption|p1b: Okidogi\n|-activate|p1b: Okidogi|move: Protect\n|\n|-weather|SunnyDay|[upkeep]\n|-heal|p2b: munke|14\/100|[from] Grassy Terrain\n|-fieldend|move: Trick Room\n|upkeep\n|\n|t:|1695514389\n|switch|p1a: Gholdengo|Gholdengo|100\/100\n|turn|6\n|\n|t:|1695514417\n|move|p1a: Gholdengo|Make It Rain|p2a: Yertle|[spread] p2a,p2b\n|-resisted|p2a: Yertle\n|-damage|p2a: Yertle|72\/100\n|-damage|p2b: munke|0 fnt\n|-unboost|p1a: Gholdengo|spa|1\n|faint|p2b: munke\n|move|p1b: Okidogi|Poison Jab|p2a: Yertle\n|-damage|p2a: Yertle|0 fnt\n|faint|p2a: Yertle\n|\n|-weather|SunnyDay|[upkeep]\n|upkeep\n|\n|t:|1695514433\n|switch|p2b: Cresselia|Cresselia, F|100\/100\n|switch|p2a: ber|Ursaluna, F|100\/100\n|turn|7\n|\n|t:|1695514448\n|move|p1a: Gholdengo|Make It Rain|p2b: Cresselia|[spread] p2a,p2b\n|-damage|p2a: ber|62\/100\n|-damage|p2b: Cresselia|73\/100\n|-unboost|p1a: Gholdengo|spa|1\n|move|p1b: Okidogi|Bulk Up|p1b: Okidogi\n|-boost|p1b: Okidogi|atk|1\n|-boost|p1b: Okidogi|def|1\n|move|p2a: ber|Earthquake|p1b: Okidogi|[spread] p1a,p1b\n|-immune|p2b: Cresselia|[from] ability: Levitate\n|-supereffective|p1a: Gholdengo\n|-supereffective|p1b: Okidogi\n|-damage|p1a: Gholdengo|52\/100\n|-damage|p1b: Okidogi|86\/100\n|move|p2b: Cresselia|Trick Room|p2b: Cresselia\n|-fieldstart|move: Trick Room|[of] p2b: Cresselia\n|\n|-weather|SunnyDay|[upkeep]\n|-heal|p2a: ber|68\/100|[from] Grassy Terrain\n|-heal|p2b: Cresselia|80\/100|[from] item: Leftovers\n|-heal|p1b: Okidogi|92\/100|[from] Grassy Terrain\n|-heal|p1b: Okidogi|98\/100|[from] item: Leftovers\n|-heal|p1a: Gholdengo|58\/100|[from] Grassy Terrain\n|-fieldend|move: Grassy Terrain\n|-status|p2a: ber|brn|[from] item: Flame Orb\n|upkeep\n|turn|8\n|\n|t:|1695514478\n|-terastallize|p1b: Okidogi|Fairy\n|move|p2b: Cresselia|Helping Hand|p2a: ber\n|-singleturn|p2a: ber|Helping Hand|[of] p2b: Cresselia\n|move|p2a: ber|Earthquake|p1b: Okidogi|[spread] p1a,p1b\n|-immune|p2b: Cresselia|[from] ability: Levitate\n|-supereffective|p1a: Gholdengo\n|-damage|p1a: Gholdengo|0 fnt\n|-damage|p1b: Okidogi|69\/100\n|faint|p1a: Gholdengo\n|move|p1b: Okidogi|Drain Punch|p2a: ber\n|-supereffective|p2a: ber\n|-damage|p2a: ber|0 fnt\n|-heal|p1b: Okidogi|100\/100|[from] drain|[of] p2a: ber\n|faint|p2a: ber\n|\n|-weather|SunnyDay|[upkeep]\n|-heal|p2b: Cresselia|86\/100|[from] item: Leftovers\n|upkeep\n|\n|t:|1695514494\n|switch|p2a: Pelipper|Pelipper, M|100\/100\n|switch|p1a: Chien-Pao|Chien-Pao|100\/100\n|-weather|RainDance|[from] ability: Drizzle|[of] p2a: Pelipper\n|-ability|p1a: Chien-Pao|Sword of Ruin\n|turn|9\n|\n|t:|1695514508\n|move|p2a: Pelipper|Surf|p1b: Okidogi|[spread] p2b,p1a,p1b\n|-crit|p1b: Okidogi\n|-damage|p2b: Cresselia|61\/100\n|-damage|p1a: Chien-Pao|27\/100\n|-damage|p1b: Okidogi|26\/100\n|move|p2b: Cresselia|Lunar Blessing|p2b: Cresselia|[spread] p2a,p2b\n|-heal|p2b: Cresselia|86\/100\n|move|p1b: Okidogi|Poison Jab|p2a: Pelipper\n|-enditem|p2a: Pelipper|Focus Sash\n|-damage|p2a: Pelipper|1\/100\n|move|p1a: Chien-Pao|Lash Out|p2b: Cresselia\n|-supereffective|p2b: Cresselia\n|-damage|p2b: Cresselia|31\/100\n|\n|-weather|RainDance|[upkeep]\n|-heal|p2b: Cresselia|37\/100|[from] item: Leftovers\n|-heal|p1b: Okidogi|32\/100|[from] item: Leftovers\n|upkeep\n|turn|10\n|\n|t:|1695514533\n|move|p1b: Okidogi|Protect|p1b: Okidogi\n|-singleturn|p1b: Okidogi|Protect\n|move|p1a: Chien-Pao|Sucker Punch|p2a: Pelipper\n|-damage|p2a: Pelipper|0 fnt\n|faint|p2a: Pelipper\n|move|p2b: Cresselia|Lunar Blessing|p2b: Cresselia\n|-heal|p2b: Cresselia|62\/100\n|\n|-weather|RainDance|[upkeep]\n|-heal|p2b: Cresselia|68\/100|[from] item: Leftovers\n|-heal|p1b: Okidogi|38\/100|[from] item: Leftovers\n|upkeep\n|turn|11\n|c|\u2606Vixen 4 Life|Gg\n|\n|t:|1695514549\n|move|p2b: Cresselia|Dazzling Gleam|p1a: Chien-Pao|[spread] p1a,p1b\n|-supereffective|p1a: Chien-Pao\n|-damage|p1a: Chien-Pao|0 fnt\n|-damage|p1b: Okidogi|27\/100\n|faint|p1a: Chien-Pao\n|move|p1b: Okidogi|Poison Jab|p2b: Cresselia\n|-damage|p2b: Cresselia|9\/100\n|\n|-weather|RainDance|[upkeep]\n|-heal|p2b: Cresselia|15\/100|[from] item: Leftovers\n|-heal|p1b: Okidogi|33\/100|[from] item: Leftovers\n|-fieldend|move: Trick Room\n|upkeep\n|\n|t:|1695514558\n|switch|p1a: Roaring Moon|Roaring Moon|100\/100\n|-enditem|p1a: Roaring Moon|Booster Energy\n|-activate|p1a: Roaring Moon|ability: Protosynthesis|[fromitem]\n|-start|p1a: Roaring Moon|protosynthesisspe\n|turn|12\n|\n|t:|1695514563\n|move|p1a: Roaring Moon|Tailwind|p1a: Roaring Moon\n|-sidestart|p1: Vixen 4 Life|move: Tailwind\n|move|p1b: Okidogi|Poison Jab|p2b: Cresselia\n|-damage|p2b: Cresselia|0 fnt\n|faint|p2b: Cresselia\n|\n|win|Vixen 4 Life\n|raw|Vixen 4 Life's rating: 1308 &rarr; <strong>1335<\/strong><br \/>(+27 for winning)\n|raw|MathHacker's rating: 1433 &rarr; <strong>1406<\/strong><br \/>(-27 for losing)\n|l|\u2606Vixen 4 Life\n|j|\u2606Vixen 4 Life\n|player|p1|Vixen 4 Life|penny\n|c|\u2606MathHacker|huh, if I helping hand the peliper then surf actually kills, although presumably the chien pao is sashed\n|c|\u2606Vixen 4 Life|It was sashed, but either way, i had targeted the cress\n|c|\u2606Vixen 4 Life|You could have won\n|l|\u2606MathHacker\n","uploadtime":1695514640,"views":12,"p1id":"vixen4life","p2id":"mathhacker","formatid":"gen9nationaldexdoubles","rating":1335,"private":0,"password":""}