{"id":"gen9nationaldexdoubles-1983237923","p1":"Haywado","p2":"delicioustree","format":"[Gen 9] National Dex Doubles","log":"|j|\u2606Haywado\n|j|\u2606delicioustree\n|t:|1699109015\n|gametype|doubles\n|player|p1|Haywado|volkner|1130\n|player|p2|delicioustree|cheren-gen5bw2|1195\n|teamsize|p1|6\n|teamsize|p2|6\n|gen|9\n|tier|[Gen 9] National Dex Doubles\n|rated|\n|rule|HP Percentage Mod: HP is shown in percentages\n|rule|Endless Battle Clause: Forcing endless battles is banned\n|rule|OHKO Clause: OHKO moves are banned\n|rule|Evasion Moves Clause: Evasion moves are banned\n|rule|Evasion Abilities Clause: Evasion abilities are banned\n|rule|Species Clause: Limit one of each Pok\u00e9mon\n|rule|Gravity Sleep Clause: The combination of sleep-inducing moves with imperfect accuracy and Gravity or Gigantamax Orbeetle are banned\n|clearpoke\n|poke|p1|Dusclops, M|\n|poke|p1|Exeggutor-Alola, F|\n|poke|p1|Ursaluna-Bloodmoon, M|\n|poke|p1|Chi-Yu|\n|poke|p1|Amoonguss, M|\n|poke|p1|Slither Wing|\n|poke|p2|Indeedee-F, F|\n|poke|p2|Scolipede, M|\n|poke|p2|Audino, F|\n|poke|p2|Garbodor, M|\n|poke|p2|Aegislash, M|\n|poke|p2|Krookodile, M|\n|teampreview\n|\n|t:|1699109031\n|start\n|switch|p1a: Dusclops|Dusclops, M|100\/100\n|switch|p1b: Slither Wing|Slither Wing|100\/100\n|switch|p2a: Ketone|Krookodile, M|100\/100\n|switch|p2b: Acidic Chloride|Scolipede, M|100\/100\n|-ability|p1a: Dusclops|Pressure\n|turn|1\n|\n|t:|1699109061\n|move|p2a: Ketone|Stone Edge|p1b: Slither Wing|[miss]\n|-miss|p2a: Ketone|p1b: Slither Wing\n|move|p2b: Acidic Chloride|Rock Slide|p1b: Slither Wing|[spread] p1a,p1b\n|-damage|p1a: Dusclops|90\/100\n|-damage|p1b: Slither Wing|74\/100\n|move|p1b: Slither Wing|U-turn|p2a: Ketone\n|-supereffective|p2a: Ketone\n|-damage|p2a: Ketone|0 fnt\n|faint|p2a: Ketone\n|\n|t:|1699109072\n|-end|p1b: Slither Wing|Protosynthesis|[silent]\n|switch|p1b: Ursaluna|Ursaluna-Bloodmoon, M|100\/100|[from] U-turn\n|cant|p1a: Dusclops|flinch\n|\n|-ability|p2b: Acidic Chloride|Speed Boost|boost\n|-boost|p2b: Acidic Chloride|spe|1\n|upkeep\n|\n|t:|1699109082\n|switch|p2a: Amide|Indeedee-F, F|100\/100\n|-fieldstart|move: Psychic Terrain|[from] ability: Psychic Surge|[of] p2a: Amide\n|turn|2\n|\n|t:|1699109106\n|move|p2b: Acidic Chloride|Rock Slide|p1b: Ursaluna|[spread] p1b\n|-miss|p2b: Acidic Chloride|p1a: Dusclops\n|-resisted|p1b: Ursaluna\n|-damage|p1b: Ursaluna|94\/100\n|move|p2a: Amide|Expanding Force|p1b: Ursaluna|[spread] p1a,p1b\n|-damage|p1a: Dusclops|59\/100\n|-damage|p1b: Ursaluna|37\/100\n|cant|p1b: Ursaluna|flinch\n|move|p1a: Dusclops|Trick Room|p1a: Dusclops\n|-fieldstart|move: Trick Room|[of] p1a: Dusclops\n|\n|-ability|p2b: Acidic Chloride|Speed Boost|boost\n|-boost|p2b: Acidic Chloride|spe|1\n|upkeep\n|turn|3\n|\n|t:|1699109135\n|-terastallize|p2a: Amide|Psychic\n|move|p1a: Dusclops|Brick Break|p1b: Ursaluna\n|-supereffective|p1b: Ursaluna\n|-damage|p1b: Ursaluna|22\/100\n|-enditem|p1b: Ursaluna|Weakness Policy\n|-boost|p1b: Ursaluna|atk|2|[from] item: Weakness Policy\n|-boost|p1b: Ursaluna|spa|2|[from] item: Weakness Policy\n|move|p1b: Ursaluna|Hyper Voice|p2b: Acidic Chloride|[spread] p2a,p2b\n|-damage|p2a: Amide|29\/100\n|-enditem|p2b: Acidic Chloride|Focus Sash\n|-damage|p2b: Acidic Chloride|1\/100\n|move|p2a: Amide|Expanding Force|p1b: Ursaluna|[spread] p1a,p1b\n|-damage|p1a: Dusclops|19\/100\n|-damage|p1b: Ursaluna|0 fnt\n|faint|p1b: Ursaluna\n|move|p2b: Acidic Chloride|Rock Slide|p1a: Dusclops\n|-damage|p1a: Dusclops|5\/100\n|\n|-ability|p2b: Acidic Chloride|Speed Boost|boost\n|-boost|p2b: Acidic Chloride|spe|1\n|upkeep\n|\n|t:|1699109149\n|switch|p1b: Exeggutor|Exeggutor-Alola, F|100\/100\n|-item|p2a: Amide|Choice Specs|[from] ability: Frisk|[of] p1b: Exeggutor|[identify]\n|turn|4\n|\n|t:|1699109168\n|move|p1a: Dusclops|Pain Split|p2a: Amide\n|-sethp|p2a: Amide|16\/100|[from] move: Pain Split|[silent]\n|-sethp|p1a: Dusclops|20\/100|[from] move: Pain Split\n|move|p1b: Exeggutor|Flamethrower|p2b: Acidic Chloride\n|-supereffective|p2b: Acidic Chloride\n|-damage|p2b: Acidic Chloride|0 fnt\n|faint|p2b: Acidic Chloride\n|move|p2a: Amide|Expanding Force|p1b: Exeggutor|[spread] p1a,p1b\n|-damage|p1a: Dusclops|0 fnt\n|-damage|p1b: Exeggutor|11\/100\n|faint|p1a: Dusclops\n|\n|upkeep\n|\n|t:|1699109189\n|switch|p1a: Amoonguss|Amoonguss, M|100\/100\n|switch|p2b: Eye Sword|Aegislash, M|100\/100\n|turn|5\n|\n|t:|1699109213\n|move|p1b: Exeggutor|Flamethrower|p2b: Eye Sword\n|-supereffective|p2b: Eye Sword\n|-damage|p2b: Eye Sword|54\/100\n|-enditem|p2b: Eye Sword|Weakness Policy\n|-boost|p2b: Eye Sword|atk|2|[from] item: Weakness Policy\n|-boost|p2b: Eye Sword|spa|2|[from] item: Weakness Policy\n|move|p1a: Amoonguss|Toxic|p2a: Amide\n|-status|p2a: Amide|tox\n|-formechange|p2b: Eye Sword|Aegislash-Blade||[from] ability: Stance Change\n|move|p2b: Eye Sword|Iron Head|p1a: Amoonguss\n|-damage|p1a: Amoonguss|25\/100\n|-damage|p2b: Eye Sword|37\/100|[from] item: Rocky Helmet|[of] p1a: Amoonguss\n|move|p2a: Amide|Expanding Force|p1b: Exeggutor|[spread] p1a,p1b\n|-supereffective|p1a: Amoonguss\n|-damage|p1a: Amoonguss|0 fnt\n|-damage|p1b: Exeggutor|0 fnt\n|faint|p1a: Amoonguss\n|faint|p1b: Exeggutor\n|\n|-damage|p2a: Amide|10\/100 tox|[from] psn\n|upkeep\n|\n|t:|1699109219\n|switch|p1b: Chi-Yu|Chi-Yu|100\/100\n|switch|p1a: Slither Wing|Slither Wing|74\/100\n|-ability|p1b: Chi-Yu|Beads of Ruin\n|turn|6\n|\n|t:|1699109245\n|move|p1b: Chi-Yu|Protect|p1b: Chi-Yu\n|-singleturn|p1b: Chi-Yu|Protect\n|move|p2b: Eye Sword|Brick Break|p1b: Chi-Yu\n|-activate|p1b: Chi-Yu|move: Protect\n|move|p2a: Amide|Expanding Force|p1b: Chi-Yu|[spread] p1a\n|-activate|p1b: Chi-Yu|move: Protect\n|-supereffective|p1a: Slither Wing\n|-damage|p1a: Slither Wing|0 fnt\n|faint|p1a: Slither Wing\n|-end|p1a: Slither Wing|Protosynthesis|[silent]\n|\n|-damage|p2a: Amide|0 fnt|[from] psn\n|faint|p2a: Amide\n|-fieldend|move: Trick Room\n|-fieldend|move: Psychic Terrain\n|upkeep\n|\n|t:|1699109259\n|switch|p2a: Amine|Audino, F|100\/100\n|turn|7\n|\n|t:|1699109269\n|detailschange|p2a: Amine|Audino-Mega, F\n|-mega|p2a: Amine|Audino|Audinite\n|-terastallize|p1b: Chi-Yu|Dark\n|-formechange|p2b: Eye Sword|Aegislash||[from] ability: Stance Change\n|move|p2b: Eye Sword|King's Shield|p2b: Eye Sword\n|-singleturn|p2b: Eye Sword|Protect\n|move|p1b: Chi-Yu|Heat Wave|p2a: Amine|[spread] p2a\n|-activate|p2b: Eye Sword|move: Protect\n|-damage|p2a: Amine|57\/100\n|move|p2a: Amine|Trick Room|p2a: Amine\n|-fieldstart|move: Trick Room|[of] p2a: Amine\n|\n|upkeep\n|turn|8\n|\n|t:|1699109287\n|move|p2a: Amine|Dazzling Gleam|p1b: Chi-Yu\n|-supereffective|p1b: Chi-Yu\n|-damage|p1b: Chi-Yu|43\/100\n|-formechange|p2b: Eye Sword|Aegislash-Blade||[from] ability: Stance Change\n|move|p2b: Eye Sword|Brick Break|p1b: Chi-Yu\n|-supereffective|p1b: Chi-Yu\n|-damage|p1b: Chi-Yu|0 fnt\n|faint|p1b: Chi-Yu\n|\n|win|delicioustree\n|raw|Haywado's rating: 1130 &rarr; <strong>1110<\/strong><br \/>(-20 for losing)\n|raw|delicioustree's rating: 1195 &rarr; <strong>1215<\/strong><br \/>(+20 for winning)\n|l|\u2606Haywado\n","uploadtime":1699109298,"views":15,"p1id":"haywado","p2id":"delicioustree","formatid":"gen9nationaldexdoubles","rating":1110,"private":0,"password":""}