{"id":"gen9nationaldexdoubles-1983546333","p1":"not real bri'ish","p2":"ERBESTIONE","format":"[Gen 9] National Dex Doubles","log":"|j|\u2606not real bri'ish\n|j|\u2606ERBESTIONE\n|t:|1699141916\n|gametype|doubles\n|player|p1|not real bri'ish|drayden|1092\n|player|p2|ERBESTIONE|pokemaniac|1093\n|teamsize|p1|6\n|teamsize|p2|6\n|gen|9\n|tier|[Gen 9] National Dex Doubles\n|rated|\n|rule|HP Percentage Mod: HP is shown in percentages\n|rule|Endless Battle Clause: Forcing endless battles is banned\n|rule|OHKO Clause: OHKO moves are banned\n|rule|Evasion Moves Clause: Evasion moves are banned\n|rule|Evasion Abilities Clause: Evasion abilities are banned\n|rule|Species Clause: Limit one of each Pok\u00e9mon\n|rule|Gravity Sleep Clause: The combination of sleep-inducing moves with imperfect accuracy and Gravity or Gigantamax Orbeetle are banned\n|clearpoke\n|poke|p1|Charizard, F|\n|poke|p1|Greninja-*, F|\n|poke|p1|Venusaur, F|\n|poke|p1|Typhlosion-Hisui, M|\n|poke|p1|Inteleon, F|\n|poke|p1|Decidueye-Hisui, M|\n|poke|p2|Hatterene, F|\n|poke|p2|Dondozo, M|\n|poke|p2|Lokix, M|\n|poke|p2|Morpeko, M|\n|poke|p2|Primeape, M|\n|poke|p2|Sinistcha|\n|teampreview\n|c|\u2606not real bri'ish|glhf\n|\n|t:|1699141923\n|start\n|switch|p1a: Silent but Deadly|Greninja, F|100\/100\n|switch|p1b: 115|Decidueye-Hisui, M, shiny|100\/100\n|switch|p2a: Hatterene|Hatterene, F|100\/100\n|switch|p2b: Morpeko|Morpeko, M|100\/100\n|turn|1\n|\n|t:|1699141947\n|move|p1a: Silent but Deadly|Water Pledge|p2b: Morpeko\n|-waiting|p1a: Silent but Deadly|p1b: 115\n|move|p1b: 115|Grass Pledge|p2b: Morpeko|[from]move: Water Pledge\n|-combine\n|-damage|p2b: Morpeko|36\/100\n|-sidestart|p2: ERBESTIONE|Grass Pledge\n|move|p2b: Morpeko|Aura Wheel|p1a: Silent but Deadly\n|-supereffective|p1a: Silent but Deadly\n|-damage|p1a: Silent but Deadly|0 fnt\n|-boost|p2b: Morpeko|spe|1\n|faint|p1a: Silent but Deadly\n|move|p2a: Hatterene|Magic Powder|p1b: 115\n|-immune|p1b: 115\n|\n|-formechange|p2b: Morpeko|Morpeko-Hangry||[from] ability: Hunger Switch\n|upkeep\n|\n|t:|1699141962\n|switch|p1a: Demon Flame|Typhlosion-Hisui, M|100\/100\n|turn|2\n|\n|t:|1699141980\n|move|p1a: Demon Flame|Fire Pledge|p2b: Morpeko\n|-waiting|p1a: Demon Flame|p1b: 115\n|move|p1b: 115|Grass Pledge|p2b: Morpeko|[from]move: Fire Pledge\n|-combine\n|-crit|p2b: Morpeko\n|-damage|p2b: Morpeko|0 fnt\n|-sidestart|p2: ERBESTIONE|Fire Pledge\n|faint|p2b: Morpeko\n|move|p2a: Hatterene|Dark Pulse|p1a: Demon Flame\n|-supereffective|p1a: Demon Flame\n|-damage|p1a: Demon Flame|39\/100\n|\n|-damage|p2a: Hatterene|88\/100|[from] Fire Pledge\n|upkeep\n|\n|t:|1699141992\n|switch|p2b: Lokix|Lokix, M|100\/100\n|turn|3\n|\n|t:|1699142019\n|move|p2b: Lokix|First Impression|p1b: 115\n|-damage|p1b: 115|58\/100\n|move|p1a: Demon Flame|Fire Pledge|p2b: Lokix\n|-supereffective|p2b: Lokix\n|-damage|p2b: Lokix|0 fnt\n|faint|p2b: Lokix\n|move|p1b: 115|Dual Wingbeat|p2a: Hatterene\n|-damage|p2a: Hatterene|71\/100\n|-damage|p2a: Hatterene|56\/100\n|-hitcount|p2a: Hatterene|2\n|move|p2a: Hatterene|Dark Pulse|p1a: Demon Flame\n|-supereffective|p1a: Demon Flame\n|-damage|p1a: Demon Flame|0 fnt\n|faint|p1a: Demon Flame\n|\n|-damage|p2a: Hatterene|43\/100|[from] Fire Pledge\n|upkeep\n|-enditem|p2a: Hatterene|Sitrus Berry|[eat]\n|-heal|p2a: Hatterene|68\/100|[from] item: Sitrus Berry\n|\n|t:|1699142040\n|switch|p1a: James Bond|Inteleon, F|100\/100\n|switch|p2b: Primeape|Primeape, M|100\/100\n|turn|4\n|\n|t:|1699142059\n|move|p1a: James Bond|Snipe Shot|p2a: Hatterene\n|-crit|p2a: Hatterene\n|-damage|p2a: Hatterene|0 fnt\n|faint|p2a: Hatterene\n|move|p1b: 115|Dual Wingbeat|p2b: Primeape\n|-supereffective|p2b: Primeape\n|-damage|p2b: Primeape|74\/100\n|-supereffective|p2b: Primeape\n|-damage|p2b: Primeape|47\/100\n|-hitcount|p2b: Primeape|2\n|move|p2b: Primeape|Bulk Up|p2b: Primeape\n|-boost|p2b: Primeape|atk|1\n|-boost|p2b: Primeape|def|1\n|\n|-damage|p2b: Primeape|34\/100|[from] Fire Pledge\n|-sideend|p2: ERBESTIONE|Grass Pledge\n|upkeep\n|\n|t:|1699142067\n|switch|p2a: LucarioLikesLemons|Sinistcha|100\/100\n|-heal|p2b: Primeape|59\/100|[from] ability: Hospitality|[of] p2a: LucarioLikesLemons\n|turn|5\n|\n|t:|1699142093\n|-terastallize|p2a: LucarioLikesLemons|Fire\n|move|p2a: LucarioLikesLemons|Rage Powder|p2a: LucarioLikesLemons\n|-singleturn|p2a: LucarioLikesLemons|move: Rage Powder\n|move|p1a: James Bond|Snipe Shot|p2b: Primeape\n|-damage|p2b: Primeape|34\/100\n|move|p2b: Primeape|Rage Fist|p1a: James Bond\n|-damage|p1a: James Bond|0 fnt\n|faint|p1a: James Bond\n|move|p1b: 115|Dual Wingbeat|p2a: LucarioLikesLemons\n|-damage|p2a: LucarioLikesLemons|89\/100\n|-damage|p2a: LucarioLikesLemons|79\/100\n|-hitcount|p2a: LucarioLikesLemons|2\n|\n|-damage|p2b: Primeape|22\/100|[from] Fire Pledge\n|-heal|p2a: LucarioLikesLemons|85\/100|[from] item: Leftovers\n|-sideend|p2: ERBESTIONE|Fire Pledge\n|upkeep\n|\n|t:|1699142108\n|switch|p1a: Don't Touch|Venusaur, F|100\/100\n|turn|6\n|\n|t:|1699142132\n|move|p1a: Don't Touch|Sleep Powder|p2b: Primeape|[miss]\n|-miss|p1a: Don't Touch|p2b: Primeape\n|move|p2b: Primeape|Rage Fist|p1a: Don't Touch\n|-damage|p1a: Don't Touch|14\/100\n|move|p2a: LucarioLikesLemons|Strength Sap|p1b: 115\n|-unboost|p1b: 115|atk|1\n|-heal|p2a: LucarioLikesLemons|100\/100\n|move|p1b: 115|Triple Arrows|p2a: LucarioLikesLemons\n|-crit|p2a: LucarioLikesLemons\n|-damage|p2a: LucarioLikesLemons|49\/100\n|-unboost|p2a: LucarioLikesLemons|def|1\n|\n|-heal|p2a: LucarioLikesLemons|55\/100|[from] item: Leftovers\n|upkeep\n|turn|7\n|\n|t:|1699142157\n|move|p1a: Don't Touch|Sleep Powder|p2b: Primeape\n|-immune|p2b: Primeape|[from] ability: Vital Spirit\n|move|p2b: Primeape|Drain Punch|p1b: 115\n|-damage|p1b: 115|17\/100\n|-heal|p2b: Primeape|45\/100|[from] drain|[of] p1b: 115\n|move|p2a: LucarioLikesLemons|Reflect|p2a: LucarioLikesLemons\n|-sidestart|p2: ERBESTIONE|Reflect\n|move|p1b: 115|Triple Arrows|p2a: LucarioLikesLemons\n|-damage|p2a: LucarioLikesLemons|29\/100\n|\n|-heal|p2a: LucarioLikesLemons|35\/100|[from] item: Leftovers\n|upkeep\n|turn|8\n|\n|t:|1699142181\n|switch|p2a: Dondozo|Dondozo, M|100\/100\n|move|p1a: Don't Touch|Sleep Powder|p2a: Dondozo\n|-status|p2a: Dondozo|slp|[from] move: Sleep Powder\n|move|p2b: Primeape|Bulk Up|p2b: Primeape\n|-boost|p2b: Primeape|atk|1\n|-boost|p2b: Primeape|def|1\n|move|p1b: 115|Triple Arrows|p2b: Primeape\n|-damage|p2b: Primeape|34\/100\n|\n|upkeep\n|turn|9\n|\n|t:|1699142197\n|switch|p2a: LucarioLikesLemons|Sinistcha, tera:Fire|35\/100\n|-heal|p2b: Primeape|59\/100|[from] ability: Hospitality|[of] p2a: LucarioLikesLemons\n|move|p1a: Don't Touch|Sludge Bomb|p2b: Primeape\n|-damage|p2b: Primeape|27\/100\n|-damage|p1a: Don't Touch|4\/100|[from] item: Life Orb\n|move|p2b: Primeape|Drain Punch|p1a: Don't Touch\n|-resisted|p1a: Don't Touch\n|-damage|p1a: Don't Touch|0 fnt\n|-heal|p2b: Primeape|28\/100|[from] drain|[of] p1a: Don't Touch\n|faint|p1a: Don't Touch\n|move|p1b: 115|Dual Wingbeat|p2b: Primeape\n|-supereffective|p2b: Primeape\n|-damage|p2b: Primeape|22\/100\n|-supereffective|p2b: Primeape\n|-damage|p2b: Primeape|15\/100\n|-hitcount|p2b: Primeape|2\n|\n|-heal|p2a: LucarioLikesLemons|41\/100|[from] item: Leftovers\n|upkeep\n|\n|t:|1699142215\n|switch|p1a: Burn Baby|Charizard, F|100\/100\n|turn|10\n|\n|t:|1699142227\n|detailschange|p1a: Burn Baby|Charizard-Mega-Y, F\n|-mega|p1a: Burn Baby|Charizard|Charizardite Y\n|-weather|SunnyDay|[from] ability: Drought|[of] p1a: Burn Baby\n|move|p2a: LucarioLikesLemons|Rage Powder|p2a: LucarioLikesLemons\n|-singleturn|p2a: LucarioLikesLemons|move: Rage Powder\n|move|p1a: Burn Baby|Heat Wave|p2b: Primeape|[spread] p2a,p2b\n|-resisted|p2a: LucarioLikesLemons\n|-damage|p2a: LucarioLikesLemons|0 fnt\n|-damage|p2b: Primeape|0 fnt\n|faint|p2a: LucarioLikesLemons\n|faint|p2b: Primeape\n|move|p1b: 115|Dual Wingbeat|p2: LucarioLikesLemons|[notarget]\n|-fail|p1b: 115\n|\n|-weather|SunnyDay|[upkeep]\n|upkeep\n|-message|ERBESTIONE forfeited.\n|\n|win|not real bri'ish\n|raw|not real bri&apos;ish's rating: 1092 &rarr; <strong>1118<\/strong><br \/>(+26 for winning)\n|raw|ERBESTIONE's rating: 1093 &rarr; <strong>1069<\/strong><br \/>(-24 for losing)\n|l|\u2606ERBESTIONE\n","uploadtime":1699142248,"views":10,"p1id":"notrealbriish","p2id":"erbestione","formatid":"gen9nationaldexdoubles","rating":1069,"private":0,"password":""}