{"id":"gen9nationaldexdoubles-1984137460","p1":"hvl uvouv","p2":"Aquiley","format":"[Gen 9] National Dex Doubles","log":"|j|\u2606hvl uvouv\n|j|\u2606Aquiley\n|t:|1699222581\n|gametype|doubles\n|player|p1|hvl uvouv|pokekid|1000\n|player|p2|Aquiley|pokemonranger-gen4|1190\n|teamsize|p1|6\n|teamsize|p2|6\n|gen|9\n|tier|[Gen 9] National Dex Doubles\n|rated|\n|rule|HP Percentage Mod: HP is shown in percentages\n|rule|Endless Battle Clause: Forcing endless battles is banned\n|rule|OHKO Clause: OHKO moves are banned\n|rule|Evasion Moves Clause: Evasion moves are banned\n|rule|Evasion Abilities Clause: Evasion abilities are banned\n|rule|Species Clause: Limit one of each Pok\u00e9mon\n|rule|Gravity Sleep Clause: The combination of sleep-inducing moves with imperfect accuracy and Gravity or Gigantamax Orbeetle are banned\n|clearpoke\n|poke|p1|Indeedee-F, F|\n|poke|p1|Oranguru, F|\n|poke|p1|Glastrier|\n|poke|p1|Hoopa-Unbound|\n|poke|p1|Ursaluna, F|\n|poke|p1|Sinistcha-Masterpiece|\n|poke|p2|Incineroar, M|\n|poke|p2|Tyranitar, M|\n|poke|p2|Dragapult, F|\n|poke|p2|Zapdos|\n|poke|p2|Basculegion-F, F|\n|poke|p2|Scizor, M|\n|teampreview\n|inactive|Battle timer is ON: inactive players will automatically lose when time's up. (requested by hvl uvouv)\n|\n|t:|1699222606\n|start\n|switch|p1a: Hoopa|Hoopa-Unbound|100\/100\n|switch|p1b: Sinistcha|Sinistcha-Masterpiece|100\/100\n|switch|p2a: tu padrastro|Scizor, M|100\/100\n|switch|p2b: tu papa|Incineroar, M|100\/100\n|-ability|p2b: tu papa|Intimidate|boost\n|-unboost|p1a: Hoopa|atk|1\n|-unboost|p1b: Sinistcha|atk|1\n|turn|1\n|\n|t:|1699222619\n|move|p2b: tu papa|Fake Out|p1a: Hoopa\n|-damage|p1a: Hoopa|79\/100\n|move|p2a: tu padrastro|Swords Dance|p2a: tu padrastro\n|-boost|p2a: tu padrastro|atk|2\n|move|p1b: Sinistcha|Nasty Plot|p1b: Sinistcha\n|-boost|p1b: Sinistcha|spa|2\n|cant|p1a: Hoopa|flinch\n|\n|upkeep\n|turn|2\n|\n|t:|1699222636\n|move|p2a: tu padrastro|Bullet Punch|p1a: Hoopa\n|-damage|p1a: Hoopa|0 fnt\n|faint|p1a: Hoopa\n|move|p2b: tu papa|Flare Blitz|p1b: Sinistcha\n|-supereffective|p1b: Sinistcha\n|-damage|p1b: Sinistcha|0 fnt\n|faint|p1b: Sinistcha\n|-damage|p2b: tu papa|77\/100|[from] Recoil\n|\n|-heal|p2b: tu papa|83\/100|[from] item: Leftovers\n|upkeep\n|\n|t:|1699222645\n|switch|p1a: Indeedee|Indeedee-F, F|100\/100\n|switch|p1b: Ursaluna|Ursaluna, F|100\/100\n|-fieldstart|move: Psychic Terrain|[from] ability: Psychic Surge|[of] p1a: Indeedee\n|turn|3\n|\n|t:|1699222666\n|move|p1b: Ursaluna|Protect|p1b: Ursaluna\n|-singleturn|p1b: Ursaluna|Protect\n|move|p2a: tu padrastro|Aerial Ace|p1a: Indeedee\n|-damage|p1a: Indeedee|34\/100\n|move|p2b: tu papa|Parting Shot|p1b: Ursaluna\n|-activate|p1b: Ursaluna|move: Protect\n|move|p1a: Indeedee|Trick Room|p1a: Indeedee\n|-fieldstart|move: Trick Room|[of] p1a: Indeedee\n|\n|-heal|p2b: tu papa|89\/100|[from] item: Leftovers\n|-status|p1b: Ursaluna|brn|[from] item: Flame Orb\n|upkeep\n|turn|4\n|\n|t:|1699222693\n|move|p1a: Indeedee|Follow Me|p1a: Indeedee\n|-singleturn|p1a: Indeedee|move: Follow Me\n|move|p1b: Ursaluna|Headlong Rush|p2b: tu papa\n|-supereffective|p2b: tu papa\n|-damage|p2b: tu papa|0 fnt\n|-unboost|p1b: Ursaluna|def|1\n|-unboost|p1b: Ursaluna|spd|1\n|faint|p2b: tu papa\n|move|p2a: tu padrastro|Aerial Ace|p1a: Indeedee\n|-damage|p1a: Indeedee|0 fnt\n|faint|p1a: Indeedee\n|\n|-damage|p1b: Ursaluna|94\/100 brn|[from] brn\n|upkeep\n|\n|t:|1699222714\n|switch|p2b: fantasmin|Dragapult, F|100\/100\n|switch|p1a: Oranguru|Oranguru, F|100\/100\n|turn|5\n|\n|t:|1699222729\n|move|p1b: Ursaluna|Headlong Rush|p2a: tu padrastro\n|-crit|p2a: tu padrastro\n|-enditem|p2a: tu padrastro|Focus Sash\n|-damage|p2a: tu padrastro|1\/100\n|-unboost|p1b: Ursaluna|def|1\n|-unboost|p1b: Ursaluna|spd|1\n|move|p1a: Oranguru|Instruct|p1b: Ursaluna\n|-singleturn|p1b: Ursaluna|move: Instruct|[of] p1a: Oranguru\n|move|p1b: Ursaluna|Headlong Rush|p2a: tu padrastro\n|-damage|p2a: tu padrastro|0 fnt\n|-unboost|p1b: Ursaluna|def|1\n|-unboost|p1b: Ursaluna|spd|1\n|faint|p2a: tu padrastro\n|move|p2b: fantasmin|Dragon Darts|p1b: Ursaluna\n|-damage|p1b: Ursaluna|53\/100 brn\n|-anim|p2b: fantasmin|Dragon Darts|p1a: Oranguru\n|-damage|p1a: Oranguru|83\/100\n|\n|-damage|p1b: Ursaluna|47\/100 brn|[from] brn\n|upkeep\n|inactive|Aquiley has 120 seconds left.\n|\n|t:|1699222760\n|switch|p2a: el abuelo|Basculegion-F, F|100\/100\n|-ability|p2a: el abuelo|Mold Breaker\n|turn|6\n|\n|t:|1699222770\n|move|p2a: el abuelo|Aqua Jet|p1b: Ursaluna\n|-activate|p1b: Ursaluna|move: Psychic Terrain\n|move|p1b: Ursaluna|Headlong Rush|p2b: fantasmin\n|-damage|p2b: fantasmin|0 fnt\n|-unboost|p1b: Ursaluna|def|1\n|-unboost|p1b: Ursaluna|spd|1\n|faint|p2b: fantasmin\n|move|p1a: Oranguru|Instruct|p1b: Ursaluna\n|-singleturn|p1b: Ursaluna|move: Instruct|[of] p1a: Oranguru\n|move|p1b: Ursaluna|Headlong Rush|p2a: el abuelo\n|-damage|p2a: el abuelo|0 fnt\n|-unboost|p1b: Ursaluna|def|1\n|-unboost|p1b: Ursaluna|spd|1\n|faint|p2a: el abuelo\n|\n|-damage|p1b: Ursaluna|41\/100 brn|[from] brn\n|upkeep\n|\n|t:|1699222783\n|switch|p2a: rayito|Zapdos|100\/100\n|switch|p2b: Godzila|Tyranitar, M|100\/100\n|-weather|Sandstorm|[from] ability: Sand Stream|[of] p2b: Godzila\n|turn|7\n|\n|t:|1699222804\n|detailschange|p2b: Godzila|Tyranitar-Mega, M\n|-mega|p2b: Godzila|Tyranitar|Tyranitarite\n|move|p1b: Ursaluna|Close Combat|p2b: Godzila\n|-supereffective|p2b: Godzila\n|-damage|p2b: Godzila|0 fnt\n|-unboost|p1b: Ursaluna|def|1\n|-unboost|p1b: Ursaluna|spd|1\n|faint|p2b: Godzila\n|move|p1a: Oranguru|Instruct|p1b: Ursaluna\n|-singleturn|p1b: Ursaluna|move: Instruct|[of] p1a: Oranguru\n|move|p1b: Ursaluna|Close Combat|p2a: rayito\n|-resisted|p2a: rayito\n|-damage|p2a: rayito|50\/100\n|move|p2a: rayito|Ancient Power|p1a: Oranguru\n|-damage|p1a: Oranguru|68\/100\n|\n|-weather|Sandstorm|[upkeep]\n|-damage|p1a: Oranguru|61\/100|[from] Sandstorm\n|-damage|p2a: rayito|43\/100|[from] Sandstorm\n|-heal|p2a: rayito|50\/100|[from] item: Leftovers\n|-damage|p1b: Ursaluna|35\/100 brn|[from] brn\n|-fieldend|move: Trick Room\n|-fieldend|move: Psychic Terrain\n|upkeep\n|turn|8\n|\n|t:|1699222819\n|move|p1b: Ursaluna|Protect|p1b: Ursaluna\n|-singleturn|p1b: Ursaluna|Protect\n|move|p2a: rayito|Brave Bird|p1b: Ursaluna\n|-activate|p1b: Ursaluna|move: Protect\n|move|p1a: Oranguru|Trick Room|p1a: Oranguru\n|-fieldstart|move: Trick Room|[of] p1a: Oranguru\n|\n|-weather|Sandstorm|[upkeep]\n|-damage|p1a: Oranguru|55\/100|[from] Sandstorm\n|-damage|p2a: rayito|43\/100|[from] Sandstorm\n|-heal|p2a: rayito|50\/100|[from] item: Leftovers\n|-damage|p1b: Ursaluna|28\/100 brn|[from] brn\n|upkeep\n|turn|9\n|\n|t:|1699222826\n|move|p1b: Ursaluna|Facade|p2a: rayito\n|-damage|p2a: rayito|0 fnt\n|faint|p2a: rayito\n|\n|win|hvl uvouv\n|raw|hvl uvouv's rating: 1000 &rarr; <strong>1060<\/strong><br \/>(+60 for winning)\n|raw|Aquiley's rating: 1190 &rarr; <strong>1153<\/strong><br \/>(-37 for losing)\n|l|\u2606Aquiley\n","uploadtime":1699222835,"views":4,"p1id":"hvluvouv","p2id":"aquiley","formatid":"gen9nationaldexdoubles","rating":1060,"private":0,"password":""}