{"id":"gen9nationaldexdoubles-1957346589","p1":"Jhonas_Froste","p2":"PanaMomos","format":"[Gen 9] National Dex Doubles","log":"|j|\u2606Jhonas_Froste\n|j|\u2606PanaMomos\n|t:|1696210894\n|gametype|doubles\n|player|p1|Jhonas_Froste|hugh|\n|player|p2|PanaMomos|will|\n|teamsize|p1|6\n|teamsize|p2|6\n|gen|9\n|tier|[Gen 9] National Dex Doubles\n|rule|HP Percentage Mod: HP is shown in percentages\n|rule|Endless Battle Clause: Forcing endless battles is banned\n|rule|OHKO Clause: OHKO moves are banned\n|rule|Evasion Moves Clause: Evasion moves are banned\n|rule|Evasion Abilities Clause: Evasion abilities are banned\n|rule|Species Clause: Limit one of each Pok\u00e9mon\n|rule|Gravity Sleep Clause: The combination of sleep-inducing moves with imperfect accuracy and Gravity or Gigantamax Orbeetle are banned\n|clearpoke\n|poke|p1|Slowking-Galar, F|\n|poke|p1|Gholdengo|\n|poke|p1|Aerodactyl, M|\n|poke|p1|Baxcalibur, F|\n|poke|p1|Glimmora, M|\n|poke|p1|Rotom-Wash|\n|poke|p2|Corviknight, F|\n|poke|p2|Enamorus, F|\n|poke|p2|Minior|\n|poke|p2|Thundurus-Therian, M|\n|poke|p2|Pinsir, F|\n|poke|p2|Togekiss, F|\n|teampreview\n|inactive|Battle timer is ON: inactive players will automatically lose when time's up. (requested by PanaMomos)\n|inactive|Jhonas_Froste has 270 seconds left.\n|\n|t:|1696210929\n|start\n|switch|p1a: Glimmora|Glimmora, M|100\/100\n|switch|p1b: Baxcalibur|Baxcalibur, F|100\/100\n|switch|p2a: Corviknight|Corviknight, F|100\/100\n|switch|p2b: Minior|Minior|100\/100\n|-formechange|p2b: Minior|Minior-Meteor||[from] ability: Shields Down\n|-ability|p2a: Corviknight|Pressure\n|turn|1\n|\n|t:|1696210941\n|-terastallize|p1b: Baxcalibur|Steel\n|move|p1b: Baxcalibur|Dragon Dance|p1b: Baxcalibur\n|-boost|p1b: Baxcalibur|atk|1\n|-boost|p1b: Baxcalibur|spe|1\n|move|p1a: Glimmora|Stealth Rock|p2b: Minior\n|-sidestart|p2: PanaMomos|move: Stealth Rock\n|move|p2b: Minior|Shell Smash|p2b: Minior\n|-unboost|p2b: Minior|def|1\n|-unboost|p2b: Minior|spd|1\n|-boost|p2b: Minior|atk|2\n|-boost|p2b: Minior|spa|2\n|-boost|p2b: Minior|spe|2\n|move|p2a: Corviknight|Tailwind|p2a: Corviknight\n|-sidestart|p2: PanaMomos|move: Tailwind\n|\n|upkeep\n|turn|2\n|\n|t:|1696210961\n|move|p2b: Minior|Earthquake|p1a: Glimmora|[spread] p1a,p1b\n|-immune|p2a: Corviknight\n|-supereffective|p1a: Glimmora\n|-supereffective|p1b: Baxcalibur\n|-enditem|p1a: Glimmora|Focus Sash\n|-damage|p1a: Glimmora|1\/100\n|-damage|p1b: Baxcalibur|27\/100\n|-activate|p1a: Glimmora|ability: Toxic Debris\n|-sidestart|p2: PanaMomos|move: Toxic Spikes\n|move|p1b: Baxcalibur|Icicle Spear|p2b: Minior\n|-supereffective|p2b: Minior\n|-damage|p2b: Minior|4\/100\n|-supereffective|p2b: Minior\n|-damage|p2b: Minior|0 fnt\n|faint|p2b: Minior\n|-hitcount|p2: Minior|2\n|move|p2a: Corviknight|Defog|p1b: Baxcalibur\n|-unboost|p1b: Baxcalibur|evasion|1\n|-sideend|p2: PanaMomos|Toxic Spikes|[from] move: Defog|[of] p2a: Corviknight\n|-sideend|p2: PanaMomos|Stealth Rock|[from] move: Defog|[of] p2a: Corviknight\n|move|p1a: Glimmora|Power Gem|p2a: Corviknight\n|-damage|p2a: Corviknight|65\/100\n|\n|-heal|p2a: Corviknight|71\/100|[from] item: Leftovers\n|upkeep\n|inactive|PanaMomos has 270 seconds left.\n|\n|t:|1696210982\n|switch|p2b: Enamorus|Enamorus, F|100\/100\n|turn|3\n|\n|t:|1696210992\n|move|p2b: Enamorus|Superpower|p1b: Baxcalibur\n|-supereffective|p1b: Baxcalibur\n|-damage|p1b: Baxcalibur|0 fnt\n|-boost|p2b: Enamorus|atk|1\n|-boost|p2b: Enamorus|def|1\n|faint|p1b: Baxcalibur\n|move|p2a: Corviknight|U-turn|p1a: Glimmora\n|-resisted|p1a: Glimmora\n|-damage|p1a: Glimmora|0 fnt\n|-activate|p1a: Glimmora|ability: Toxic Debris\n|-sidestart|p2: PanaMomos|move: Toxic Spikes\n|faint|p1a: Glimmora\n|\n|t:|1696211003\n|switch|p2a: Florencia|Togekiss, F|100\/100|[from] U-turn\n|\n|upkeep\n|\n|t:|1696211015\n|switch|p1b: Aerodactyl|Aerodactyl, M|100\/100\n|switch|p1a: Rotom|Rotom-Wash, shiny|100\/100\n|turn|4\n|\n|t:|1696211026\n|detailschange|p1b: Aerodactyl|Aerodactyl-Mega, M\n|-mega|p1b: Aerodactyl|Aerodactyl|Aerodactylite\n|move|p2b: Enamorus|Superpower|p1a: Rotom\n|-damage|p1a: Rotom|65\/100\n|-boost|p2b: Enamorus|atk|1\n|-boost|p2b: Enamorus|def|1\n|move|p1b: Aerodactyl|Stone Edge|p2a: Florencia\n|-supereffective|p2a: Florencia\n|-damage|p2a: Florencia|23\/100\n|move|p2a: Florencia|Thunder Wave|p1b: Aerodactyl|[miss]\n|-miss|p2a: Florencia|p1b: Aerodactyl\n|move|p1a: Rotom|Will-O-Wisp|p2b: Enamorus\n|-status|p2b: Enamorus|brn\n|\n|-heal|p1a: Rotom|72\/100|[from] item: Leftovers\n|-damage|p2b: Enamorus|94\/100 brn|[from] brn\n|-sideend|p2: PanaMomos|move: Tailwind\n|upkeep\n|turn|5\n|\n|t:|1696211045\n|switch|p2b: Corviknight|Corviknight, F|71\/100\n|-ability|p2b: Corviknight|Pressure\n|move|p1b: Aerodactyl|Ice Fang|p2a: Florencia\n|-supereffective|p2a: Florencia\n|-damage|p2a: Florencia|0 fnt\n|faint|p2a: Florencia\n|move|p1a: Rotom|Pain Split|p2b: Corviknight\n|-sethp|p2b: Corviknight|63\/100|[from] move: Pain Split|[silent]\n|-sethp|p1a: Rotom|81\/100|[from] move: Pain Split\n|\n|-heal|p1a: Rotom|88\/100|[from] item: Leftovers\n|-heal|p2b: Corviknight|69\/100|[from] item: Leftovers\n|upkeep\n|\n|t:|1696211063\n|switch|p2a: Thundurus|Thundurus-Therian, M|100\/100\n|turn|6\n|\n|t:|1696211072\n|move|p2a: Thundurus|Protect|p2a: Thundurus\n|-singleturn|p2a: Thundurus|Protect\n|move|p1b: Aerodactyl|Stone Edge|p2a: Thundurus\n|-activate|p2a: Thundurus|move: Protect\n|move|p1a: Rotom|Volt Switch|p2b: Corviknight\n|-supereffective|p2b: Corviknight\n|-damage|p2b: Corviknight|23\/100\n|\n|t:|1696211080\n|switch|p1a: Slowking|Slowking-Galar, F|100\/100|[from] Volt Switch\n|move|p2b: Corviknight|Tailwind|p2b: Corviknight\n|-sidestart|p2: PanaMomos|move: Tailwind\n|\n|-heal|p2b: Corviknight|29\/100|[from] item: Leftovers\n|upkeep\n|turn|7\n|\n|t:|1696211100\n|move|p2a: Thundurus|Thunderbolt|p1b: Aerodactyl\n|-supereffective|p1b: Aerodactyl\n|-damage|p1b: Aerodactyl|0 fnt\n|faint|p1b: Aerodactyl\n|move|p2b: Corviknight|Defog|p1a: Slowking\n|-unboost|p1a: Slowking|evasion|1\n|-sideend|p2: PanaMomos|Toxic Spikes|[from] move: Defog|[of] p2b: Corviknight\n|move|p1a: Slowking|Flamethrower|p2b: Corviknight\n|-supereffective|p2b: Corviknight\n|-damage|p2b: Corviknight|0 fnt\n|faint|p2b: Corviknight\n|\n|upkeep\n|\n|t:|1696211108\n|switch|p1b: Rotom|Rotom-Wash, shiny|88\/100\n|switch|p2b: Pinsir|Pinsir, F|100\/100\n|turn|8\n|\n|t:|1696211117\n|detailschange|p2b: Pinsir|Pinsir-Mega, F\n|-mega|p2b: Pinsir|Pinsir|Pinsirite\n|-terastallize|p2a: Thundurus|Electric\n|move|p2b: Pinsir|Swords Dance|p2b: Pinsir\n|-boost|p2b: Pinsir|atk|2\n|move|p2a: Thundurus|Thunderbolt|p1b: Rotom\n|-damage|p1b: Rotom|11\/100\n|move|p1b: Rotom|Volt Switch|p2b: Pinsir\n|-supereffective|p2b: Pinsir\n|-damage|p2b: Pinsir|29\/100\n|\n|t:|1696211129\n|switch|p1b: Gholdengo|Gholdengo|100\/100|[from] Volt Switch\n|move|p1a: Slowking|Flamethrower|p2b: Pinsir\n|-supereffective|p2b: Pinsir\n|-damage|p2b: Pinsir|0 fnt\n|faint|p2b: Pinsir\n|\n|upkeep\n|\n|t:|1696211136\n|switch|p2b: Enamorus|Enamorus, F|94\/100 brn\n|turn|9\n|\n|t:|1696211146\n|move|p2b: Enamorus|Mystical Fire|p1b: Gholdengo\n|-supereffective|p1b: Gholdengo\n|-damage|p1b: Gholdengo|36\/100\n|-unboost|p1b: Gholdengo|spa|1\n|move|p2a: Thundurus|Thunderbolt|p1b: Gholdengo\n|-damage|p1b: Gholdengo|0 fnt\n|faint|p1b: Gholdengo\n|move|p1a: Slowking|Sludge Bomb|p2b: Enamorus\n|-supereffective|p2b: Enamorus\n|-damage|p2b: Enamorus|0 fnt\n|faint|p2b: Enamorus\n|\n|-sideend|p2: PanaMomos|move: Tailwind\n|upkeep\n|\n|t:|1696211157\n|switch|p1b: Rotom|Rotom-Wash, shiny|11\/100\n|turn|10\n|\n|t:|1696211168\n|move|p2a: Thundurus|Thunderbolt|p1b: Rotom\n|-damage|p1b: Rotom|0 fnt\n|faint|p1b: Rotom\n|move|p1a: Slowking|Future Sight|p2a: Thundurus\n|-start|p1a: Slowking|move: Future Sight\n|\n|upkeep\n|turn|11\n|\n|t:|1696211174\n|move|p2a: Thundurus|Thunderbolt|p1a: Slowking\n|-damage|p1a: Slowking|73\/100\n|move|p1a: Slowking|Sludge Bomb|p2a: Thundurus\n|-damage|p2a: Thundurus|53\/100\n|\n|upkeep\n|turn|12\n|inactive|PanaMomos has 270 seconds left.\n|inactive|PanaMomos has 240 seconds left.\n|\n|t:|1696211249\n|move|p2a: Thundurus|Thunderbolt|p1a: Slowking\n|-damage|p1a: Slowking|45\/100\n|-status|p1a: Slowking|par\n|move|p1a: Slowking|Sludge Bomb|p2a: Thundurus\n|-damage|p2a: Thundurus|6\/100\n|-status|p2a: Thundurus|psn\n|\n|-end|p2a: Thundurus|move: Future Sight\n|-damage|p2a: Thundurus|0 fnt\n|faint|p2a: Thundurus\n|\n|win|Jhonas_Froste\n|upkeep\n|c|\u2606PanaMomos|gg\n|c|\u2606Jhonas_Froste|Gg\n","uploadtime":1696211261,"views":13,"p1id":"jhonasfroste","p2id":"panamomos","formatid":"gen9nationaldexdoubles","rating":0,"private":0,"password":""}