{"id":"gen9nationaldexdoubles-1952963611","p1":"lopover6552","p2":"Penguin Stylez","format":"[Gen 9] National Dex Doubles","log":"|j|\u2606lopover6552\n|j|\u2606Penguin Stylez\n|t:|1695743826\n|gametype|doubles\n|player|p1|lopover6552|266|1019\n|player|p2|Penguin Stylez|2|1043\n|teamsize|p1|6\n|teamsize|p2|6\n|gen|9\n|tier|[Gen 9] National Dex Doubles\n|rated|\n|rule|HP Percentage Mod: HP is shown in percentages\n|rule|Endless Battle Clause: Forcing endless battles is banned\n|rule|OHKO Clause: OHKO moves are banned\n|rule|Evasion Moves Clause: Evasion moves are banned\n|rule|Evasion Abilities Clause: Evasion abilities are banned\n|rule|Species Clause: Limit one of each Pok\u00e9mon\n|rule|Gravity Sleep Clause: The combination of sleep-inducing moves with imperfect accuracy and Gravity or Gigantamax Orbeetle are banned\n|clearpoke\n|poke|p1|Wyrdeer, M|\n|poke|p1|Okidogi, M|\n|poke|p1|Ogerpon, F|\n|poke|p1|Cramorant, M|\n|poke|p1|Gliscor, M|\n|poke|p1|Palafin, F|\n|poke|p2|Raticate, F|\n|poke|p2|Sinistcha|\n|poke|p2|Dragonite, F|\n|poke|p2|Amoonguss, M|\n|poke|p2|Crawdaunt, M|\n|poke|p2|Indeedee-F, F|\n|teampreview\n|\n|t:|1695743835\n|start\n|switch|p1a: Wyrdeer|Wyrdeer, M|100\/100\n|switch|p1b: Okidogi|Okidogi, M|100\/100\n|switch|p2a: Raticate|Raticate, F|100\/100\n|switch|p2b: Dragonite|Dragonite, F|100\/100\n|-ability|p1a: Wyrdeer|Intimidate|boost\n|-unboost|p2a: Raticate|atk|1\n|-unboost|p2b: Dragonite|atk|1\n|turn|1\n|\n|t:|1695743853\n|move|p2b: Dragonite|Earthquake|p1b: Okidogi|[spread] p2a,p1a,p1b\n|-supereffective|p1b: Okidogi\n|-crit|p1b: Okidogi\n|-damage|p2a: Raticate|62\/100\n|-damage|p1a: Wyrdeer|80\/100\n|-damage|p1b: Okidogi|9\/100\n|move|p1b: Okidogi|Bulk Up|p1b: Okidogi\n|-boost|p1b: Okidogi|atk|1\n|-boost|p1b: Okidogi|def|1\n|move|p2a: Raticate|Endeavor|p1a: Wyrdeer\n|-damage|p1a: Wyrdeer|45\/100\n|move|p1a: Wyrdeer|Skill Swap|p2b: Dragonite\n|-activate|p1a: Wyrdeer|move: Skill Swap|Multiscale|Intimidate|[of] p2b: Dragonite\n|-ability|p2b: Dragonite|Intimidate|boost\n|-unboost|p1a: Wyrdeer|atk|1\n|-ability|p1b: Okidogi|Guard Dog|boost\n|-boost|p1b: Okidogi|atk|1\n|-enditem|p1b: Okidogi|Adrenaline Orb\n|-boost|p1b: Okidogi|spe|1|[from] item: Adrenaline Orb\n|\n|upkeep\n|turn|2\n|\n|t:|1695743891\n|move|p1a: Wyrdeer|Protect|p1a: Wyrdeer\n|-singleturn|p1a: Wyrdeer|Protect\n|move|p2a: Raticate|Sucker Punch|p1b: Okidogi\n|-resisted|p1b: Okidogi\n|-damage|p1b: Okidogi|5\/100\n|move|p1b: Okidogi|Close Combat|p2a: Raticate\n|-supereffective|p2a: Raticate\n|-damage|p2a: Raticate|0 fnt\n|-unboost|p1b: Okidogi|def|1\n|-unboost|p1b: Okidogi|spd|1\n|faint|p2a: Raticate\n|move|p2b: Dragonite|Dragon Dance|p2b: Dragonite\n|-boost|p2b: Dragonite|atk|1\n|-boost|p2b: Dragonite|spe|1\n|\n|upkeep\n|\n|t:|1695743901\n|switch|p2a: Crawdaunt|Crawdaunt, M|100\/100\n|turn|3\n|\n|t:|1695743918\n|move|p1a: Wyrdeer|Protect||[still]\n|-fail|p1a: Wyrdeer\n|move|p2a: Crawdaunt|Aqua Jet|p1b: Okidogi\n|-damage|p1b: Okidogi|0 fnt\n|faint|p1b: Okidogi\n|-damage|p2a: Crawdaunt|90\/100|[from] item: Life Orb\n|move|p2b: Dragonite|Dragon Dance|p2b: Dragonite\n|-boost|p2b: Dragonite|atk|1\n|-boost|p2b: Dragonite|spe|1\n|\n|upkeep\n|\n|t:|1695743944\n|switch|p1b: Cramorant|Cramorant, M|100\/100\n|turn|4\n|\n|t:|1695743990\n|move|p1a: Wyrdeer|Protect|p1a: Wyrdeer\n|-singleturn|p1a: Wyrdeer|Protect\n|move|p2a: Crawdaunt|Aqua Jet|p1a: Wyrdeer\n|-activate|p1a: Wyrdeer|move: Protect\n|move|p2b: Dragonite|Outrage|p1b: Cramorant\n|-damage|p1b: Cramorant|0 fnt\n|faint|p1b: Cramorant\n|\n|upkeep\n|\n|t:|1695744000\n|switch|p1b: Gliscor|Gliscor, M|100\/100\n|turn|5\n|\n|t:|1695744010\n|move|p2a: Crawdaunt|Aqua Jet|p1a: Wyrdeer\n|-crit|p1a: Wyrdeer\n|-damage|p1a: Wyrdeer|0 fnt\n|faint|p1a: Wyrdeer\n|-damage|p2a: Crawdaunt|80\/100|[from] item: Life Orb\n|move|p2b: Dragonite|Outrage|p1b: Gliscor|[from]lockedmove\n|-damage|p1b: Gliscor|14\/100\n|move|p1b: Gliscor|Gunk Shot|p2a: Crawdaunt\n|-damage|p2a: Crawdaunt|51\/100\n|-status|p2a: Crawdaunt|psn\n|\n|-damage|p2a: Crawdaunt|38\/100 psn|[from] psn\n|-status|p1b: Gliscor|tox|[from] item: Toxic Orb\n|upkeep\n|\n|t:|1695744037\n|switch|p1a: Palafin|Palafin, F|100\/100\n|turn|6\n|\n|t:|1695744046\n|move|p1b: Gliscor|Protect|p1b: Gliscor\n|-singleturn|p1b: Gliscor|Protect\n|move|p2a: Crawdaunt|Aqua Jet|p1b: Gliscor\n|-activate|p1b: Gliscor|move: Protect\n|move|p2b: Dragonite|Outrage|p1b: Gliscor|[from]lockedmove\n|-activate|p1b: Gliscor|move: Protect\n|-start|p2b: Dragonite|confusion|[fatigue]\n|move|p1a: Palafin|Drain Punch|p2a: Crawdaunt\n|-supereffective|p2a: Crawdaunt\n|-crit|p2a: Crawdaunt\n|-damage|p2a: Crawdaunt|0 fnt\n|faint|p2a: Crawdaunt\n|\n|-heal|p1b: Gliscor|26\/100 tox|[from] ability: Poison Heal\n|upkeep\n|\n|t:|1695744063\n|switch|p2a: Indeedee|Indeedee-F, F|100\/100\n|turn|7\n|\n|t:|1695744119\n|move|p2a: Indeedee|Fake Out|p1a: Palafin\n|-damage|p1a: Palafin|90\/100\n|-activate|p2b: Dragonite|confusion\n|move|p2b: Dragonite|Iron Head|p1b: Gliscor\n|-damage|p1b: Gliscor|0 fnt\n|faint|p1b: Gliscor\n|cant|p1a: Palafin|flinch\n|\n|upkeep\n|inactive|Battle timer is ON: inactive players will automatically lose when time's up. (requested by Penguin Stylez)\n|\n|t:|1695744125\n|switch|p1b: Ogerpon|Ogerpon, F|100\/100\n|turn|8\n|\n|t:|1695744134\n|move|p2a: Indeedee|Follow Me|p2a: Indeedee\n|-singleturn|p2a: Indeedee|move: Follow Me\n|-activate|p2b: Dragonite|confusion\n|move|p2b: Dragonite|Earthquake|p1a: Palafin|[spread] p2a,p1a,p1b\n|-resisted|p1b: Ogerpon\n|-damage|p2a: Indeedee|34\/100\n|-damage|p1a: Palafin|29\/100\n|-damage|p1b: Ogerpon|71\/100\n|move|p1b: Ogerpon|Swords Dance|p1b: Ogerpon\n|-boost|p1b: Ogerpon|atk|2\n|move|p1a: Palafin|Drain Punch|p2a: Indeedee\n|-damage|p2a: Indeedee|8\/100\n|-heal|p1a: Palafin|41\/100|[from] drain|[of] p2a: Indeedee\n|\n|upkeep\n|turn|9\n|\n|t:|1695744154\n|move|p1b: Ogerpon|Protect|p1b: Ogerpon\n|-singleturn|p1b: Ogerpon|Protect\n|-activate|p2b: Dragonite|confusion\n|move|p2b: Dragonite|Outrage|p1a: Palafin\n|-damage|p1a: Palafin|0 fnt\n|faint|p1a: Palafin\n|move|p2a: Indeedee|Mystical Fire|p1b: Ogerpon\n|-activate|p1b: Ogerpon|move: Protect\n|\n|upkeep\n|turn|10\n|\n|t:|1695744167\n|-terastallize|p1b: Ogerpon|Grass\n|detailschange|p1b: Ogerpon|Ogerpon-Teal-Tera, F, tera:Grass\n|-ability|p1b: Ogerpon|Embody Aspect (Teal)|boost\n|-boost|p1b: Ogerpon|spe|1\n|-end|p2b: Dragonite|confusion\n|move|p2b: Dragonite|Outrage|p1b: Ogerpon|[from]lockedmove\n|-damage|p1b: Ogerpon|0 fnt\n|faint|p1b: Ogerpon\n|\n|win|Penguin Stylez\n|raw|lopover6552's rating: 1019 &rarr; <strong>1007<\/strong><br \/>(-12 for losing)\n|raw|Penguin Stylez's rating: 1043 &rarr; <strong>1074<\/strong><br \/>(+31 for winning)\n|l|\u2606lopover6552\n","uploadtime":1695744178,"views":11,"p1id":"lopover6552","p2id":"penguinstylez","formatid":"gen9nationaldexdoubles","rating":1007,"private":0,"password":""}