{"id":"gen9nationaldexdoubles-1960491838","p1":"Theadonia","p2":"Plumpking280","format":"[Gen 9] National Dex Doubles","log":"|j|\u2606Theadonia\n|j|\u2606Plumpking280\n|t:|1696529402\n|gametype|doubles\n|player|p1|Theadonia|caitlin|1162\n|player|p2|Plumpking280|skierf|1000\n|teamsize|p1|6\n|teamsize|p2|6\n|gen|9\n|tier|[Gen 9] National Dex Doubles\n|rated|\n|rule|HP Percentage Mod: HP is shown in percentages\n|rule|Endless Battle Clause: Forcing endless battles is banned\n|rule|OHKO Clause: OHKO moves are banned\n|rule|Evasion Moves Clause: Evasion moves are banned\n|rule|Evasion Abilities Clause: Evasion abilities are banned\n|rule|Species Clause: Limit one of each Pok\u00e9mon\n|rule|Gravity Sleep Clause: The combination of sleep-inducing moves with imperfect accuracy and Gravity or Gigantamax Orbeetle are banned\n|clearpoke\n|poke|p1|Delphox, M|\n|poke|p1|Oricorio-Sensu, F|\n|poke|p1|Kommo-o, F|\n|poke|p1|Riolu, F|\n|poke|p1|Cresselia, F|\n|poke|p1|Smeargle, M|\n|poke|p2|Tinkaton, F|\n|poke|p2|Venusaur, M|\n|poke|p2|Stunfisk, F|\n|poke|p2|Toxicroak, F|\n|poke|p2|Spiritomb, M|\n|poke|p2|Milotic, F|\n|teampreview\n|\n|t:|1696529420\n|start\n|switch|p1a: Smeargle|Smeargle, M|100\/100\n|switch|p1b: Kommo-o|Kommo-o, F, shiny|100\/100\n|switch|p2a: Scrapslammer|Tinkaton, F|100\/100\n|switch|p2b: Mizu|Milotic, F|100\/100\n|-ability|p2a: Scrapslammer|Mold Breaker\n|turn|1\n|\n|t:|1696529441\n|switch|p1b: Oricorio|Oricorio-Sensu, F, shiny|100\/100\n|move|p1a: Smeargle|Simple Beam|p1b: Oricorio\n|-endability|p1b: Oricorio|Dancer|[from] move: Simple Beam\n|-ability|p1b: Oricorio|Simple|[from] move: Simple Beam\n|move|p2a: Scrapslammer|Reflect|p2a: Scrapslammer\n|-sidestart|p2: Plumpking280|Reflect\n|move|p2b: Mizu|Toxic|p1b: Oricorio\n|-status|p1b: Oricorio|tox\n|\n|-damage|p1b: Oricorio|94\/100 tox|[from] psn\n|upkeep\n|turn|2\n|\n|t:|1696529464\n|switch|p1a: Riolu|Riolu, F|100\/100\n|move|p2a: Scrapslammer|Thunder Wave|p1a: Riolu\n|-status|p1a: Riolu|par\n|move|p2b: Mizu|Scald|p1b: Oricorio\n|-damage|p1b: Oricorio|50\/100 tox\n|move|p1b: Oricorio|Quiver Dance|p1b: Oricorio\n|-boost|p1b: Oricorio|spa|2\n|-boost|p1b: Oricorio|spd|2\n|-boost|p1b: Oricorio|spe|2\n|\n|-damage|p1b: Oricorio|38\/100 tox|[from] psn\n|upkeep\n|turn|3\n|\n|t:|1696529487\n|move|p1a: Riolu|Coaching|p1b: Oricorio\n|-boost|p1b: Oricorio|atk|2\n|-boost|p1b: Oricorio|def|2\n|move|p1b: Oricorio|Roost|p1b: Oricorio\n|-heal|p1b: Oricorio|88\/100 tox\n|-singleturn|p1b: Oricorio|move: Roost\n|move|p2a: Scrapslammer|Light Screen|p2a: Scrapslammer\n|-sidestart|p2: Plumpking280|move: Light Screen\n|move|p2b: Mizu|Scald|p1b: Oricorio\n|-damage|p1b: Oricorio|66\/100 tox\n|\n|-damage|p1b: Oricorio|48\/100 tox|[from] psn\n|upkeep\n|turn|4\n|\n|t:|1696529503\n|switch|p1a: Cresselia|Cresselia, F|100\/100\n|move|p1b: Oricorio|Roost|p1b: Oricorio\n|-heal|p1b: Oricorio|98\/100 tox\n|-singleturn|p1b: Oricorio|move: Roost\n|move|p2a: Scrapslammer|Gigaton Hammer|p1b: Oricorio\n|-damage|p1b: Oricorio|80\/100 tox\n|move|p2b: Mizu|Scald|p1a: Cresselia\n|-damage|p1a: Cresselia|77\/100\n|\n|-heal|p1a: Cresselia|83\/100|[from] item: Leftovers\n|-damage|p1b: Oricorio|55\/100 tox|[from] psn\n|upkeep\n|turn|5\n|\n|t:|1696529535\n|switch|p2b: Stunnin'|Stunfisk, F|100\/100\n|move|p1b: Oricorio|Roost|p1b: Oricorio\n|-heal|p1b: Oricorio|100\/100 tox\n|-singleturn|p1b: Oricorio|move: Roost\n|move|p2a: Scrapslammer|Thunder Wave|p1a: Cresselia\n|-status|p1a: Cresselia|par\n|move|p1a: Cresselia|Lunar Blessing|p1a: Cresselia|[spread] p1a,p1b\n|-heal|p1a: Cresselia|100\/100 par\n|-curestatus|p1a: Cresselia|par|[msg]\n|-curestatus|p1b: Oricorio|tox|[msg]\n|\n|upkeep\n|turn|6\n|\n|t:|1696529566\n|move|p1b: Oricorio|Quiver Dance|p1b: Oricorio\n|-boost|p1b: Oricorio|spa|2\n|-boost|p1b: Oricorio|spd|2\n|-boost|p1b: Oricorio|spe|2\n|move|p2a: Scrapslammer|Gigaton Hammer|p1b: Oricorio\n|-damage|p1b: Oricorio|80\/100\n|move|p1a: Cresselia|Psych Up|p1b: Oricorio\n|-copyboost|p1a: Cresselia|p1b: Oricorio|[from] move: Psych Up\n|move|p2b: Stunnin'|Thunderbolt|p1b: Oricorio\n|-supereffective|p1b: Oricorio\n|-damage|p1b: Oricorio|54\/100\n|\n|upkeep\n|turn|7\n|\n|t:|1696529587\n|switch|p2a: Rafflesia|Venusaur, M|100\/100\n|switch|p2b: Toadette|Toxicroak, F|100\/100\n|move|p1b: Oricorio|Revelation Dance|p2a: Rafflesia\n|-damage|p2a: Rafflesia|40\/100\n|move|p1a: Cresselia|Stored Power|p2b: Toadette\n|-supereffective|p2b: Toadette\n|-crit|p2b: Toadette\n|-damage|p2b: Toadette|0 fnt\n|faint|p2b: Toadette\n|\n|-heal|p2a: Rafflesia|46\/100|[from] item: Black Sludge\n|upkeep\n|\n|t:|1696529602\n|switch|p2b: Mizu|Milotic, F|100\/100\n|turn|8\n|\n|t:|1696529616\n|move|p1b: Oricorio|Revelation Dance|p2a: Rafflesia\n|-damage|p2a: Rafflesia|0 fnt\n|faint|p2a: Rafflesia\n|move|p1a: Cresselia|Stored Power|p2b: Mizu\n|-damage|p2b: Mizu|0 fnt\n|faint|p2b: Mizu\n|\n|-sideend|p2: Plumpking280|Reflect\n|upkeep\n|-message|Plumpking280 forfeited.\n|\n|win|Theadonia\n|raw|Theadonia's rating: 1162 &rarr; <strong>1176<\/strong><br \/>(+14 for winning)\n|raw|Plumpking280's rating: 1000 &rarr; <strong>1000<\/strong><br \/>(+0 for losing)\n|l|\u2606Plumpking280\n","uploadtime":1696529631,"views":9,"p1id":"theadonia","p2id":"plumpking280","formatid":"gen9nationaldexdoubles","rating":1000,"private":0,"password":""}