{"id":"gen9nationaldexdoubles-1957250766","p1":"Hound_Power","p2":"Theadonia","format":"[Gen 9] National Dex Doubles","log":"|j|\u2606Hound_Power\n|j|\u2606Theadonia\n|t:|1696199820\n|gametype|doubles\n|player|p1|Hound_Power|psychic|1000\n|player|p2|Theadonia|caitlin|1082\n|teamsize|p1|6\n|teamsize|p2|6\n|gen|9\n|tier|[Gen 9] National Dex Doubles\n|rated|\n|rule|HP Percentage Mod: HP is shown in percentages\n|rule|Endless Battle Clause: Forcing endless battles is banned\n|rule|OHKO Clause: OHKO moves are banned\n|rule|Evasion Moves Clause: Evasion moves are banned\n|rule|Evasion Abilities Clause: Evasion abilities are banned\n|rule|Species Clause: Limit one of each Pok\u00e9mon\n|rule|Gravity Sleep Clause: The combination of sleep-inducing moves with imperfect accuracy and Gravity or Gigantamax Orbeetle are banned\n|clearpoke\n|poke|p1|Smeargle, M|\n|poke|p1|Castform, F|\n|poke|p1|Corviknight, M|\n|poke|p1|Meowth-Alola, M|\n|poke|p1|Altaria, F|\n|poke|p1|Farigiraf, F|\n|poke|p2|Delphox, M|\n|poke|p2|Oricorio-Sensu, M|\n|poke|p2|Kommo-o, F|\n|poke|p2|Riolu, F|\n|poke|p2|Cresselia, F|\n|poke|p2|Gholdengo|\n|teampreview\n|\n|t:|1696199826\n|start\n|switch|p1a: Weather Report|Smeargle, M, shiny|100\/100\n|switch|p1b: Katrina|Castform, F|100\/100\n|switch|p2a: Delphox|Delphox, M, shiny|100\/100\n|switch|p2b: Oricorio|Oricorio-Sensu, M, shiny|100\/100\n|turn|1\n|j| ro16888\n|l| ro16888\n|\n|t:|1696199841\n|-terastallize|p1a: Weather Report|Water\n|move|p2a: Delphox|Role Play|p2b: Oricorio\n|-endability|p2a: Delphox|Magician|[from] move: Role Play\n|-ability|p2a: Delphox|Dancer|[from] move: Role Play|[of] p2b: Oricorio\n|move|p1a: Weather Report|Rain Dance|p1a: Weather Report\n|-weather|RainDance\n|-formechange|p1b: Katrina|Castform-Rainy|[msg]|[from] ability: Forecast\n|move|p1b: Katrina|Blizzard|p2b: Oricorio|[spread] p2a,p2b\n|-resisted|p2a: Delphox\n|-supereffective|p2b: Oricorio\n|-damage|p2a: Delphox|90\/100\n|-damage|p2b: Oricorio|55\/100\n|move|p2b: Oricorio|Quiver Dance|p2b: Oricorio\n|-boost|p2b: Oricorio|spa|1\n|-boost|p2b: Oricorio|spd|1\n|-boost|p2b: Oricorio|spe|1\n|-activate|p2a: Delphox|ability: Dancer\n|move|p2a: Delphox|Quiver Dance|p2a: Delphox|[from]ability: Dancer\n|-boost|p2a: Delphox|spa|1\n|-boost|p2a: Delphox|spd|1\n|-boost|p2a: Delphox|spe|1\n|\n|-weather|RainDance|[upkeep]\n|upkeep\n|turn|2\n|\n|t:|1696199882\n|move|p2a: Delphox|Stored Power|p1a: Weather Report\n|-damage|p1a: Weather Report|0 fnt\n|faint|p1a: Weather Report\n|move|p2b: Oricorio|Revelation Dance|p1b: Katrina\n|-damage|p1b: Katrina|27\/100\n|-activate|p2a: Delphox|ability: Dancer\n|move|p2a: Delphox|Revelation Dance|p1b: Katrina|[from]ability: Dancer\n|-resisted|p1b: Katrina\n|-damage|p1b: Katrina|0 fnt\n|faint|p1b: Katrina\n|\n|-weather|RainDance|[upkeep]\n|upkeep\n|\n|t:|1696199911\n|switch|p1a: Templar Tweety|Corviknight, M, shiny|100\/100\n|switch|p1b: Pete the Cat|Meowth-Alola, M, shiny|100\/100\n|turn|3\n|\n|t:|1696199936\n|-terastallize|p2b: Oricorio|Fairy\n|move|p2a: Delphox|Heat Wave|p1a: Templar Tweety|[spread] p1a,p1b\n|-supereffective|p1a: Templar Tweety\n|-damage|p1a: Templar Tweety|49\/100\n|-damage|p1b: Pete the Cat|28\/100\n|move|p2b: Oricorio|Revelation Dance|p1b: Pete the Cat\n|-supereffective|p1b: Pete the Cat\n|-damage|p1b: Pete the Cat|0 fnt\n|faint|p1b: Pete the Cat\n|-activate|p2a: Delphox|ability: Dancer\n|move|p2a: Delphox|Revelation Dance|p1a: Templar Tweety|[from]ability: Dancer\n|-supereffective|p1a: Templar Tweety\n|-damage|p1a: Templar Tweety|0 fnt\n|faint|p1a: Templar Tweety\n|\n|-weather|RainDance|[upkeep]\n|upkeep\n|\n|t:|1696199955\n|switch|p1b: Flappy Birb|Altaria, F|100\/100\n|switch|p1a: Palindrome|Farigiraf, F|100\/100\n|turn|4\n|\n|t:|1696199973\n|move|p1a: Palindrome|Sucker Punch|p2b: Oricorio\n|-resisted|p2b: Oricorio\n|-damage|p2b: Oricorio|49\/100\n|move|p2a: Delphox|Copycat|p2a: Delphox\n|move|p2a: Delphox|Sucker Punch|p1b: Flappy Birb|[from]move: Copycat\n|-damage|p1b: Flappy Birb|84\/100\n|move|p2b: Oricorio|Revelation Dance|p1b: Flappy Birb\n|-supereffective|p1b: Flappy Birb\n|-damage|p1b: Flappy Birb|0 fnt\n|faint|p1b: Flappy Birb\n|-activate|p2a: Delphox|ability: Dancer\n|move|p2a: Delphox|Revelation Dance|p1a: Palindrome|[from]ability: Dancer\n|-damage|p1a: Palindrome|79\/100\n|\n|-weather|RainDance|[upkeep]\n|upkeep\n|turn|5\n|\n|t:|1696200000\n|move|p2a: Delphox|Stored Power|p1a: Palindrome\n|-resisted|p1a: Palindrome\n|-damage|p1a: Palindrome|59\/100\n|move|p2b: Oricorio|Revelation Dance|p1a: Palindrome\n|-damage|p1a: Palindrome|25\/100\n|-activate|p2a: Delphox|ability: Dancer\n|move|p2a: Delphox|Revelation Dance|p1a: Palindrome|[from]ability: Dancer\n|-damage|p1a: Palindrome|5\/100\n|move|p1a: Palindrome|Trick|p2a: Delphox\n|-activate|p1a: Palindrome|move: Trick|[of] p2a: Delphox\n|-item|p2a: Delphox|Lagging Tail|[from] move: Trick\n|-item|p1a: Palindrome|Blunder Policy|[from] move: Trick\n|\n|-weather|none\n|upkeep\n|turn|6\n|\n|t:|1696200036\n|move|p1a: Palindrome|Sucker Punch|p2a: Delphox\n|-supereffective|p2a: Delphox\n|-damage|p2a: Delphox|41\/100\n|move|p2b: Oricorio|Revelation Dance|p1a: Palindrome\n|-damage|p1a: Palindrome|0 fnt\n|faint|p1a: Palindrome\n|-activate|p2a: Delphox|ability: Dancer\n|move|p2a: Delphox|Revelation Dance|p1: Palindrome|[from]ability: Dancer|[notarget]\n|-fail|p2a: Delphox\n|\n|win|Theadonia\n|raw|Hound_Power's rating: 1000 &rarr; <strong>1000<\/strong><br \/>(+0 for losing)\n|raw|Theadonia's rating: 1082 &rarr; <strong>1103<\/strong><br \/>(+21 for winning)\n|l|\u2606Hound_Power\n","uploadtime":1696200048,"views":12,"p1id":"houndpower","p2id":"theadonia","formatid":"gen9nationaldexdoubles","rating":1000,"private":0,"password":""}