{"id":"gen9nationaldexdoubles-1972724782","p1":"TuhinG","p2":"dfhsfh fh","format":"[Gen 9] National Dex Doubles","log":"|j|\u2606TuhinG\n|j|\u2606dfhsfh fh\n|t:|1697885087\n|gametype|doubles\n|player|p1|TuhinG|grimsley|1188\n|player|p2|dfhsfh fh|youngster-gen4dp|1000\n|teamsize|p1|6\n|teamsize|p2|6\n|gen|9\n|tier|[Gen 9] National Dex Doubles\n|rated|\n|rule|HP Percentage Mod: HP is shown in percentages\n|rule|Endless Battle Clause: Forcing endless battles is banned\n|rule|OHKO Clause: OHKO moves are banned\n|rule|Evasion Moves Clause: Evasion moves are banned\n|rule|Evasion Abilities Clause: Evasion abilities are banned\n|rule|Species Clause: Limit one of each Pok\u00e9mon\n|rule|Gravity Sleep Clause: The combination of sleep-inducing moves with imperfect accuracy and Gravity or Gigantamax Orbeetle are banned\n|clearpoke\n|poke|p1|Appletun, F|\n|poke|p1|Dragonite, F|\n|poke|p1|Glimmora, M|\n|poke|p1|Goodra-Hisui, F|\n|poke|p1|Okidogi, M|\n|poke|p1|Meganium, F|\n|poke|p2|Indeedee, M|\n|poke|p2|Regieleki|\n|poke|p2|Meowscarada, M|\n|poke|p2|Spectrier|\n|poke|p2|Murkrow, F|\n|poke|p2|Shuckle, F|\n|teampreview\n|inactive|Battle timer is ON: inactive players will automatically lose when time's up. (requested by dfhsfh fh)\n|\n|t:|1697885148\n|start\n|switch|p1a: Glimmora|Glimmora, M|100\/100\n|switch|p1b: Meganium|Meganium, F|100\/100\n|switch|p2a: Murkrow|Murkrow, F|100\/100\n|switch|p2b: Shuckle|Shuckle, F|100\/100\n|turn|1\n|\n|t:|1697885172\n|move|p2a: Murkrow|Taunt|p1a: Glimmora\n|-start|p1a: Glimmora|move: Taunt\n|cant|p1a: Glimmora|move: Taunt|Stealth Rock\n|move|p1b: Meganium|Toxic|p2b: Shuckle\n|-status|p2b: Shuckle|tox\n|move|p2b: Shuckle|Toxic|p1b: Meganium\n|-status|p1b: Meganium|tox\n|\n|-damage|p1b: Meganium|94\/100 tox|[from] psn\n|-damage|p2b: Shuckle|94\/100 tox|[from] psn\n|upkeep\n|turn|2\n|inactive|TuhinG has 120 seconds left.\n|\n|t:|1697885204\n|switch|p1a: Appletun|Appletun, F, shiny|100\/100\n|switch|p1b: Goodra|Goodra-Hisui, F|100\/100\n|move|p2a: Murkrow|Perish Song|p2a: Murkrow\n|-start|p1a: Appletun|perish3|[silent]\n|-start|p1b: Goodra|perish3|[silent]\n|-start|p2a: Murkrow|perish3|[silent]\n|-start|p2b: Shuckle|perish3|[silent]\n|-fieldactivate|move: Perish Song\n|move|p2b: Shuckle|Stealth Rock|p1b: Goodra\n|-sidestart|p1: TuhinG|move: Stealth Rock\n|\n|-damage|p2b: Shuckle|82\/100 tox|[from] psn\n|-start|p2a: Murkrow|perish3\n|-start|p1b: Goodra|perish3\n|-start|p1a: Appletun|perish3\n|-start|p2b: Shuckle|perish3\n|upkeep\n|turn|3\n|inactive|dfhsfh fh has 120 seconds left.\n|inactive|dfhsfh fh has 90 seconds left.\n|\n|t:|1697885272\n|switch|p1a: Glimmora|Glimmora, M|100\/100\n|-damage|p1a: Glimmora|88\/100|[from] Stealth Rock\n|move|p2a: Murkrow|Taunt|p1a: Glimmora\n|-start|p1a: Glimmora|move: Taunt\n|move|p1b: Goodra|Dragon Pulse|p2a: Murkrow\n|-damage|p2a: Murkrow|23\/100\n|move|p2b: Shuckle|Power Split|p1b: Goodra\n|-activate|p2b: Shuckle|move: Power Split|[of] p1b: Goodra\n|\n|-damage|p2b: Shuckle|64\/100 tox|[from] psn\n|-start|p2a: Murkrow|perish2\n|-start|p1b: Goodra|perish2\n|-start|p2b: Shuckle|perish2\n|upkeep\n|turn|4\n|inactive|dfhsfh fh has 90 seconds left.\n|inactive|TuhinG has 120 seconds left.\n|\n|t:|1697885317\n|move|p2a: Murkrow|Perish Song|p2a: Murkrow\n|-start|p1a: Glimmora|perish3|[silent]\n|-fieldactivate|move: Perish Song\n|move|p1a: Glimmora|Mortal Spin|p2b: Shuckle|[spread] p2a,p2b\n|-resisted|p2b: Shuckle\n|-damage|p2a: Murkrow|14\/100\n|-damage|p2b: Shuckle|62\/100 tox\n|-status|p2a: Murkrow|psn\n|-sideend|p1: TuhinG|Stealth Rock|[from] move: Mortal Spin|[of] p1a: Glimmora\n|move|p1b: Goodra|Flash Cannon|p2a: Murkrow\n|-damage|p2a: Murkrow|0 fnt\n|faint|p2a: Murkrow\n|move|p2b: Shuckle|Stealth Rock|p1a: Glimmora\n|-sidestart|p1: TuhinG|move: Stealth Rock\n|\n|-damage|p2b: Shuckle|38\/100 tox|[from] psn\n|-start|p1a: Glimmora|perish3\n|-start|p1b: Goodra|perish1\n|-start|p2b: Shuckle|perish1\n|upkeep\n|inactive|dfhsfh fh has 90 seconds left.\n|\n|t:|1697885346\n|switch|p2a: Indeedee|Indeedee, M|100\/100\n|-fieldstart|move: Psychic Terrain|[from] ability: Psychic Surge|[of] p2a: Indeedee\n|turn|5\n|inactive|dfhsfh fh has 90 seconds left.\n|\n|t:|1697885360\n|switch|p1b: Meganium|Meganium, F|94\/100 tox\n|-damage|p1b: Meganium|82\/100 tox|[from] Stealth Rock\n|switch|p2b: Spectrier|Spectrier|100\/100\n|-terastallize|p2a: Indeedee|Psychic\n|move|p2a: Indeedee|Expanding Force|p1a: Glimmora|[spread] p1a,p1b\n|-supereffective|p1a: Glimmora\n|-damage|p1a: Glimmora|0 fnt\n|-damage|p1b: Meganium|26\/100 tox\n|faint|p1a: Glimmora\n|\n|-heal|p1b: Meganium|32\/100 tox|[from] item: Leftovers\n|-damage|p1b: Meganium|26\/100 tox|[from] psn\n|upkeep\n|\n|t:|1697885378\n|switch|p1a: Appletun|Appletun, F, shiny|100\/100\n|-damage|p1a: Appletun|88\/100|[from] Stealth Rock\n|turn|6\n|\n|t:|1697885391\n|move|p2a: Indeedee|Expanding Force|p1b: Meganium|[spread] p1a,p1b\n|-damage|p1a: Appletun|33\/100\n|-damage|p1b: Meganium|0 fnt\n|faint|p1b: Meganium\n|move|p2b: Spectrier|Psychic|p1a: Appletun\n|-damage|p1a: Appletun|0 fnt\n|faint|p1a: Appletun\n|-ability|p2b: Spectrier|Grim Neigh|boost\n|-boost|p2b: Spectrier|spa|1\n|\n|upkeep\n|-message|TuhinG forfeited.\n|\n|win|dfhsfh fh\n|raw|TuhinG's rating: 1188 &rarr; <strong>1151<\/strong><br \/>(-37 for losing)\n|raw|dfhsfh fh's rating: 1000 &rarr; <strong>1060<\/strong><br \/>(+60 for winning)\n|l|\u2606TuhinG\n","uploadtime":1697885406,"views":9,"p1id":"tuhing","p2id":"dfhsfhfh","formatid":"gen9nationaldexdoubles","rating":1060,"private":0,"password":""}