{"id":"gen9nationaldexdoubles-1951559425","p1":"avocado_lord","p2":"annoying oranje","format":"[Gen 9] National Dex Doubles","log":"|j|\u2606avocado_lord\n|j|\u2606annoying oranje\n|t:|1695593702\n|gametype|doubles\n|player|p1|avocado_lord|ghetsis-gen5bw|\n|player|p2|annoying oranje|lyra|\n|teamsize|p1|6\n|teamsize|p2|6\n|gen|9\n|tier|[Gen 9] National Dex Doubles\n|rule|HP Percentage Mod: HP is shown in percentages\n|rule|Endless Battle Clause: Forcing endless battles is banned\n|rule|OHKO Clause: OHKO moves are banned\n|rule|Evasion Moves Clause: Evasion moves are banned\n|rule|Evasion Abilities Clause: Evasion abilities are banned\n|rule|Species Clause: Limit one of each Pok\u00e9mon\n|rule|Gravity Sleep Clause: The combination of sleep-inducing moves with imperfect accuracy and Gravity or Gigantamax Orbeetle are banned\n|clearpoke\n|poke|p1|Orthworm, M|\n|poke|p1|Torkoal, F|\n|poke|p1|Dachsbun, M|\n|poke|p1|Baxcalibur, M|\n|poke|p1|Mimikyu, F|\n|poke|p1|Walking Wake|\n|poke|p2|Maushold-Four|\n|poke|p2|Landorus-Therian, M|\n|poke|p2|Whimsicott, F|\n|poke|p2|Marshadow|\n|poke|p2|Virizion|\n|poke|p2|Terrakion|\n|teampreview\n|j| Specific360\n|j| Green133\n|l| Green133\n|j| Green133\n|\n|t:|1695593786\n|start\n|switch|p1a: Chartoise|Torkoal, F, shiny|100\/100\n|switch|p1b: Hotdog|Dachsbun, M, shiny|100\/100\n|switch|p2a: NeighborhoodThreat|Whimsicott, F|100\/100\n|switch|p2b: Millhouse|Terrakion|100\/100\n|-weather|SunnyDay|[from] ability: Drought|[of] p1a: Chartoise\n|-item|p1a: Chartoise|Air Balloon\n|turn|1\n|c| Specific360|Couldve sworn it was normal\/fairy tbh\n|\n|t:|1695593839\n|move|p2a: NeighborhoodThreat|Beat Up|p2b: Millhouse\n|-resisted|p2b: Millhouse\n|-damage|p2b: Millhouse|99\/100\n|-ability|p2b: Millhouse|Justified|boost\n|-boost|p2b: Millhouse|atk|1\n|-resisted|p2b: Millhouse\n|-damage|p2b: Millhouse|98\/100\n|-ability|p2b: Millhouse|Justified|boost\n|-boost|p2b: Millhouse|atk|1\n|-resisted|p2b: Millhouse\n|-damage|p2b: Millhouse|97\/100\n|-ability|p2b: Millhouse|Justified|boost\n|-boost|p2b: Millhouse|atk|1\n|-resisted|p2b: Millhouse\n|-damage|p2b: Millhouse|95\/100\n|-ability|p2b: Millhouse|Justified|boost\n|-boost|p2b: Millhouse|atk|1\n|-resisted|p2b: Millhouse\n|-damage|p2b: Millhouse|94\/100\n|-ability|p2b: Millhouse|Justified|boost\n|-boost|p2b: Millhouse|atk|1\n|-resisted|p2b: Millhouse\n|-damage|p2b: Millhouse|92\/100\n|-ability|p2b: Millhouse|Justified|boost\n|-boost|p2b: Millhouse|atk|1\n|-hitcount|p2b: Millhouse|6\n|move|p2b: Millhouse|Rock Slide|p1b: Hotdog|[spread] p1a\n|-miss|p2b: Millhouse|p1b: Hotdog\n|-supereffective|p1a: Chartoise\n|-damage|p1a: Chartoise|0 fnt\n|-enditem|p1a: Chartoise|Air Balloon\n|faint|p1a: Chartoise\n|move|p1b: Hotdog|Charm|p2b: Millhouse\n|-unboost|p2b: Millhouse|atk|2\n|\n|-weather|SunnyDay|[upkeep]\n|upkeep\n|\n|t:|1695593868\n|switch|p1a: Mandatory Psuedo|Baxcalibur, M, shiny|100\/100\n|turn|2\n|\n|t:|1695593898\n|-terastallize|p1a: Mandatory Psuedo|Ground\n|move|p1b: Hotdog|Helping Hand|p1a: Mandatory Psuedo\n|-singleturn|p1a: Mandatory Psuedo|Helping Hand|[of] p1b: Hotdog\n|move|p2a: NeighborhoodThreat|Dazzling Gleam|p1b: Hotdog|[spread] p1a,p1b\n|-damage|p1a: Mandatory Psuedo|92\/100\n|-damage|p1b: Hotdog|80\/100\n|move|p2b: Millhouse|Rock Slide|p1b: Hotdog|[spread] p1a,p1b\n|-resisted|p1a: Mandatory Psuedo\n|-damage|p1a: Mandatory Psuedo|57\/100\n|-damage|p1b: Hotdog|16\/100\n|move|p1a: Mandatory Psuedo|Earthquake|p2a: NeighborhoodThreat|[spread] p1b,p2a,p2b\n|-resisted|p2a: NeighborhoodThreat\n|-supereffective|p2b: Millhouse\n|-damage|p1b: Hotdog|0 fnt\n|-damage|p2a: NeighborhoodThreat|58\/100\n|-damage|p2b: Millhouse|0 fnt\n|faint|p1b: Hotdog\n|faint|p2b: Millhouse\n|\n|-weather|SunnyDay|[upkeep]\n|upkeep\n|\n|t:|1695593919\n|switch|p2b: Honse|Virizion|100\/100\n|switch|p1b: Earthworm Jim|Orthworm, M, shiny|100\/100\n|turn|3\n|\n|t:|1695593953\n|move|p2a: NeighborhoodThreat|Beat Up|p2b: Honse\n|-resisted|p2b: Honse\n|-damage|p2b: Honse|99\/100\n|-ability|p2b: Honse|Justified|boost\n|-boost|p2b: Honse|atk|1\n|-resisted|p2b: Honse\n|-damage|p2b: Honse|98\/100\n|-ability|p2b: Honse|Justified|boost\n|-boost|p2b: Honse|atk|1\n|-resisted|p2b: Honse\n|-damage|p2b: Honse|97\/100\n|-ability|p2b: Honse|Justified|boost\n|-boost|p2b: Honse|atk|1\n|-resisted|p2b: Honse\n|-damage|p2b: Honse|95\/100\n|-ability|p2b: Honse|Justified|boost\n|-boost|p2b: Honse|atk|1\n|-resisted|p2b: Honse\n|-damage|p2b: Honse|93\/100\n|-ability|p2b: Honse|Justified|boost\n|-boost|p2b: Honse|atk|1\n|-hitcount|p2b: Honse|5\n|move|p2b: Honse|Leaf Blade|p1a: Mandatory Psuedo\n|-supereffective|p1a: Mandatory Psuedo\n|-crit|p1a: Mandatory Psuedo\n|-damage|p1a: Mandatory Psuedo|0 fnt\n|faint|p1a: Mandatory Psuedo\n|move|p1b: Earthworm Jim|Shed Tail|p1b: Earthworm Jim\n|-start|p1b: Earthworm Jim|Substitute|[from] move: Shed Tail\n|-damage|p1b: Earthworm Jim|50\/100\n|\n|t:|1695593977\n|switch|p1b: Suicoon|Walking Wake|100\/100|[from] Shed Tail\n|-activate|p1b: Suicoon|ability: Protosynthesis\n|-start|p1b: Suicoon|protosynthesisspa\n|\n|-weather|SunnyDay|[upkeep]\n|upkeep\n|\n|t:|1695593989\n|switch|p1a: Pikachoo|Mimikyu, F, shiny|100\/100\n|turn|4\n|\n|t:|1695594039\n|switch|p2b: Lando Calrissian|Landorus-Therian, M|100\/100\n|-ability|p2b: Lando Calrissian|Intimidate|boost\n|-unboost|p1a: Pikachoo|atk|1\n|-immune|p1b: Suicoon\n|move|p2a: NeighborhoodThreat|Tailwind|p2a: NeighborhoodThreat\n|-sidestart|p2: annoying oranje|move: Tailwind\n|move|p1b: Suicoon|Hydro Steam|p2b: Lando Calrissian\n|-supereffective|p2b: Lando Calrissian\n|-damage|p2b: Lando Calrissian|0 fnt\n|faint|p2b: Lando Calrissian\n|move|p1a: Pikachoo|Trick Room|p1a: Pikachoo\n|-fieldstart|move: Trick Room|[of] p1a: Pikachoo\n|\n|-weather|SunnyDay|[upkeep]\n|upkeep\n|\n|t:|1695594058\n|switch|p2b: Yummy in my tummy|Marshadow|100\/100\n|turn|5\n|\n|t:|1695594072\n|move|p2a: NeighborhoodThreat|Encore|p1a: Pikachoo\n|-start|p1a: Pikachoo|Encore\n|move|p2b: Yummy in my tummy|Shadow Sneak|p1a: Pikachoo\n|-activate|p1a: Pikachoo|ability: Disguise\n|-damage|p1a: Pikachoo|100\/100\n|detailschange|p1a: Pikachoo|Mimikyu-Busted, F, shiny\n|-damage|p1a: Pikachoo|88\/100|[from] pokemon: Mimikyu-Busted\n|move|p1a: Pikachoo|Trick Room|p1a: Pikachoo\n|-fieldend|move: Trick Room\n|move|p1b: Suicoon|Hydro Steam|p2b: Yummy in my tummy\n|-damage|p2b: Yummy in my tummy|12\/100\n|\n|-weather|none\n|-end|p1b: Suicoon|Protosynthesis\n|upkeep\n|turn|6\n|\n|t:|1695594101\n|move|p2b: Yummy in my tummy|Shadow Sneak|p1a: Pikachoo\n|-supereffective|p1a: Pikachoo\n|-damage|p1a: Pikachoo|0 fnt\n|faint|p1a: Pikachoo\n|move|p2a: NeighborhoodThreat|Dazzling Gleam|p1b: Suicoon\n|-supereffective|p1b: Suicoon\n|-end|p1b: Suicoon|Substitute\n|move|p1b: Suicoon|Hydro Steam|p2a: NeighborhoodThreat\n|-resisted|p2a: NeighborhoodThreat\n|-damage|p2a: NeighborhoodThreat|34\/100\n|\n|upkeep\n|\n|t:|1695594111\n|switch|p1a: Earthworm Jim|Orthworm, M, shiny|50\/100\n|turn|7\n|\n|t:|1695594132\n|move|p2b: Yummy in my tummy|Shadow Sneak|p1b: Suicoon\n|-damage|p1b: Suicoon|51\/100\n|move|p2a: NeighborhoodThreat|Dazzling Gleam|p1a: Earthworm Jim|[spread] p1a,p1b\n|-resisted|p1a: Earthworm Jim\n|-supereffective|p1b: Suicoon\n|-damage|p1a: Earthworm Jim|42\/100\n|-damage|p1b: Suicoon|10\/100\n|move|p1b: Suicoon|Hydro Steam|p2b: Yummy in my tummy\n|-damage|p2b: Yummy in my tummy|0 fnt\n|faint|p2b: Yummy in my tummy\n|move|p1a: Earthworm Jim|Body Press|p2a: NeighborhoodThreat\n|-resisted|p2a: NeighborhoodThreat\n|-damage|p2a: NeighborhoodThreat|18\/100\n|\n|-heal|p1a: Earthworm Jim|48\/100|[from] item: Leftovers\n|-sideend|p2: annoying oranje|move: Tailwind\n|upkeep\n|\n|t:|1695594151\n|switch|p2b: Honse|Virizion|93\/100\n|turn|8\n|\n|t:|1695594164\n|move|p2b: Honse|Quick Attack|p1b: Suicoon\n|-crit|p1b: Suicoon\n|-damage|p1b: Suicoon|0 fnt\n|faint|p1b: Suicoon\n|-end|p1b: Suicoon|Protosynthesis|[silent]\n|move|p2a: NeighborhoodThreat|Beat Up|p1a: Earthworm Jim\n|-damage|p1a: Earthworm Jim|47\/100\n|-damage|p1a: Earthworm Jim|45\/100\n|-damage|p1a: Earthworm Jim|44\/100\n|-hitcount|p1a: Earthworm Jim|3\n|move|p1a: Earthworm Jim|Body Press|p2a: NeighborhoodThreat\n|-resisted|p2a: NeighborhoodThreat\n|-damage|p2a: NeighborhoodThreat|2\/100\n|\n|-heal|p1a: Earthworm Jim|50\/100|[from] item: Leftovers\n|upkeep\n|turn|9\n|\n|t:|1695594183\n|move|p2a: NeighborhoodThreat|Beat Up|p1a: Earthworm Jim\n|-damage|p1a: Earthworm Jim|48\/100\n|-damage|p1a: Earthworm Jim|46\/100\n|-crit|p1a: Earthworm Jim\n|-damage|p1a: Earthworm Jim|44\/100\n|-hitcount|p1a: Earthworm Jim|3\n|move|p2b: Honse|Close Combat|p1a: Earthworm Jim\n|-supereffective|p1a: Earthworm Jim\n|-damage|p1a: Earthworm Jim|0 fnt\n|-unboost|p2b: Honse|def|1\n|-unboost|p2b: Honse|spd|1\n|faint|p1a: Earthworm Jim\n|\n|win|annoying oranje\n","uploadtime":1695594191,"views":15,"p1id":"avocadolord","p2id":"annoyingoranje","formatid":"gen9nationaldexdoubles","rating":0,"private":0,"password":""}