{"id":"gen9nationaldexdoubles-1977760783","p1":"Ilovesmallcats3","p2":"SFDds sd","format":"[Gen 9] National Dex Doubles","log":"|j|\u2606Ilovesmallcats3\n|j|\u2606SFDds sd\n|t:|1698446427\n|gametype|doubles\n|player|p1|Ilovesmallcats3|shauntal|1140\n|player|p2|SFDds sd|lucas|1097\n|teamsize|p1|6\n|teamsize|p2|6\n|gen|9\n|tier|[Gen 9] National Dex Doubles\n|rated|\n|rule|HP Percentage Mod: HP is shown in percentages\n|rule|Endless Battle Clause: Forcing endless battles is banned\n|rule|OHKO Clause: OHKO moves are banned\n|rule|Evasion Moves Clause: Evasion moves are banned\n|rule|Evasion Abilities Clause: Evasion abilities are banned\n|rule|Species Clause: Limit one of each Pok\u00e9mon\n|rule|Gravity Sleep Clause: The combination of sleep-inducing moves with imperfect accuracy and Gravity or Gigantamax Orbeetle are banned\n|clearpoke\n|poke|p1|Drifblim, M|\n|poke|p1|Drifloon, F|\n|poke|p1|Banette, M|\n|poke|p1|Tsareena, F|\n|poke|p1|Primarina, M|\n|poke|p1|Delphox, M|\n|poke|p2|Indeedee-F, F|\n|poke|p2|Oranguru, M|\n|poke|p2|Glastrier|\n|poke|p2|Hoopa-Unbound|\n|poke|p2|Ursaluna, M|\n|poke|p2|Zygarde|\n|teampreview\n|inactive|Battle timer is ON: inactive players will automatically lose when time's up. (requested by Ilovesmallcats3)\n|\n|t:|1698446445\n|start\n|switch|p1a: Drifloon|Drifloon, F|100\/100\n|switch|p1b: Banette|Banette, M|100\/100\n|switch|p2a: Hoopa|Hoopa-Unbound|100\/100\n|switch|p2b: Zygarde|Zygarde|100\/100\n|-ability|p2b: Zygarde|Aura Break\n|turn|1\n|\n|t:|1698446452\n|detailschange|p1b: Banette|Banette-Mega, M\n|-mega|p1b: Banette|Banette|Banettite\n|move|p1b: Banette|Will-O-Wisp|p2b: Zygarde\n|-status|p2b: Zygarde|brn\n|move|p1a: Drifloon|Destiny Bond|p1a: Drifloon\n|-singlemove|p1a: Drifloon|Destiny Bond\n|move|p2b: Zygarde|Coil|p2b: Zygarde\n|-boost|p2b: Zygarde|atk|1\n|-boost|p2b: Zygarde|def|1\n|-boost|p2b: Zygarde|accuracy|1\n|move|p2a: Hoopa|Trick Room|p2a: Hoopa\n|-fieldstart|move: Trick Room|[of] p2a: Hoopa\n|-enditem|p2b: Zygarde|Room Service\n|-unboost|p2b: Zygarde|spe|1|[from] item: Room Service\n|-enditem|p2a: Hoopa|Room Service\n|-unboost|p2a: Hoopa|spe|1|[from] item: Room Service\n|\n|-damage|p2b: Zygarde|94\/100 brn|[from] brn\n|upkeep\n|turn|2\n|inactive|SFDds sd has 120 seconds left.\n|\n|t:|1698446482\n|move|p2a: Hoopa|Dark Pulse|p1b: Banette\n|-supereffective|p1b: Banette\n|-damage|p1b: Banette|0 fnt\n|faint|p1b: Banette\n|move|p2b: Zygarde|Coil|p2b: Zygarde\n|-boost|p2b: Zygarde|atk|1\n|-boost|p2b: Zygarde|def|1\n|-boost|p2b: Zygarde|accuracy|1\n|move|p1a: Drifloon|Haze|p1a: Drifloon\n|-clearallboost\n|\n|-damage|p2b: Zygarde|88\/100 brn|[from] brn\n|upkeep\n|\n|t:|1698446491\n|switch|p1b: Primarina|Primarina, M|100\/100\n|turn|3\n|\n|t:|1698446498\n|move|p2a: Hoopa|Psyshock|p1b: Primarina\n|-damage|p1b: Primarina|35\/100\n|-item|p2a: Hoopa|Assault Vest|[from] ability: Magician|[of] p1b: Primarina\n|move|p1b: Primarina|Moonblast|p2a: Hoopa\n|-supereffective|p2a: Hoopa\n|-damage|p2a: Hoopa|50\/100\n|move|p2b: Zygarde|Crunch|p1a: Drifloon\n|-supereffective|p1a: Drifloon\n|-damage|p1a: Drifloon|68\/100\n|move|p1a: Drifloon|Haze|p1a: Drifloon\n|-clearallboost\n|\n|-damage|p2b: Zygarde|82\/100 brn|[from] brn\n|upkeep\n|turn|4\n|\n|t:|1698446515\n|move|p2a: Hoopa|Psyshock|p1b: Primarina\n|-damage|p1b: Primarina|0 fnt\n|faint|p1b: Primarina\n|move|p2b: Zygarde|Crunch|p1a: Drifloon\n|-supereffective|p1a: Drifloon\n|-damage|p1a: Drifloon|36\/100\n|move|p1a: Drifloon|Destiny Bond|p1a: Drifloon\n|-singlemove|p1a: Drifloon|Destiny Bond\n|\n|-damage|p2b: Zygarde|76\/100 brn|[from] brn\n|upkeep\n|\n|t:|1698446521\n|switch|p1b: Drifblim|Drifblim, M|100\/100\n|turn|5\n|\n|t:|1698446533\n|move|p2a: Hoopa|Dark Pulse|p1b: Drifblim\n|-supereffective|p1b: Drifblim\n|-damage|p1b: Drifblim|0 fnt\n|faint|p1b: Drifblim\n|move|p2b: Zygarde|Crunch|p1a: Drifloon\n|-supereffective|p1a: Drifloon\n|-damage|p1a: Drifloon|5\/100\n|move|p1a: Drifloon|Night Shade|p2a: Hoopa\n|-damage|p2a: Hoopa|23\/100\n|\n|-damage|p2b: Zygarde|70\/100 brn|[from] brn\n|-fieldend|move: Trick Room\n|upkeep\n|\n|t:|1698446538\n|switch|p1b: Tsareena|Tsareena, F|100\/100\n|turn|6\n|\n|t:|1698446553\n|move|p1b: Tsareena|Play Rough|p2a: Hoopa\n|-supereffective|p2a: Hoopa\n|-damage|p2a: Hoopa|0 fnt\n|faint|p2a: Hoopa\n|move|p1a: Drifloon|Memento|p2b: Zygarde\n|-unboost|p2b: Zygarde|atk|2\n|-unboost|p2b: Zygarde|spa|2\n|faint|p1a: Drifloon\n|move|p2b: Zygarde|Crunch|p1b: Tsareena\n|-damage|p1b: Tsareena|95\/100\n|\n|-damage|p2b: Zygarde|63\/100 brn|[from] brn\n|upkeep\n|\n|t:|1698446573\n|switch|p1a: Delphox|Delphox, M|100\/100\n|switch|p2a: Indeedee|Indeedee-F, F|100\/100\n|-fieldstart|move: Psychic Terrain|[from] ability: Psychic Surge|[of] p2a: Indeedee\n|turn|7\n|\n|t:|1698446587\n|switch|p2b: Ursaluna|Ursaluna, M|100\/100\n|-terastallize|p1a: Delphox|Fire\n|move|p1a: Delphox|Flamethrower|p2a: Indeedee\n|-damage|p2a: Indeedee|47\/100\n|move|p1b: Tsareena|Triple Axel|p2a: Indeedee\n|-damage|p2a: Indeedee|40\/100\n|-damage|p2a: Indeedee|28\/100\n|-damage|p2a: Indeedee|6\/100\n|-hitcount|p2a: Indeedee|3\n|move|p2a: Indeedee|Trick Room|p2a: Indeedee\n|-fieldstart|move: Trick Room|[of] p2a: Indeedee\n|\n|-status|p2b: Ursaluna|brn|[from] item: Flame Orb\n|upkeep\n|turn|8\n|\n|t:|1698446608\n|move|p1a: Delphox|Protect|p1a: Delphox\n|-singleturn|p1a: Delphox|Protect\n|move|p2a: Indeedee|Follow Me|p2a: Indeedee\n|-singleturn|p2a: Indeedee|move: Follow Me\n|move|p2b: Ursaluna|Headlong Rush|p1a: Delphox\n|-activate|p1a: Delphox|move: Protect\n|move|p1b: Tsareena|Trop Kick|p2a: Indeedee\n|-damage|p2a: Indeedee|0 fnt\n|faint|p2a: Indeedee\n|\n|-damage|p2b: Ursaluna|94\/100 brn|[from] brn\n|upkeep\n|\n|t:|1698446611\n|switch|p2a: Glastrier|Glastrier|100\/100\n|turn|9\n|\n|t:|1698446618\n|move|p2a: Glastrier|Icicle Spear|p1b: Tsareena\n|-supereffective|p1b: Tsareena\n|-damage|p1b: Tsareena|57\/100\n|-supereffective|p1b: Tsareena\n|-damage|p1b: Tsareena|21\/100\n|-supereffective|p1b: Tsareena\n|-damage|p1b: Tsareena|0 fnt\n|faint|p1b: Tsareena\n|-ability|p2a: Glastrier|Chilling Neigh|boost\n|-boost|p2a: Glastrier|atk|1\n|-hitcount|p1: Tsareena|3\n|move|p2b: Ursaluna|Headlong Rush|p1a: Delphox\n|-supereffective|p1a: Delphox\n|-damage|p1a: Delphox|0 fnt\n|-unboost|p2b: Ursaluna|def|1\n|-unboost|p2b: Ursaluna|spd|1\n|faint|p1a: Delphox\n|\n|win|SFDds sd\n|raw|Ilovesmallcats3's rating: 1140 &rarr; <strong>1112<\/strong><br \/>(-28 for losing)\n|raw|SFDds sd's rating: 1097 &rarr; <strong>1126<\/strong><br \/>(+29 for winning)\n|l|\u2606Ilovesmallcats3\n","uploadtime":1698446635,"views":8,"p1id":"ilovesmallcats3","p2id":"sfddssd","formatid":"gen9nationaldexdoubles","rating":1112,"private":0,"password":""}