{"id":"gen9nationaldexdoubles-1986390593","p1":"Mcknugget11","p2":"OceanicGamer3","format":"[Gen 9] National Dex Doubles","log":"|j|\u2606Mcknugget11\n|j|\u2606OceanicGamer3\n|t:|1699474913\n|gametype|doubles\n|player|p1|Mcknugget11|102|1000\n|player|p2|OceanicGamer3|bugcatcher-gen4dp|1006\n|teamsize|p1|6\n|teamsize|p2|6\n|gen|9\n|tier|[Gen 9] National Dex Doubles\n|rated|\n|rule|HP Percentage Mod: HP is shown in percentages\n|rule|Endless Battle Clause: Forcing endless battles is banned\n|rule|OHKO Clause: OHKO moves are banned\n|rule|Evasion Moves Clause: Evasion moves are banned\n|rule|Evasion Abilities Clause: Evasion abilities are banned\n|rule|Species Clause: Limit one of each Pok\u00e9mon\n|rule|Gravity Sleep Clause: The combination of sleep-inducing moves with imperfect accuracy and Gravity or Gigantamax Orbeetle are banned\n|clearpoke\n|poke|p1|Scizor, F|\n|poke|p1|Grafaiai, F|\n|poke|p1|Muk-Alola, F|\n|poke|p1|Volcarona, M|\n|poke|p1|Kleavor, M|\n|poke|p1|Weezing-Galar, F|\n|poke|p2|Meowstic, M|\n|poke|p2|Amoonguss, M|\n|poke|p2|Urshifu-*, F|\n|poke|p2|Heatran, M|\n|poke|p2|Tyranitar, M|\n|poke|p2|Maushold|\n|teampreview\n|\n|t:|1699474917\n|start\n|switch|p1a: Scizor|Scizor, F|100\/100\n|switch|p1b: Kleavor|Kleavor, M|100\/100\n|switch|p2a: Meowstic|Meowstic, M|100\/100\n|switch|p2b: Amoonguss|Amoonguss, M|100\/100\n|turn|1\n|\n|t:|1699474930\n|detailschange|p1a: Scizor|Scizor-Mega, F\n|-mega|p1a: Scizor|Scizor|Scizorite\n|move|p2a: Meowstic|Skill Swap|p2b: Amoonguss\n|-activate|p2a: Meowstic|move: Skill Swap|||[of] p2b: Amoonguss\n|move|p2b: Amoonguss|Spore|p1a: Scizor\n|-status|p1a: Scizor|slp|[from] move: Spore\n|cant|p1a: Scizor|slp\n|move|p1b: Kleavor|Tailwind|p1b: Kleavor\n|-sidestart|p1: Mcknugget11|move: Tailwind\n|\n|upkeep\n|turn|2\n|\n|t:|1699474965\n|switch|p2a: Urshifu|Urshifu-Rapid-Strike, F|100\/100\n|move|p2b: Amoonguss|Spore|p1b: Kleavor\n|-status|p1b: Kleavor|slp|[from] move: Spore\n|cant|p1a: Scizor|slp\n|cant|p1b: Kleavor|slp\n|\n|upkeep\n|turn|3\n|\n|t:|1699475000\n|switch|p1b: Muk|Muk-Alola, F|100\/100\n|cant|p1a: Scizor|slp\n|move|p2a: Urshifu|Bulk Up|p2a: Urshifu\n|-boost|p2a: Urshifu|atk|1\n|-boost|p2a: Urshifu|def|1\n|move|p2b: Amoonguss|Pollen Puff|p2a: Urshifu\n|-immune|p2a: Urshifu\n|\n|upkeep\n|turn|4\n|\n|t:|1699475017\n|move|p1b: Muk|Shadow Sneak|p2a: Urshifu\n|-damage|p2a: Urshifu|92\/100\n|move|p2b: Amoonguss|Spore|p1b: Muk\n|-hint|Since gen 7, Dark is immune to Prankster moves.\n|-immune|p1b: Muk\n|-curestatus|p1a: Scizor|slp|[msg]\n|move|p1a: Scizor|Trailblaze|p2a: Urshifu\n|-supereffective|p2a: Urshifu\n|-damage|p2a: Urshifu|53\/100\n|-boost|p1a: Scizor|spe|1\n|move|p2a: Urshifu|Bulk Up|p2a: Urshifu\n|-boost|p2a: Urshifu|atk|1\n|-boost|p2a: Urshifu|def|1\n|\n|-sideend|p1: Mcknugget11|move: Tailwind\n|upkeep\n|turn|5\n|\n|t:|1699475042\n|move|p2a: Urshifu|Surging Strikes|p1a: Scizor\n|-crit|p1a: Scizor\n|-damage|p1a: Scizor|64\/100\n|-crit|p1a: Scizor\n|-damage|p1a: Scizor|27\/100\n|-crit|p1a: Scizor\n|-damage|p1a: Scizor|0 fnt\n|faint|p1a: Scizor\n|-ability|p1b: Muk|Technician|[from] ability: Power of Alchemy|[of] p1a: Scizor\n|-hitcount|p1: Scizor|3\n|move|p1b: Muk|Thunder Punch|p2a: Urshifu\n|-supereffective|p2a: Urshifu\n|-damage|p2a: Urshifu|26\/100\n|move|p2b: Amoonguss|Pollen Puff|p2a: Urshifu\n|-heal|p2a: Urshifu|76\/100\n|\n|upkeep\n|\n|t:|1699475054\n|switch|p1a: Volcarona|Volcarona, M|100\/100\n|turn|6\n|\n|t:|1699475064\n|-terastallize|p1a: Volcarona|Grass\n|-singleturn|p2a: Urshifu|move: Focus Punch\n|move|p2b: Amoonguss|After You|p2a: Urshifu\n|-activate|p2a: Urshifu|move: After You\n|move|p2a: Urshifu|Focus Punch|p1b: Muk\n|-damage|p1b: Muk|0 fnt\n|faint|p1b: Muk\n|move|p1a: Volcarona|Giga Drain|p2a: Urshifu\n|-supereffective|p2a: Urshifu\n|-damage|p2a: Urshifu|0 fnt\n|faint|p2a: Urshifu\n|-damage|p1a: Volcarona|91\/100|[from] item: Life Orb\n|\n|upkeep\n|\n|t:|1699475078\n|switch|p2a: Heatran|Heatran, M|100\/100\n|switch|p1b: Weezing|Weezing-Galar, F|100\/100\n|turn|7\n|\n|t:|1699475092\n|move|p2b: Amoonguss|After You|p2a: Heatran\n|-activate|p2a: Heatran|move: After You\n|move|p2a: Heatran|Eruption|p1a: Volcarona|[spread] p1a,p1b\n|-supereffective|p1a: Volcarona\n|-damage|p1a: Volcarona|0 fnt\n|-damage|p1b: Weezing|2\/100\n|-enditem|p1b: Weezing|Aguav Berry|[eat]\n|-heal|p1b: Weezing|35\/100|[from] item: Aguav Berry\n|faint|p1a: Volcarona\n|move|p1b: Weezing|Shadow Ball|p2a: Heatran\n|-damage|p2a: Heatran|81\/100\n|-unboost|p2a: Heatran|spd|1\n|\n|upkeep\n|\n|t:|1699475099\n|switch|p1a: Grafaiai|Grafaiai, F|100\/100\n|turn|8\n|\n|t:|1699475116\n|move|p2b: Amoonguss|After You|p2a: Heatran\n|-activate|p2a: Heatran|move: After You\n|move|p2a: Heatran|Eruption|p1b: Weezing|[spread] p1a,p1b\n|-damage|p1a: Grafaiai|17\/100\n|-damage|p1b: Weezing|0 fnt\n|faint|p1b: Weezing\n|move|p1a: Grafaiai|Knock Off|p1: Weezing|[notarget]\n|-fail|p1a: Grafaiai\n|\n|-heal|p1a: Grafaiai|24\/100|[from] item: Leftovers\n|upkeep\n|\n|t:|1699475118\n|switch|p1b: Kleavor|Kleavor, M|100\/100 slp\n|turn|9\n|\n|t:|1699475139\n|-terastallize|p2a: Heatran|Fire\n|move|p2b: Amoonguss|After You|p2a: Heatran\n|-activate|p2a: Heatran|move: After You\n|move|p2a: Heatran|Eruption|p1a: Grafaiai|[spread] p1a,p1b\n|-damage|p1a: Grafaiai|0 fnt\n|-damage|p1b: Kleavor|6\/100 slp\n|faint|p1a: Grafaiai\n|-curestatus|p1b: Kleavor|slp|[msg]\n|move|p1b: Kleavor|Swords Dance|p1b: Kleavor\n|-boost|p1b: Kleavor|atk|2\n|\n|upkeep\n|turn|10\n|\n|t:|1699475155\n|move|p2b: Amoonguss|After You|p2a: Heatran\n|-activate|p2a: Heatran|move: After You\n|move|p2a: Heatran|Flash Cannon|p1b: Kleavor\n|-supereffective|p1b: Kleavor\n|-damage|p1b: Kleavor|0 fnt\n|faint|p1b: Kleavor\n|\n|win|OceanicGamer3\n|raw|Mcknugget11's rating: 1000 &rarr; <strong>1000<\/strong><br \/>(+0 for losing)\n|raw|OceanicGamer3's rating: 1006 &rarr; <strong>1044<\/strong><br \/>(+38 for winning)\n|l|\u2606Mcknugget11\n","uploadtime":1699475163,"views":45,"p1id":"mcknugget11","p2id":"oceanicgamer3","formatid":"gen9nationaldexdoubles","rating":1000,"private":0,"password":""}