{"id":"gen9nationaldexdoubles-1967783636","p1":"luijoroma","p2":"Agame4free","format":"[Gen 9] National Dex Doubles","log":"|j|\u2606luijoroma\n|j|\u2606Agame4free\n|t:|1697338022\n|gametype|doubles\n|player|p1|luijoroma|lucas-gen4pt|1092\n|player|p2|Agame4free|ethan|1046\n|teamsize|p1|6\n|teamsize|p2|6\n|gen|9\n|tier|[Gen 9] National Dex Doubles\n|rated|\n|rule|HP Percentage Mod: HP is shown in percentages\n|rule|Endless Battle Clause: Forcing endless battles is banned\n|rule|OHKO Clause: OHKO moves are banned\n|rule|Evasion Moves Clause: Evasion moves are banned\n|rule|Evasion Abilities Clause: Evasion abilities are banned\n|rule|Species Clause: Limit one of each Pok\u00e9mon\n|rule|Gravity Sleep Clause: The combination of sleep-inducing moves with imperfect accuracy and Gravity or Gigantamax Orbeetle are banned\n|clearpoke\n|poke|p1|Garchomp, M|\n|poke|p1|Togekiss, M|\n|poke|p1|Milotic, F|\n|poke|p1|Typhlosion, M|\n|poke|p1|Tinkaton, F|\n|poke|p1|Gardevoir, F|\n|poke|p2|Skeledirge, M|\n|poke|p2|Primarina, F|\n|poke|p2|Chi-Yu|\n|poke|p2|Braviary-Hisui, M|\n|poke|p2|Pelipper, F|\n|poke|p2|Reuniclus, F|\n|teampreview\n|\n|t:|1697338027\n|start\n|switch|p1a: Togekiss|Togekiss, M|100\/100\n|switch|p1b: Tinkaton|Tinkaton, F|100\/100\n|switch|p2a: Primarina|Primarina, F|100\/100\n|switch|p2b: Pelipper|Pelipper, F|100\/100\n|-ability|p1b: Tinkaton|Mold Breaker\n|-weather|RainDance|[from] ability: Drizzle|[of] p2b: Pelipper\n|turn|1\n|\n|t:|1697338049\n|move|p1b: Tinkaton|Gigaton Hammer|p2a: Primarina\n|-damage|p2a: Primarina|24\/100\n|move|p1a: Togekiss|Dazzling Gleam|p2b: Pelipper|[spread] p2a,p2b\n|-damage|p2a: Primarina|0 fnt\n|-damage|p2b: Pelipper|54\/100\n|faint|p2a: Primarina\n|move|p2b: Pelipper|Blizzard|p1a: Togekiss|[spread] \n|-miss|p2b: Pelipper|p1a: Togekiss\n|-miss|p2b: Pelipper|p1b: Tinkaton\n|\n|-weather|RainDance|[upkeep]\n|upkeep\n|\n|t:|1697338061\n|switch|p2a: Reuniclus|Reuniclus, F|100\/100\n|turn|2\n|\n|t:|1697338073\n|move|p1b: Tinkaton|Play Rough|p2a: Reuniclus\n|-damage|p2a: Reuniclus|54\/100\n|move|p1a: Togekiss|Tri Attack|p2b: Pelipper\n|-damage|p2b: Pelipper|15\/100\n|move|p2b: Pelipper|Blizzard|p1a: Togekiss|[spread] p1b\n|-miss|p2b: Pelipper|p1a: Togekiss\n|-resisted|p1b: Tinkaton\n|-damage|p1b: Tinkaton|88\/100\n|-status|p1b: Tinkaton|frz\n|move|p2a: Reuniclus|Energy Ball|p1a: Togekiss\n|-resisted|p1a: Togekiss\n|-damage|p1a: Togekiss|87\/100\n|\n|-weather|RainDance|[upkeep]\n|-heal|p1a: Togekiss|93\/100|[from] item: Leftovers\n|upkeep\n|turn|3\n|\n|t:|1697338095\n|cant|p1b: Tinkaton|frz\n|move|p1a: Togekiss|Dazzling Gleam|p2b: Pelipper|[spread] p2a,p2b\n|-damage|p2a: Reuniclus|26\/100\n|-damage|p2b: Pelipper|0 fnt\n|faint|p2b: Pelipper\n|move|p2a: Reuniclus|Expanding Force|p1b: Tinkaton\n|-resisted|p1b: Tinkaton\n|-damage|p1b: Tinkaton|67\/100 frz\n|\n|-weather|RainDance|[upkeep]\n|-heal|p1a: Togekiss|99\/100|[from] item: Leftovers\n|upkeep\n|\n|t:|1697338105\n|switch|p2b: Braviary|Braviary-Hisui, M|100\/100\n|turn|4\n|\n|t:|1697338119\n|cant|p1b: Tinkaton|frz\n|move|p1a: Togekiss|Tri Attack|p2b: Braviary\n|-damage|p2b: Braviary|69\/100\n|-status|p2b: Braviary|brn\n|move|p2b: Braviary|Superpower|p1b: Tinkaton\n|-damage|p1b: Tinkaton|50\/100 frz\n|-unboost|p2b: Braviary|atk|1\n|-unboost|p2b: Braviary|def|1\n|move|p2a: Reuniclus|Future Sight|p1a: Togekiss\n|-start|p2a: Reuniclus|move: Future Sight\n|\n|-weather|RainDance|[upkeep]\n|-heal|p1a: Togekiss|100\/100|[from] item: Leftovers\n|-damage|p2b: Braviary|63\/100 brn|[from] brn\n|upkeep\n|turn|5\n|-activate|p2a: Reuniclus|item: Quick Claw\n|\n|t:|1697338147\n|move|p2a: Reuniclus|Light Screen|p2a: Reuniclus\n|-sidestart|p2: Agame4free|move: Light Screen\n|-curestatus|p1b: Tinkaton|frz|[msg]\n|move|p1b: Tinkaton|Stone Edge|p2b: Braviary\n|-supereffective|p2b: Braviary\n|-damage|p2b: Braviary|0 fnt\n|faint|p2b: Braviary\n|move|p1a: Togekiss|Dazzling Gleam|p2a: Reuniclus\n|-damage|p2a: Reuniclus|4\/100\n|\n|-weather|RainDance|[upkeep]\n|upkeep\n|\n|t:|1697338158\n|switch|p2b: Chi-Yu|Chi-Yu|100\/100\n|-ability|p2b: Chi-Yu|Beads of Ruin\n|turn|6\n|\n|t:|1697338170\n|move|p2b: Chi-Yu|Dark Pulse|p1a: Togekiss\n|-resisted|p1a: Togekiss\n|-damage|p1a: Togekiss|67\/100\n|move|p1b: Tinkaton|Gigaton Hammer|p2b: Chi-Yu\n|-resisted|p2b: Chi-Yu\n|-damage|p2b: Chi-Yu|46\/100\n|move|p1a: Togekiss|Tri Attack|p2b: Chi-Yu\n|-crit|p2b: Chi-Yu\n|-damage|p2b: Chi-Yu|6\/100\n|-status|p2b: Chi-Yu|frz\n|move|p2a: Reuniclus|Expanding Force|p1a: Togekiss\n|-damage|p1a: Togekiss|19\/100\n|\n|-weather|RainDance|[upkeep]\n|-end|p1a: Togekiss|move: Future Sight\n|-damage|p1a: Togekiss|0 fnt\n|faint|p1a: Togekiss\n|upkeep\n|\n|t:|1697338194\n|switch|p1a: Milotic|Milotic, F, shiny|100\/100\n|turn|7\n|\n|t:|1697338206\n|cant|p2b: Chi-Yu|frz\n|move|p1b: Tinkaton|Stone Edge|p2a: Reuniclus\n|-damage|p2a: Reuniclus|0 fnt\n|faint|p2a: Reuniclus\n|move|p1a: Milotic|Hypnosis|p2b: Chi-Yu|[miss]\n|-miss|p1a: Milotic|p2b: Chi-Yu\n|\n|-weather|RainDance|[upkeep]\n|upkeep\n|\n|t:|1697338213\n|switch|p2a: Skeledirge|Skeledirge, M, shiny|100\/100\n|turn|8\n|\n|t:|1697338231\n|cant|p2b: Chi-Yu|frz\n|move|p1b: Tinkaton|Play Rough|p2b: Chi-Yu\n|-damage|p2b: Chi-Yu|0 fnt\n|faint|p2b: Chi-Yu\n|move|p1a: Milotic|Hydro Pump|p2a: Skeledirge\n|-supereffective|p2a: Skeledirge\n|-damage|p2a: Skeledirge|11\/100\n|move|p2a: Skeledirge|Torch Song|p1b: Tinkaton\n|-supereffective|p1b: Tinkaton\n|-damage|p1b: Tinkaton|6\/100\n|-boost|p2a: Skeledirge|spa|1\n|-enditem|p2a: Skeledirge|Throat Spray\n|-boost|p2a: Skeledirge|spa|1|[from] item: Throat Spray\n|\n|-weather|none\n|upkeep\n|turn|9\n|\n|t:|1697338255\n|move|p1b: Tinkaton|Gigaton Hammer|p2a: Skeledirge\n|-resisted|p2a: Skeledirge\n|-damage|p2a: Skeledirge|0 fnt\n|faint|p2a: Skeledirge\n|\n|win|luijoroma\n|raw|luijoroma's rating: 1068 &rarr; <strong>1096<\/strong><br \/>(+28 for winning)\n|raw|Agame4free's rating: 1046 &rarr; <strong>1030<\/strong><br \/>(-16 for losing)\n|l|\u2606Agame4free\n|j| xiaoqing three\n","uploadtime":1697338267,"views":12,"p1id":"luijoroma","p2id":"agame4free","formatid":"gen9nationaldexdoubles","rating":1030,"private":0,"password":""}