{"id":"gen9nationaldexdoubles-1971346992","p1":"snowgust","p2":"Lil barnacle Boi","format":"[Gen 9] National Dex Doubles","log":"|j|\u2606snowgust\n|j|\u2606Lil barnacle Boi\n|t:|1697731332\n|gametype|doubles\n|player|p1|snowgust|hiker-gen4|1204\n|player|p2|Lil barnacle Boi|li|1099\n|teamsize|p1|6\n|teamsize|p2|6\n|gen|9\n|tier|[Gen 9] National Dex Doubles\n|rated|\n|rule|HP Percentage Mod: HP is shown in percentages\n|rule|Endless Battle Clause: Forcing endless battles is banned\n|rule|OHKO Clause: OHKO moves are banned\n|rule|Evasion Moves Clause: Evasion moves are banned\n|rule|Evasion Abilities Clause: Evasion abilities are banned\n|rule|Species Clause: Limit one of each Pok\u00e9mon\n|rule|Gravity Sleep Clause: The combination of sleep-inducing moves with imperfect accuracy and Gravity or Gigantamax Orbeetle are banned\n|clearpoke\n|poke|p1|Dunsparce, M|\n|poke|p1|Dudunsparce-*, M|\n|poke|p1|Roaring Moon|\n|poke|p1|Sableye, F|\n|poke|p1|Maushold-Four|\n|poke|p1|Dragonite, F|\n|poke|p2|Dusclops, M|\n|poke|p2|Ursaluna-Bloodmoon, M|\n|poke|p2|Glastrier|\n|poke|p2|Iron Hands|\n|poke|p2|Pincurchin, M|\n|poke|p2|Diancie|\n|teampreview\n|\n|t:|1697731340\n|start\n|switch|p1a: Dudunsparce|Dudunsparce, M|100\/100\n|switch|p1b: Sableye|Sableye, F, shiny|100\/100\n|switch|p2a: Iron Hands|Iron Hands, shiny|100\/100\n|switch|p2b: Dusclops|Dusclops, M, shiny|100\/100\n|-item|p1a: Dudunsparce|Choice Scarf|[from] ability: Frisk|[of] p2b: Dusclops|[identify]\n|-item|p1b: Sableye|Leftovers|[from] ability: Frisk|[of] p2b: Dusclops|[identify]\n|turn|1\n|inactive|Battle timer is ON: inactive players will automatically lose when time's up. (requested by Lil barnacle Boi)\n|\n|t:|1697731355\n|move|p2a: Iron Hands|Fake Out|p1a: Dudunsparce\n|-damage|p1a: Dudunsparce|82\/100\n|move|p1b: Sableye|Thunder Wave|p2b: Dusclops\n|-status|p2b: Dusclops|par\n|cant|p1a: Dudunsparce|flinch\n|cant|p2b: Dusclops|par\n|\n|upkeep\n|turn|2\n|\n|t:|1697731366\n|move|p1b: Sableye|Gravity|p1b: Sableye\n|-fieldstart|move: Gravity\n|move|p1a: Dudunsparce|Rock Slide|p2b: Dusclops|[spread] p2a,p2b\n|-resisted|p2a: Iron Hands\n|-damage|p2a: Iron Hands|95\/100\n|-damage|p2b: Dusclops|91\/100 par\n|cant|p2a: Iron Hands|flinch\n|cant|p2b: Dusclops|flinch\n|\n|upkeep\n|turn|3\n|\n|t:|1697731376\n|move|p1b: Sableye|Confuse Ray|p2b: Dusclops\n|-start|p2b: Dusclops|confusion\n|move|p1a: Dudunsparce|Rock Slide|p2b: Dusclops|[spread] p2a,p2b\n|-resisted|p2a: Iron Hands\n|-damage|p2a: Iron Hands|90\/100\n|-damage|p2b: Dusclops|82\/100 par\n|cant|p2a: Iron Hands|flinch\n|cant|p2b: Dusclops|flinch\n|\n|upkeep\n|turn|4\n|\n|t:|1697731389\n|move|p1b: Sableye|Confuse Ray|p2a: Iron Hands\n|-start|p2a: Iron Hands|confusion\n|move|p1a: Dudunsparce|Rock Slide|p2b: Dusclops|[spread] p2a,p2b\n|-resisted|p2a: Iron Hands\n|-damage|p2a: Iron Hands|85\/100\n|-damage|p2b: Dusclops|73\/100 par\n|cant|p2a: Iron Hands|flinch\n|-activate|p2b: Dusclops|confusion\n|-damage|p2b: Dusclops|68\/100 par|[from] confusion\n|\n|upkeep\n|turn|5\n|\n|t:|1697731403\n|move|p1a: Dudunsparce|Rock Slide|p2b: Dusclops|[spread] p2a,p2b\n|-resisted|p2a: Iron Hands\n|-damage|p2a: Iron Hands|80\/100\n|-damage|p2b: Dusclops|59\/100 par\n|move|p1b: Sableye|Knock Off|p2b: Dusclops\n|-supereffective|p2b: Dusclops\n|-damage|p2b: Dusclops|34\/100 par\n|-enditem|p2b: Dusclops|Eviolite|[from] move: Knock Off|[of] p1b: Sableye\n|cant|p2a: Iron Hands|flinch\n|cant|p2b: Dusclops|flinch\n|\n|upkeep\n|turn|6\n|n|!Lil barnacle Boi|lilbarnacleboi\n|\n|t:|1697731432\n|move|p1a: Dudunsparce|Rock Slide|p2b: Dusclops|[spread] p2a,p2b\n|-resisted|p2a: Iron Hands\n|-damage|p2a: Iron Hands|75\/100\n|-damage|p2b: Dusclops|21\/100 par\n|move|p1b: Sableye|Knock Off|p2a: Iron Hands\n|-resisted|p2a: Iron Hands\n|-damage|p2a: Iron Hands|68\/100\n|-enditem|p2a: Iron Hands|Assault Vest|[from] move: Knock Off|[of] p1b: Sableye\n|-activate|p2a: Iron Hands|confusion\n|-damage|p2a: Iron Hands|56\/100|[from] confusion\n|-end|p2b: Dusclops|confusion\n|move|p2b: Dusclops|Trick Room|p2b: Dusclops\n|-fieldstart|move: Trick Room|[of] p2b: Dusclops\n|\n|-fieldend|move: Gravity\n|upkeep\n|turn|7\n|\n|t:|1697731453\n|move|p1b: Sableye|Confuse Ray|p2b: Dusclops\n|-start|p2b: Dusclops|confusion\n|-activate|p2b: Dusclops|confusion\n|-damage|p2b: Dusclops|16\/100 par|[from] confusion\n|-activate|p2a: Iron Hands|confusion\n|-damage|p2a: Iron Hands|47\/100|[from] confusion\n|move|p1a: Dudunsparce|Rock Slide|p2a: Iron Hands|[spread] p2a,p2b\n|-resisted|p2a: Iron Hands\n|-damage|p2a: Iron Hands|42\/100\n|-damage|p2b: Dusclops|2\/100 par\n|\n|upkeep\n|turn|8\n|\n|t:|1697731469\n|move|p1b: Sableye|Gravity|p1b: Sableye\n|-fieldstart|move: Gravity\n|-activate|p2b: Dusclops|confusion\n|cant|p2b: Dusclops|par\n|-activate|p2a: Iron Hands|confusion\n|move|p2a: Iron Hands|Drain Punch|p1a: Dudunsparce\n|-supereffective|p1a: Dudunsparce\n|-damage|p1a: Dudunsparce|0 fnt\n|-heal|p2a: Iron Hands|73\/100|[from] drain|[of] p1a: Dudunsparce\n|faint|p1a: Dudunsparce\n|\n|upkeep\n|\n|t:|1697731489\n|switch|p1a: Dragonite|Dragonite, F|100\/100\n|turn|9\n|\n|t:|1697731507\n|-terastallize|p1a: Dragonite|Fire\n|-activate|p2b: Dusclops|confusion\n|move|p2b: Dusclops|Will-O-Wisp|p1a: Dragonite\n|-immune|p1a: Dragonite\n|-activate|p2a: Iron Hands|confusion\n|move|p2a: Iron Hands|Ice Punch|p1a: Dragonite\n|-resisted|p1a: Dragonite\n|-damage|p1a: Dragonite|93\/100\n|move|p1b: Sableye|Knock Off|p2a: Iron Hands\n|-resisted|p2a: Iron Hands\n|-damage|p2a: Iron Hands|68\/100\n|move|p1a: Dragonite|Substitute|p1a: Dragonite\n|-start|p1a: Dragonite|Substitute\n|-damage|p1a: Dragonite|68\/100\n|\n|-heal|p1a: Dragonite|75\/100|[from] item: Leftovers\n|upkeep\n|turn|10\n|\n|t:|1697731535\n|switch|p1b: Maushold|Maushold-Four|100\/100\n|-end|p2b: Dusclops|confusion\n|move|p2b: Dusclops|Will-O-Wisp|p1b: Maushold\n|-status|p1b: Maushold|brn\n|-end|p2a: Iron Hands|confusion\n|move|p2a: Iron Hands|Volt Switch|p1a: Dragonite\n|-activate|p1a: Dragonite|move: Substitute|[damage]\n|\n|t:|1697731549\n|-end|p2a: Iron Hands|Quark Drive|[silent]\n|switch|p2a: Pincurchin|Pincurchin, M|100\/100|[from] Volt Switch\n|-fieldstart|move: Electric Terrain|[from] ability: Electric Surge|[of] p2a: Pincurchin\n|move|p1a: Dragonite|Dragon Dance|p1a: Dragonite\n|-boost|p1a: Dragonite|atk|1\n|-boost|p1a: Dragonite|spe|1\n|\n|-heal|p1a: Dragonite|81\/100|[from] item: Leftovers\n|-damage|p1b: Maushold|95\/100 brn|[from] brn\n|-fieldend|move: Trick Room\n|upkeep\n|turn|11\n|\n|t:|1697731565\n|move|p1b: Maushold|Population Bomb|p2a: Pincurchin\n|-damage|p2a: Pincurchin|97\/100\n|-damage|p2a: Pincurchin|94\/100\n|-damage|p2a: Pincurchin|90\/100\n|-damage|p2a: Pincurchin|87\/100\n|-damage|p2a: Pincurchin|83\/100\n|-damage|p2a: Pincurchin|80\/100\n|-damage|p2a: Pincurchin|76\/100\n|-damage|p2a: Pincurchin|72\/100\n|-damage|p2a: Pincurchin|68\/100\n|-damage|p2a: Pincurchin|65\/100\n|-hitcount|p2a: Pincurchin|10\n|move|p1a: Dragonite|Rock Slide|p2b: Dusclops|[spread] p2a,p2b\n|-damage|p2a: Pincurchin|43\/100\n|-damage|p2b: Dusclops|0 fnt\n|faint|p2b: Dusclops\n|move|p2a: Pincurchin|Toxic Spikes|p1b: Maushold\n|-sidestart|p1: snowgust|move: Toxic Spikes\n|\n|-heal|p1a: Dragonite|87\/100|[from] item: Leftovers\n|-damage|p1b: Maushold|89\/100 brn|[from] brn\n|upkeep\n|\n|t:|1697731571\n|switch|p2b: Diancie|Diancie, shiny|100\/100\n|turn|12\n|\n|t:|1697731600\n|move|p1b: Maushold|Super Fang|p2b: Diancie\n|-damage|p2b: Diancie|50\/100\n|move|p1a: Dragonite|Rock Slide|p2b: Diancie|[spread] p2a,p2b\n|-damage|p2a: Pincurchin|22\/100\n|-damage|p2b: Diancie|30\/100\n|move|p2a: Pincurchin|Toxic Spikes|p1b: Maushold\n|-sidestart|p1: snowgust|move: Toxic Spikes\n|move|p2b: Diancie|Trick Room|p2b: Diancie\n|-fieldstart|move: Trick Room|[of] p2b: Diancie\n|\n|-heal|p2b: Diancie|36\/100|[from] item: Leftovers\n|-heal|p1a: Dragonite|93\/100|[from] item: Leftovers\n|-damage|p1b: Maushold|83\/100 brn|[from] brn\n|-fieldend|move: Gravity\n|upkeep\n|turn|13\n|\n|t:|1697731623\n|move|p2a: Pincurchin|Memento|p1b: Maushold\n|-unboost|p1b: Maushold|atk|2\n|-unboost|p1b: Maushold|spa|2\n|faint|p2a: Pincurchin\n|move|p2b: Diancie|Diamond Storm|p1a: Dragonite|[spread] p1a,p1b\n|-supereffective|p1a: Dragonite\n|-end|p1a: Dragonite|Substitute\n|-damage|p1b: Maushold|50\/100 brn\n|-boost|p2b: Diancie|def|2\n|move|p1a: Dragonite|Rock Slide|p2b: Diancie\n|-damage|p2b: Diancie|23\/100\n|move|p1b: Maushold|Tidy Up|p1b: Maushold\n|-sideend|p1: snowgust|Toxic Spikes\n|-activate|p1b: Maushold|move: Tidy Up\n|-boost|p1b: Maushold|atk|1\n|-boost|p1b: Maushold|spe|1\n|\n|-heal|p2b: Diancie|29\/100|[from] item: Leftovers\n|-heal|p1a: Dragonite|99\/100|[from] item: Leftovers\n|-damage|p1b: Maushold|44\/100 brn|[from] brn\n|upkeep\n|\n|t:|1697731637\n|switch|p2a: Glastrier|Glastrier|100\/100\n|turn|14\n|inactive|snowgust has 120 seconds left.\n|\n|t:|1697731684\n|-terastallize|p2a: Glastrier|Water\n|move|p2a: Glastrier|Tera Blast|p1a: Dragonite|[anim] Tera Blast Water\n|-supereffective|p1a: Dragonite\n|-damage|p1a: Dragonite|31\/100\n|move|p2b: Diancie|Diamond Storm|p1b: Maushold|[spread] p1a,p1b\n|-supereffective|p1a: Dragonite\n|-damage|p1a: Dragonite|0 fnt\n|-damage|p1b: Maushold|13\/100 brn\n|faint|p1a: Dragonite\n|move|p1b: Maushold|Tidy Up|p1b: Maushold\n|-boost|p1b: Maushold|atk|1\n|-boost|p1b: Maushold|spe|1\n|\n|-heal|p2b: Diancie|36\/100|[from] item: Leftovers\n|-damage|p1b: Maushold|7\/100 brn|[from] brn\n|upkeep\n|\n|t:|1697731697\n|switch|p1a: Sableye|Sableye, F, shiny|100\/100\n|turn|15\n|inactive|snowgust has 120 seconds left.\n|\n|t:|1697731707\n|move|p1a: Sableye|Thunder Wave|p2b: Diancie\n|-status|p2b: Diancie|par\n|move|p2b: Diancie|Terrain Pulse|p1a: Sableye\n|-damage|p1a: Sableye|51\/100\n|move|p2a: Glastrier|Swords Dance|p2a: Glastrier\n|-boost|p2a: Glastrier|atk|2\n|move|p1b: Maushold|Super Fang|p2a: Glastrier\n|-damage|p2a: Glastrier|51\/100\n|\n|-heal|p2b: Diancie|42\/100 par|[from] item: Leftovers\n|-heal|p1a: Sableye|58\/100|[from] item: Leftovers\n|-damage|p1b: Maushold|1\/100 brn|[from] brn\n|upkeep\n|turn|16\n|\n|t:|1697731727\n|move|p1a: Sableye|Thunder Wave|p2a: Glastrier\n|-status|p2a: Glastrier|par\n|move|p2a: Glastrier|Icicle Spear|p1b: Maushold\n|-damage|p1b: Maushold|0 fnt\n|faint|p1b: Maushold\n|-ability|p2a: Glastrier|Chilling Neigh|boost\n|-boost|p2a: Glastrier|atk|1\n|-hitcount|p1: Maushold|1\n|move|p2b: Diancie|Terrain Pulse|p1a: Sableye\n|-damage|p1a: Sableye|10\/100\n|\n|-heal|p2b: Diancie|48\/100 par|[from] item: Leftovers\n|-heal|p1a: Sableye|16\/100|[from] item: Leftovers\n|-fieldend|move: Trick Room\n|upkeep\n|\n|t:|1697731737\n|switch|p1b: Dunsparce|Dunsparce, M|100\/100\n|turn|17\n|\n|t:|1697731743\n|move|p1a: Sableye|Gravity|p1a: Sableye\n|-fieldstart|move: Gravity\n|move|p1b: Dunsparce|Rock Slide|p2b: Diancie|[spread] p2a,p2b\n|-damage|p2a: Glastrier|43\/100 par\n|-damage|p2b: Diancie|43\/100 par\n|cant|p2a: Glastrier|flinch\n|cant|p2b: Diancie|flinch\n|\n|-heal|p1a: Sableye|23\/100|[from] item: Leftovers\n|-heal|p2b: Diancie|49\/100 par|[from] item: Leftovers\n|-fieldend|move: Electric Terrain\n|upkeep\n|turn|18\n|\n|t:|1697731760\n|move|p1b: Dunsparce|Rock Slide|p2b: Diancie|[spread] p2a,p2b\n|-damage|p2a: Glastrier|37\/100 par\n|-damage|p2b: Diancie|44\/100 par\n|move|p1a: Sableye|Knock Off|p2a: Glastrier\n|-damage|p2a: Glastrier|25\/100 par\n|-enditem|p2a: Glastrier|Loaded Dice|[from] move: Knock Off|[of] p1a: Sableye\n|cant|p2a: Glastrier|flinch\n|cant|p2b: Diancie|par\n|\n|-heal|p1a: Sableye|29\/100|[from] item: Leftovers\n|-heal|p2b: Diancie|50\/100 par|[from] item: Leftovers\n|upkeep\n|turn|19\n|\n|t:|1697731779\n|move|p1a: Sableye|Confuse Ray|p2b: Diancie\n|-start|p2b: Diancie|confusion\n|move|p1b: Dunsparce|Rock Slide|p2b: Diancie|[spread] p2a,p2b\n|-damage|p2a: Glastrier|18\/100 par\n|-damage|p2b: Diancie|45\/100 par\n|cant|p2a: Glastrier|flinch\n|-activate|p2b: Diancie|confusion\n|cant|p2b: Diancie|par\n|\n|-heal|p1a: Sableye|35\/100|[from] item: Leftovers\n|-heal|p2b: Diancie|51\/100 par|[from] item: Leftovers\n|upkeep\n|turn|20\n|\n|t:|1697731796\n|move|p1a: Sableye|Confuse Ray|p2a: Glastrier\n|-start|p2a: Glastrier|confusion\n|move|p1b: Dunsparce|Rock Slide|p2b: Diancie|[spread] p2a,p2b\n|-damage|p2a: Glastrier|11\/100 par\n|-damage|p2b: Diancie|45\/100 par\n|-activate|p2a: Glastrier|confusion\n|cant|p2a: Glastrier|par\n|cant|p2b: Diancie|flinch\n|\n|-heal|p1a: Sableye|41\/100|[from] item: Leftovers\n|-heal|p2b: Diancie|51\/100 par|[from] item: Leftovers\n|upkeep\n|turn|21\n|\n|t:|1697731811\n|move|p1b: Dunsparce|Rock Slide|p2a: Glastrier|[spread] p2a,p2b\n|-damage|p2a: Glastrier|4\/100 par\n|-damage|p2b: Diancie|47\/100 par\n|move|p1a: Sableye|Knock Off|p2b: Diancie\n|-resisted|p2b: Diancie\n|-damage|p2b: Diancie|41\/100 par\n|-enditem|p2b: Diancie|Leftovers|[from] move: Knock Off|[of] p1a: Sableye\n|cant|p2a: Glastrier|flinch\n|-end|p2b: Diancie|confusion\n|move|p2b: Diancie|Trick Room|p2b: Diancie\n|-fieldstart|move: Trick Room|[of] p2b: Diancie\n|\n|-heal|p1a: Sableye|48\/100|[from] item: Leftovers\n|-fieldend|move: Gravity\n|upkeep\n|turn|22\n|\n|t:|1697731828\n|move|p1a: Sableye|Gravity|p1a: Sableye\n|-fieldstart|move: Gravity\n|-activate|p2a: Glastrier|confusion\n|cant|p2a: Glastrier|par\n|move|p2b: Diancie|Diamond Storm|p1b: Dunsparce|[spread] p1a,p1b\n|-crit|p1b: Dunsparce\n|-damage|p1a: Sableye|23\/100\n|-damage|p1b: Dunsparce|47\/100\n|move|p1b: Dunsparce|Rock Slide|p2a: Glastrier|[spread] p2a,p2b\n|-damage|p2a: Glastrier|0 fnt\n|-damage|p2b: Diancie|36\/100 par\n|faint|p2a: Glastrier\n|\n|-heal|p1a: Sableye|29\/100|[from] item: Leftovers\n|upkeep\n|\n|t:|1697731836\n|switch|p2a: Iron Hands|Iron Hands, shiny|68\/100\n|turn|23\n|n|\u2606Lil barnacle Boi|lilbarnacleboi\n|\n|t:|1697731847\n|move|p1a: Sableye|Confuse Ray|p2b: Diancie\n|-start|p2b: Diancie|confusion\n|-activate|p2b: Diancie|confusion\n|move|p2b: Diancie|Diamond Storm|p1a: Sableye|[spread] p1a,p1b\n|-damage|p1a: Sableye|2\/100\n|-damage|p1b: Dunsparce|10\/100\n|move|p2a: Iron Hands|Drain Punch|p1b: Dunsparce\n|-supereffective|p1b: Dunsparce\n|-damage|p1b: Dunsparce|0 fnt\n|-heal|p2a: Iron Hands|71\/100|[from] drain|[of] p1b: Dunsparce\n|faint|p1b: Dunsparce\n|\n|-heal|p1a: Sableye|8\/100|[from] item: Leftovers\n|upkeep\n|\n|t:|1697731859\n|switch|p1b: Roaring Moon|Roaring Moon|100\/100\n|-enditem|p1b: Roaring Moon|Booster Energy\n|-activate|p1b: Roaring Moon|ability: Protosynthesis|[fromitem]\n|-start|p1b: Roaring Moon|protosynthesisspe\n|turn|24\n|c|\u2606Lil barnacle Boi|i hate ur team so much\n|c|\u2606Lil barnacle Boi|RNG abuser\n|\n|t:|1697731888\n|move|p1a: Sableye|Confuse Ray|p2a: Iron Hands\n|-start|p2a: Iron Hands|confusion\n|-activate|p2b: Diancie|confusion\n|move|p2b: Diancie|Diamond Storm|p1b: Roaring Moon|[spread] p1a,p1b\n|-damage|p1a: Sableye|0 fnt\n|-damage|p1b: Roaring Moon|70\/100\n|faint|p1a: Sableye\n|-activate|p2a: Iron Hands|confusion\n|-damage|p2a: Iron Hands|61\/100|[from] confusion\n|move|p1b: Roaring Moon|Dragon Dance|p1b: Roaring Moon\n|-boost|p1b: Roaring Moon|atk|1\n|-boost|p1b: Roaring Moon|spe|1\n|\n|upkeep\n|turn|25\n|\n|t:|1697731902\n|-end|p2b: Diancie|confusion\n|move|p2b: Diancie|Body Press|p1b: Roaring Moon\n|-supereffective|p1b: Roaring Moon\n|-damage|p1b: Roaring Moon|0 fnt\n|faint|p1b: Roaring Moon\n|-end|p1b: Roaring Moon|Protosynthesis|[silent]\n|\n|win|Lil barnacle Boi\n|raw|snowgust's rating: 1204 &rarr; <strong>1172<\/strong><br \/>(-32 for losing)\n|raw|Lil barnacle Boi's rating: 1099 &rarr; <strong>1132<\/strong><br \/>(+33 for winning)\n","uploadtime":1697731431,"views":4,"p1id":"snowgust","p2id":"lilbarnacleboi","formatid":"gen9nationaldexdoubles","rating":1132,"private":0,"password":""}