{"id":"gen9nationaldexdoubles-1970428316","p1":"PunkRockObstagoon","p2":"JoeStepBrother","format":"[Gen 9] National Dex Doubles","log":"|j|\u2606PunkRockObstagoon\n|j|\u2606JoeStepBrother\n|t:|1697638206\n|gametype|doubles\n|player|p1|PunkRockObstagoon|hilbert|1333\n|player|p2|JoeStepBrother|shadowtriad|1324\n|teamsize|p1|6\n|teamsize|p2|6\n|gen|9\n|tier|[Gen 9] National Dex Doubles\n|rated|\n|rule|HP Percentage Mod: HP is shown in percentages\n|rule|Endless Battle Clause: Forcing endless battles is banned\n|rule|OHKO Clause: OHKO moves are banned\n|rule|Evasion Moves Clause: Evasion moves are banned\n|rule|Evasion Abilities Clause: Evasion abilities are banned\n|rule|Species Clause: Limit one of each Pok\u00e9mon\n|rule|Gravity Sleep Clause: The combination of sleep-inducing moves with imperfect accuracy and Gravity or Gigantamax Orbeetle are banned\n|clearpoke\n|poke|p1|Charizard, M|\n|poke|p1|Metagross|\n|poke|p1|Grimmsnarl, M|\n|poke|p1|Tatsugiri-Droopy, M|\n|poke|p1|Serperior, F|\n|poke|p1|Obstagoon, M|\n|poke|p2|Whimsicott, M|\n|poke|p2|Ninetales-Alola, F|\n|poke|p2|Marshadow|\n|poke|p2|Roaring Moon|\n|poke|p2|Aggron, F|\n|poke|p2|Volcanion|\n|teampreview\n|inactive|Battle timer is ON: inactive players will automatically lose when time's up. (requested by PunkRockObstagoon)\n|inactive|PunkRockObstagoon has 120 seconds left.\n|\n|t:|1697638236\n|start\n|switch|p1a: Charizard|Charizard, M|100\/100\n|switch|p1b: Metagross|Metagross|100\/100\n|switch|p2a: Whimsicott|Whimsicott, M|100\/100\n|switch|p2b: Volcanion|Volcanion|100\/100\n|turn|1\n|\n|t:|1697638251\n|-terastallize|p1b: Metagross|Rock\n|move|p2a: Whimsicott|Tailwind|p2a: Whimsicott\n|-sidestart|p2: JoeStepBrother|move: Tailwind\n|move|p2b: Volcanion|Steam Eruption|p1a: Charizard|[miss]\n|-miss|p2b: Volcanion|p1a: Charizard\n|move|p1a: Charizard|Bulldoze|p2b: Volcanion|[spread] p1b,p2a,p2b\n|-supereffective|p1b: Metagross\n|-crit|p1b: Metagross\n|-resisted|p2a: Whimsicott\n|-supereffective|p2b: Volcanion\n|-damage|p1b: Metagross|78\/100\n|-damage|p2a: Whimsicott|95\/100\n|-damage|p2b: Volcanion|87\/100\n|-unboost|p2a: Whimsicott|spe|1\n|-unboost|p2b: Volcanion|spe|1\n|-enditem|p1b: Metagross|Weakness Policy\n|-boost|p1b: Metagross|atk|2|[from] item: Weakness Policy\n|-boost|p1b: Metagross|spa|2|[from] item: Weakness Policy\n|move|p1b: Metagross|Rock Slide|p2b: Volcanion|[spread] p2a,p2b\n|-supereffective|p2b: Volcanion\n|-damage|p2a: Whimsicott|19\/100\n|-damage|p2b: Volcanion|0 fnt\n|faint|p2b: Volcanion\n|\n|upkeep\n|c|\u2606JoeStepBrother|Well that sucks\n|\n|t:|1697638270\n|switch|p2b: Ninetales|Ninetales-Alola, F|100\/100\n|-weather|Snow|[from] ability: Snow Warning|[of] p2b: Ninetales\n|turn|2\n|\n|t:|1697638279\n|move|p2a: Whimsicott|Protect|p2a: Whimsicott\n|-singleturn|p2a: Whimsicott|Protect\n|move|p2b: Ninetales|Aurora Veil|p2b: Ninetales\n|-sidestart|p2: JoeStepBrother|move: Aurora Veil\n|move|p1a: Charizard|Tailwind|p1a: Charizard\n|-sidestart|p1: PunkRockObstagoon|move: Tailwind\n|move|p1b: Metagross|Rock Slide|p2b: Ninetales|[spread] p2b\n|-activate|p2a: Whimsicott|move: Protect\n|-supereffective|p2b: Ninetales\n|-damage|p2b: Ninetales|29\/100\n|\n|-weather|Snow|[upkeep]\n|upkeep\n|turn|3\n|\n|t:|1697638296\n|switch|p2a: Aggron|Aggron, F|100\/100\n|move|p1b: Metagross|Bullet Punch|p2b: Ninetales\n|-supereffective|p2b: Ninetales\n|-damage|p2b: Ninetales|0 fnt\n|faint|p2b: Ninetales\n|move|p1a: Charizard|Howl|p1a: Charizard|[spread] p1a,p1b\n|-boost|p1a: Charizard|atk|1\n|-boost|p1b: Metagross|atk|1\n|\n|-weather|Snow|[upkeep]\n|upkeep\n|\n|t:|1697638301\n|switch|p2b: Marshadow|Marshadow|100\/100\n|turn|4\n|\n|t:|1697638314\n|detailschange|p2a: Aggron|Aggron-Mega, F\n|-mega|p2a: Aggron|Aggron|Aggronite\n|move|p1b: Metagross|Protect|p1b: Metagross\n|-singleturn|p1b: Metagross|Protect\n|move|p2b: Marshadow|Spectral Thief|p1b: Metagross\n|-activate|p1b: Metagross|move: Protect\n|move|p1a: Charizard|Bulldoze|p2a: Aggron|[spread] p2a,p2b\n|-activate|p1b: Metagross|move: Protect\n|-supereffective|p2a: Aggron\n|-damage|p2a: Aggron|94\/100\n|-damage|p2b: Marshadow|88\/100\n|-unboost|p2a: Aggron|spe|1\n|-unboost|p2b: Marshadow|spe|1\n|move|p2a: Aggron|Iron Defense|p2a: Aggron\n|-boost|p2a: Aggron|def|2\n|\n|-weather|Snow|[upkeep]\n|-sideend|p2: JoeStepBrother|move: Tailwind\n|upkeep\n|turn|5\n|\n|t:|1697638331\n|switch|p2b: Roaring Moon|Roaring Moon|100\/100\n|-enditem|p2b: Roaring Moon|Booster Energy\n|-activate|p2b: Roaring Moon|ability: Protosynthesis|[fromitem]\n|-start|p2b: Roaring Moon|protosynthesisatk\n|move|p1a: Charizard|Will-O-Wisp|p2a: Aggron\n|-status|p2a: Aggron|brn\n|move|p1b: Metagross|Iron Head|p2b: Roaring Moon\n|-damage|p2b: Roaring Moon|10\/100\n|move|p2a: Aggron|Body Press|p1b: Metagross\n|-supereffective|p1b: Metagross\n|-damage|p1b: Metagross|12\/100\n|\n|-weather|Snow|[upkeep]\n|-damage|p2a: Aggron|87\/100 brn|[from] brn\n|-sideend|p1: PunkRockObstagoon|move: Tailwind\n|upkeep\n|turn|6\n|\n|t:|1697638355\n|move|p1b: Metagross|Protect|p1b: Metagross\n|-singleturn|p1b: Metagross|Protect\n|move|p2b: Roaring Moon|Iron Head|p1b: Metagross\n|-activate|p1b: Metagross|move: Protect\n|move|p1a: Charizard|Tailwind|p1a: Charizard\n|-sidestart|p1: PunkRockObstagoon|move: Tailwind\n|move|p2a: Aggron|Body Press|p1a: Charizard\n|-resisted|p1a: Charizard\n|-damage|p1a: Charizard|79\/100\n|\n|-weather|none\n|-damage|p2a: Aggron|81\/100 brn|[from] brn\n|upkeep\n|turn|7\n|\n|t:|1697638367\n|move|p1a: Charizard|Howl|p1a: Charizard|[spread] p1a,p1b\n|-boost|p1a: Charizard|atk|1\n|-boost|p1b: Metagross|atk|1\n|move|p1b: Metagross|Rock Slide|p2b: Roaring Moon|[spread] p2b\n|-miss|p1b: Metagross|p2a: Aggron\n|-damage|p2b: Roaring Moon|0 fnt\n|faint|p2b: Roaring Moon\n|-end|p2b: Roaring Moon|Protosynthesis|[silent]\n|move|p2a: Aggron|Body Press|p1a: Charizard\n|-resisted|p1a: Charizard\n|-damage|p1a: Charizard|56\/100\n|\n|-damage|p2a: Aggron|75\/100 brn|[from] brn\n|upkeep\n|\n|t:|1697638372\n|switch|p2b: Whimsicott|Whimsicott, M|19\/100\n|turn|8\n|\n|t:|1697638402\n|switch|p1a: Serperior|Serperior, F|100\/100\n|move|p2b: Whimsicott|Tailwind|p2b: Whimsicott\n|-sidestart|p2: JoeStepBrother|move: Tailwind\n|move|p1b: Metagross|Rock Slide|p2a: Aggron|[spread] p2a,p2b\n|-resisted|p2a: Aggron\n|-damage|p2a: Aggron|68\/100 brn\n|-damage|p2b: Whimsicott|0 fnt\n|faint|p2b: Whimsicott\n|move|p2a: Aggron|Iron Defense|p2a: Aggron\n|-boost|p2a: Aggron|def|2\n|\n|-damage|p2a: Aggron|61\/100 brn|[from] brn\n|upkeep\n|\n|t:|1697638406\n|switch|p2b: Marshadow|Marshadow|88\/100\n|turn|9\n|\n|t:|1697638419\n|move|p1b: Metagross|Protect|p1b: Metagross\n|-singleturn|p1b: Metagross|Protect\n|move|p2b: Marshadow|Bulk Up|p2b: Marshadow\n|-boost|p2b: Marshadow|atk|1\n|-boost|p2b: Marshadow|def|1\n|move|p1a: Serperior|Leaf Storm|p2a: Aggron\n|-resisted|p2a: Aggron\n|-damage|p2a: Aggron|48\/100 brn\n|-boost|p1a: Serperior|spa|2\n|move|p2a: Aggron|Iron Defense|p2a: Aggron\n|-boost|p2a: Aggron|def|2\n|\n|-damage|p2a: Aggron|42\/100 brn|[from] brn\n|-sideend|p1: PunkRockObstagoon|move: Tailwind\n|-sideend|p2: JoeStepBrother|move: Aurora Veil\n|upkeep\n|turn|10\n|\n|t:|1697638425\n|move|p1b: Metagross|Bullet Punch|p2b: Marshadow\n|-damage|p2b: Marshadow|32\/100\n|move|p2b: Marshadow|Spectral Thief||[still]\n|-clearpositiveboost|p1b: Metagross|p2b: Marshadow|move: Spectral Thief\n|-boost|p2b: Marshadow|atk|4\n|-boost|p2b: Marshadow|spa|2\n|-anim|p2b: Marshadow|Spectral Thief|p1b: Metagross\n|-damage|p1b: Metagross|0 fnt\n|faint|p1b: Metagross\n|move|p1a: Serperior|Leaf Storm|p2b: Marshadow\n|-damage|p2b: Marshadow|0 fnt\n|-boost|p1a: Serperior|spa|2\n|faint|p2b: Marshadow\n|move|p2a: Aggron|Avalanche|p1a: Serperior\n|-supereffective|p1a: Serperior\n|-damage|p1a: Serperior|79\/100\n|\n|-heal|p1a: Serperior|85\/100|[from] item: Leftovers\n|-damage|p2a: Aggron|36\/100 brn|[from] brn\n|upkeep\n|-message|JoeStepBrother forfeited.\n|\n|win|PunkRockObstagoon\n|raw|PunkRockObstagoon's rating: 1333 &rarr; <strong>1352<\/strong><br \/>(+19 for winning)\n|raw|JoeStepBrother's rating: 1324 &rarr; <strong>1305<\/strong><br \/>(-19 for losing)\n|l|\u2606JoeStepBrother\n","uploadtime":1697638433,"views":17,"p1id":"punkrockobstagoon","p2id":"joestepbrother","formatid":"gen9nationaldexdoubles","rating":1305,"private":0,"password":""}