{"id":"gen9nationaldexdoubles-1974852075","p1":"Forker1112","p2":"Rikard & Frida","format":"[Gen 9] National Dex Doubles","log":"|j|\u2606Forker1112\n|j|\u2606Rikard & Frida\n|t:|1698134925\n|gametype|doubles\n|player|p1|Forker1112|265|1048\n|player|p2|Rikard & Frida|youngcouple-gen4dp|1225\n|teamsize|p1|6\n|teamsize|p2|6\n|gen|9\n|tier|[Gen 9] National Dex Doubles\n|rated|\n|rule|HP Percentage Mod: HP is shown in percentages\n|rule|Endless Battle Clause: Forcing endless battles is banned\n|rule|OHKO Clause: OHKO moves are banned\n|rule|Evasion Moves Clause: Evasion moves are banned\n|rule|Evasion Abilities Clause: Evasion abilities are banned\n|rule|Species Clause: Limit one of each Pok\u00e9mon\n|rule|Gravity Sleep Clause: The combination of sleep-inducing moves with imperfect accuracy and Gravity or Gigantamax Orbeetle are banned\n|clearpoke\n|poke|p1|Urshifu-*, M|\n|poke|p1|Incineroar, M|\n|poke|p1|Amoonguss, M|\n|poke|p1|Flutter Mane|\n|poke|p1|Ting-Lu|\n|poke|p1|Whimsicott, F|\n|poke|p2|Raichu-Alola, F|\n|poke|p2|Unfezant, F|\n|poke|p2|Roserade, F|\n|poke|p2|Blaziken, F|\n|poke|p2|Samurott, F|\n|poke|p2|Garchomp, F|\n|teampreview\n|inactive|Battle timer is ON: inactive players will automatically lose when time's up. (requested by Rikard & Frida)\n|\n|t:|1698134930\n|start\n|switch|p1a: Incineroar|Incineroar, M, shiny|100\/100\n|switch|p1b: Whimsicott|Whimsicott, F|100\/100\n|switch|p2a: Raichu|Raichu-Alola, F|100\/100\n|switch|p2b: Blaziken|Blaziken, F|100\/100\n|-ability|p1a: Incineroar|Intimidate|boost\n|-unboost|p2a: Raichu|atk|1\n|-unboost|p2b: Blaziken|atk|1\n|turn|1\n|\n|t:|1698134939\n|move|p2a: Raichu|Fake Out|p1b: Whimsicott\n|-damage|p1b: Whimsicott|96\/100\n|move|p1a: Incineroar|Fake Out|p2a: Raichu\n|-damage|p2a: Raichu|78\/100\n|cant|p1b: Whimsicott|flinch\n|move|p2b: Blaziken|Flare Blitz|p1b: Whimsicott\n|-supereffective|p1b: Whimsicott\n|-damage|p1b: Whimsicott|24\/100\n|-damage|p2b: Blaziken|75\/100|[from] Recoil\n|\n|-ability|p2b: Blaziken|Speed Boost|boost\n|-boost|p2b: Blaziken|spe|1\n|upkeep\n|turn|2\n|\n|t:|1698134957\n|move|p1b: Whimsicott|Tailwind|p1b: Whimsicott\n|-sidestart|p1: Forker1112|move: Tailwind\n|move|p2b: Blaziken|Flare Blitz|p1b: Whimsicott\n|-supereffective|p1b: Whimsicott\n|-damage|p1b: Whimsicott|0 fnt\n|faint|p1b: Whimsicott\n|-damage|p2b: Blaziken|67\/100|[from] Recoil\n|-zpower|p2a: Raichu\n|move|p2a: Raichu|Stoked Sparksurfer|p1a: Incineroar|[zeffect]\n|-damage|p1a: Incineroar|21\/100\n|-status|p1a: Incineroar|par\n|-enditem|p1a: Incineroar|Figy Berry|[eat]\n|-heal|p1a: Incineroar|54\/100 par|[from] item: Figy Berry\n|move|p1a: Incineroar|Knock Off|p2a: Raichu\n|-supereffective|p2a: Raichu\n|-damage|p2a: Raichu|0 fnt\n|faint|p2a: Raichu\n|\n|-ability|p2b: Blaziken|Speed Boost|boost\n|-boost|p2b: Blaziken|spe|1\n|upkeep\n|\n|t:|1698134973\n|switch|p2a: Samurott|Samurott, F|100\/100\n|switch|p1b: Flutter Mane|Flutter Mane|100\/100\n|-enditem|p1b: Flutter Mane|Booster Energy\n|-activate|p1b: Flutter Mane|ability: Protosynthesis|[fromitem]\n|-start|p1b: Flutter Mane|protosynthesisspe\n|turn|3\n|\n|t:|1698134988\n|-terastallize|p1b: Flutter Mane|Fairy\n|move|p1a: Incineroar|Protect|p1a: Incineroar\n|-singleturn|p1a: Incineroar|Protect\n|move|p1b: Flutter Mane|Dazzling Gleam|p2a: Samurott|[spread] p2a,p2b\n|-crit|p2a: Samurott\n|-damage|p2a: Samurott|11\/100\n|-damage|p2b: Blaziken|0 fnt\n|faint|p2b: Blaziken\n|move|p2a: Samurott|Scald|p1b: Flutter Mane\n|-damage|p1b: Flutter Mane|21\/100\n|-status|p1b: Flutter Mane|brn\n|-damage|p2a: Samurott|1\/100|[from] item: Life Orb\n|\n|-damage|p1b: Flutter Mane|15\/100 brn|[from] brn\n|upkeep\n|\n|t:|1698135005\n|switch|p2b: Roserade|Roserade, F|100\/100\n|turn|4\n|\n|t:|1698135027\n|-terastallize|p2b: Roserade|Poison\n|move|p1b: Flutter Mane|Dazzling Gleam|p2b: Roserade|[spread] p2a,p2b\n|-resisted|p2b: Roserade\n|-damage|p2a: Samurott|0 fnt\n|-damage|p2b: Roserade|73\/100\n|faint|p2a: Samurott\n|move|p2b: Roserade|Sludge Bomb|p1b: Flutter Mane\n|-supereffective|p1b: Flutter Mane\n|-damage|p1b: Flutter Mane|0 fnt\n|faint|p1b: Flutter Mane\n|-end|p1b: Flutter Mane|Protosynthesis|[silent]\n|move|p1a: Incineroar|Parting Shot|p2b: Roserade\n|-unboost|p2b: Roserade|atk|1\n|-unboost|p2b: Roserade|spa|1\n|\n|t:|1698135034\n|switch|p1a: Amoonguss|Amoonguss, M|100\/100|[from] Parting Shot\n|\n|upkeep\n|\n|t:|1698135046\n|switch|p1b: Urshifu|Urshifu-Rapid-Strike, M|100\/100\n|switch|p2a: Unfezant|Unfezant, F|100\/100\n|turn|5\n|\n|t:|1698135056\n|move|p1b: Urshifu|Surging Strikes|p2a: Unfezant\n|-crit|p2a: Unfezant\n|-damage|p2a: Unfezant|72\/100\n|-crit|p2a: Unfezant\n|-damage|p2a: Unfezant|45\/100\n|-crit|p2a: Unfezant\n|-damage|p2a: Unfezant|18\/100\n|-hitcount|p2a: Unfezant|3\n|move|p2a: Unfezant|Brave Bird|p1b: Urshifu\n|-supereffective|p1b: Urshifu\n|-crit|p1b: Urshifu\n|-enditem|p1b: Urshifu|Focus Sash\n|-damage|p1b: Urshifu|1\/100\n|-damage|p2a: Unfezant|0 fnt|[from] Recoil\n|faint|p2a: Unfezant\n|move|p2b: Roserade|Giga Drain|p1b: Urshifu\n|-supereffective|p1b: Urshifu\n|-damage|p1b: Urshifu|0 fnt\n|-heal|p2b: Roserade|73\/100|[from] drain|[of] p1b: Urshifu\n|faint|p1b: Urshifu\n|move|p1a: Amoonguss|Spore|p2b: Roserade\n|-status|p2b: Roserade|slp|[from] move: Spore\n|\n|-sideend|p1: Forker1112|move: Tailwind\n|upkeep\n|\n|t:|1698135072\n|switch|p1b: Incineroar|Incineroar, M, shiny|54\/100 par\n|switch|p2a: Garchomp|Garchomp, F|100\/100\n|-ability|p1b: Incineroar|Intimidate|boost\n|-unboost|p2a: Garchomp|atk|1\n|-unboost|p2b: Roserade|atk|1\n|turn|6\n|\n|t:|1698135083\n|detailschange|p2a: Garchomp|Garchomp-Mega, F\n|-mega|p2a: Garchomp|Garchomp|Garchompite\n|move|p1b: Incineroar|Fake Out|p2a: Garchomp\n|-damage|p2a: Garchomp|92\/100\n|cant|p2a: Garchomp|flinch\n|cant|p2b: Roserade|slp\n|move|p1a: Amoonguss|Foul Play|p2a: Garchomp\n|-damage|p2a: Garchomp|65\/100\n|\n|upkeep\n|turn|7\n|\n|t:|1698135096\n|move|p2a: Garchomp|Stomping Tantrum|p1b: Incineroar\n|-supereffective|p1b: Incineroar\n|-damage|p1b: Incineroar|0 fnt\n|faint|p1b: Incineroar\n|cant|p2b: Roserade|slp\n|move|p1a: Amoonguss|Spore|p2a: Garchomp\n|-status|p2a: Garchomp|slp|[from] move: Spore\n|\n|upkeep\n|\n|t:|1698135101\n|switch|p1b: Ting-Lu|Ting-Lu|100\/100\n|-ability|p1b: Ting-Lu|Vessel of Ruin\n|turn|8\n|\n|t:|1698135114\n|move|p1a: Amoonguss|Rage Powder|p1a: Amoonguss\n|-singleturn|p1a: Amoonguss|move: Rage Powder\n|cant|p2a: Garchomp|slp\n|-curestatus|p2b: Roserade|slp|[msg]\n|move|p2b: Roserade|Giga Drain|p1a: Amoonguss\n|-resisted|p1a: Amoonguss\n|-damage|p1a: Amoonguss|97\/100\n|-heal|p2b: Roserade|77\/100|[from] drain|[of] p1a: Amoonguss\n|move|p1b: Ting-Lu|Body Press|p2a: Garchomp\n|-damage|p2a: Garchomp|42\/100 slp\n|\n|-heal|p1a: Amoonguss|100\/100|[from] item: Leftovers\n|upkeep\n|turn|9\n|\n|t:|1698135132\n|-curestatus|p2a: Garchomp|slp|[msg]\n|move|p2a: Garchomp|Dragon Claw|p1b: Ting-Lu\n|-damage|p1b: Ting-Lu|84\/100\n|move|p2b: Roserade|Giga Drain|p1b: Ting-Lu\n|-supereffective|p1b: Ting-Lu\n|-damage|p1b: Ting-Lu|49\/100\n|-heal|p2b: Roserade|100\/100|[from] drain|[of] p1b: Ting-Lu\n|-enditem|p1b: Ting-Lu|Sitrus Berry|[eat]\n|-heal|p1b: Ting-Lu|74\/100|[from] item: Sitrus Berry\n|move|p1b: Ting-Lu|Body Press|p2a: Garchomp\n|-damage|p2a: Garchomp|15\/100\n|move|p1a: Amoonguss|Spore|p2b: Roserade\n|-status|p2b: Roserade|slp|[from] move: Spore\n|\n|upkeep\n|turn|10\n|\n|t:|1698135147\n|move|p2a: Garchomp|Swords Dance|p2a: Garchomp\n|-boost|p2a: Garchomp|atk|2\n|cant|p2b: Roserade|slp\n|move|p1b: Ting-Lu|Ruination|p2b: Roserade\n|-damage|p2b: Roserade|50\/100 slp\n|move|p1a: Amoonguss|Foul Play|p2a: Garchomp\n|-damage|p2a: Garchomp|0 fnt\n|faint|p2a: Garchomp\n|\n|upkeep\n|turn|11\n|\n|t:|1698135155\n|-curestatus|p2b: Roserade|slp|[msg]\n|move|p2b: Roserade|Giga Drain|p1b: Ting-Lu\n|-supereffective|p1b: Ting-Lu\n|-damage|p1b: Ting-Lu|41\/100\n|-heal|p2b: Roserade|92\/100|[from] drain|[of] p1b: Ting-Lu\n|move|p1b: Ting-Lu|Body Press|p2b: Roserade\n|-resisted|p2b: Roserade\n|-damage|p2b: Roserade|66\/100\n|-status|p1b: Ting-Lu|psn|[from] ability: Poison Point|[of] p2b: Roserade\n|move|p1a: Amoonguss|Foul Play|p2b: Roserade\n|-crit|p2b: Roserade\n|-damage|p2b: Roserade|30\/100\n|\n|-damage|p1b: Ting-Lu|28\/100 psn|[from] psn\n|upkeep\n|turn|12\n|\n|t:|1698135171\n|move|p2b: Roserade|Giga Drain|p1b: Ting-Lu\n|-supereffective|p1b: Ting-Lu\n|-damage|p1b: Ting-Lu|0 fnt\n|-heal|p2b: Roserade|65\/100|[from] drain|[of] p1b: Ting-Lu\n|faint|p1b: Ting-Lu\n|move|p1a: Amoonguss|Foul Play|p2b: Roserade\n|-damage|p2b: Roserade|54\/100\n|\n|upkeep\n|turn|13\n|\n|t:|1698135196\n|move|p2b: Roserade|Extrasensory|p1a: Amoonguss\n|-supereffective|p1a: Amoonguss\n|-damage|p1a: Amoonguss|73\/100\n|move|p1a: Amoonguss|Spore|p2b: Roserade\n|-status|p2b: Roserade|slp|[from] move: Spore\n|\n|-heal|p1a: Amoonguss|79\/100|[from] item: Leftovers\n|upkeep\n|turn|14\n|\n|t:|1698135203\n|cant|p2b: Roserade|slp\n|move|p1a: Amoonguss|Pollen Puff|p2b: Roserade\n|-resisted|p2b: Roserade\n|-damage|p2b: Roserade|44\/100 slp\n|\n|-heal|p1a: Amoonguss|86\/100|[from] item: Leftovers\n|upkeep\n|turn|15\n|\n|t:|1698135212\n|-curestatus|p2b: Roserade|slp|[msg]\n|move|p2b: Roserade|Extrasensory|p1a: Amoonguss\n|-supereffective|p1a: Amoonguss\n|-damage|p1a: Amoonguss|61\/100\n|move|p1a: Amoonguss|Foul Play|p2b: Roserade\n|-damage|p2b: Roserade|33\/100\n|\n|-heal|p1a: Amoonguss|67\/100|[from] item: Leftovers\n|upkeep\n|turn|16\n|\n|t:|1698135220\n|move|p2b: Roserade|Extrasensory|p1a: Amoonguss\n|-supereffective|p1a: Amoonguss\n|-damage|p1a: Amoonguss|42\/100\n|move|p1a: Amoonguss|Spore|p2b: Roserade\n|-status|p2b: Roserade|slp|[from] move: Spore\n|\n|-heal|p1a: Amoonguss|48\/100|[from] item: Leftovers\n|upkeep\n|turn|17\n|\n|t:|1698135225\n|cant|p2b: Roserade|slp\n|move|p1a: Amoonguss|Foul Play|p2b: Roserade\n|-damage|p2b: Roserade|20\/100 slp\n|\n|-heal|p1a: Amoonguss|54\/100|[from] item: Leftovers\n|upkeep\n|turn|18\n|\n|t:|1698135230\n|cant|p2b: Roserade|slp\n|move|p1a: Amoonguss|Foul Play|p2b: Roserade\n|-damage|p2b: Roserade|9\/100 slp\n|\n|-heal|p1a: Amoonguss|61\/100|[from] item: Leftovers\n|upkeep\n|turn|19\n|\n|t:|1698135236\n|-curestatus|p2b: Roserade|slp|[msg]\n|move|p2b: Roserade|Extrasensory|p1a: Amoonguss\n|-supereffective|p1a: Amoonguss\n|-damage|p1a: Amoonguss|36\/100\n|move|p1a: Amoonguss|Foul Play|p2b: Roserade\n|-damage|p2b: Roserade|0 fnt\n|faint|p2b: Roserade\n|\n|win|Forker1112\n|raw|Forker1112's rating: 1048 &rarr; <strong>1096<\/strong><br \/>(+48 for winning)\n|raw|Rikard &amp; Frida's rating: 1225 &rarr; <strong>1188<\/strong><br \/>(-37 for losing)\n|c|\u2606Forker1112|gg\n","uploadtime":1698135468,"views":6,"p1id":"forker1112","p2id":"rikardfrida","formatid":"gen9nationaldexdoubles","rating":1096,"private":0,"password":""}