{"id":"gen9nationaldexdoubles-1967897261","p1":"Zelphalopod","p2":"Play Tale of Wuxia","format":"[Gen 9] National Dex Doubles","log":"|j|\u2606Zelphalopod\n|j|\u2606Play Tale of Wuxia\n|t:|1697354591\n|gametype|doubles\n|player|p1|Zelphalopod|nate|\n|player|p2|Play Tale of Wuxia|gentleman|\n|teamsize|p1|6\n|teamsize|p2|6\n|gen|9\n|tier|[Gen 9] National Dex Doubles\n|rule|HP Percentage Mod: HP is shown in percentages\n|rule|Endless Battle Clause: Forcing endless battles is banned\n|rule|OHKO Clause: OHKO moves are banned\n|rule|Evasion Moves Clause: Evasion moves are banned\n|rule|Evasion Abilities Clause: Evasion abilities are banned\n|rule|Species Clause: Limit one of each Pok\u00e9mon\n|rule|Gravity Sleep Clause: The combination of sleep-inducing moves with imperfect accuracy and Gravity or Gigantamax Orbeetle are banned\n|clearpoke\n|poke|p1|Coalossal, M|\n|poke|p1|Masquerain, M|\n|poke|p1|Pachirisu, F|\n|poke|p1|Thundurus, M|\n|poke|p1|Dragapult, M|\n|poke|p1|Chien-Pao|\n|poke|p2|Tornadus, M|\n|poke|p2|Iron Treads|\n|poke|p2|Dragonite, M|\n|poke|p2|Iron Valiant|\n|poke|p2|Qwilfish-Hisui, M|\n|poke|p2|Iron Bundle|\n|teampreview\n|\n|t:|1697354610\n|start\n|switch|p1a: rock|Coalossal, M|100\/100\n|switch|p1b: bug|Masquerain, M|100\/100\n|switch|p2a: Iron Treads|Iron Treads|100\/100\n|switch|p2b: Iron Valiant|Iron Valiant|100\/100\n|-ability|p1b: bug|Intimidate|boost\n|-unboost|p2a: Iron Treads|atk|1\n|-unboost|p2b: Iron Valiant|atk|1\n|turn|1\n|\n|t:|1697354631\n|move|p2b: Iron Valiant|Protect|p2b: Iron Valiant\n|-singleturn|p2b: Iron Valiant|Protect\n|move|p1b: bug|Aqua Jet|p1a: rock\n|-supereffective|p1a: rock\n|-damage|p1a: rock|83\/100\n|-ability|p1a: rock|Steam Engine|boost\n|-boost|p1a: rock|spe|6\n|-enditem|p1a: rock|Weakness Policy\n|-boost|p1a: rock|atk|2|[from] item: Weakness Policy\n|-boost|p1a: rock|spa|2|[from] item: Weakness Policy\n|move|p1a: rock|Heat Wave|p2b: Iron Valiant|[spread] p2a\n|-activate|p2b: Iron Valiant|move: Protect\n|-supereffective|p2a: Iron Treads\n|-damage|p2a: Iron Treads|0 fnt\n|faint|p2a: Iron Treads\n|-end|p2a: Iron Treads|Quark Drive|[silent]\n|\n|upkeep\n|\n|t:|1697354644\n|switch|p2a: Iron Bundle|Iron Bundle|100\/100\n|-enditem|p2a: Iron Bundle|Booster Energy\n|-activate|p2a: Iron Bundle|ability: Quark Drive|[fromitem]\n|-start|p2a: Iron Bundle|quarkdrivespe\n|turn|2\n|\n|t:|1697354782\n|move|p1b: bug|Helping Hand|p1a: rock\n|-singleturn|p1a: rock|Helping Hand|[of] p1b: bug\n|move|p2a: Iron Bundle|Protect|p2a: Iron Bundle\n|-singleturn|p2a: Iron Bundle|Protect\n|move|p1a: rock|Heat Wave|p2b: Iron Valiant|[spread] p2b\n|-activate|p2a: Iron Bundle|move: Protect\n|-damage|p2b: Iron Valiant|0 fnt\n|faint|p2b: Iron Valiant\n|-end|p2b: Iron Valiant|Quark Drive|[silent]\n|\n|upkeep\n|\n|t:|1697354793\n|switch|p2b: Tornadus|Tornadus, M|100\/100\n|turn|3\n|c|\u2606Zelphalopod|sorry I decided to poke at my team in the background of this and it's really frazzling me\n|c|\u2606Zelphalopod|so I should Not do that\n|\n|t:|1697354890\n|move|p1b: bug|Helping Hand|p1a: rock\n|-singleturn|p1a: rock|Helping Hand|[of] p1b: bug\n|move|p2b: Tornadus|Tailwind|p2b: Tornadus\n|-sidestart|p2: Play Tale of Wuxia|move: Tailwind\n|move|p2a: Iron Bundle|Hydro Pump|p1a: rock\n|-supereffective|p1a: rock\n|-crit|p1a: rock\n|-damage|p1a: rock|0 fnt\n|faint|p1a: rock\n|\n|upkeep\n|c|\u2606Zelphalopod|oh right prankster\n|\n|t:|1697354921\n|switch|p1a: dad|Dragapult, M|100\/100\n|turn|4\n|j| xiaoqing three\n|c|\u2606Zelphalopod|nah it's my b for inexplicably deciding to organise stuff while doing this lmao\n|l| xiaoqing three\n|\n|t:|1697354954\n|move|p1a: dad|Protect|p1a: dad\n|-singleturn|p1a: dad|Protect\n|move|p2b: Tornadus|Taunt|p1b: bug\n|-start|p1b: bug|move: Taunt\n|move|p2a: Iron Bundle|Icy Wind|p1a: dad|[spread] p1b\n|-activate|p1a: dad|move: Protect\n|-supereffective|p1b: bug\n|-damage|p1b: bug|49\/100\n|-unboost|p1b: bug|spe|1\n|cant|p1b: bug|move: Taunt|Tailwind\n|\n|upkeep\n|turn|5\n|c|\u2606Zelphalopod|now this is an example of what smilies *won't* fuck up\n|\n|t:|1697355002\n|switch|p1b: rat|Pachirisu, F|100\/100\n|move|p2a: Iron Bundle|Freeze-Dry|p1a: dad\n|-supereffective|p1a: dad\n|-damage|p1a: dad|5\/100\n|move|p2b: Tornadus|Bleakwind Storm|p1a: dad|[spread] p1a,p1b\n|-resisted|p1b: rat\n|-damage|p1a: dad|0 fnt\n|-damage|p1b: rat|80\/100\n|-unboost|p1b: rat|spe|1\n|faint|p1a: dad\n|\n|-heal|p1b: rat|87\/100|[from] item: Leftovers\n|upkeep\n|\n|t:|1697355021\n|switch|p1a: cat|Chien-Pao|100\/100\n|-ability|p1a: cat|Sword of Ruin\n|turn|6\n|\n|t:|1697355032\n|move|p1b: rat|Follow Me|p1b: rat\n|-singleturn|p1b: rat|move: Follow Me\n|move|p2a: Iron Bundle|Hydro Pump|p1b: rat\n|-damage|p1b: rat|23\/100\n|move|p2b: Tornadus|Heat Wave|p1b: rat|[spread] p1a,p1b\n|-supereffective|p1a: cat\n|-damage|p1a: cat|21\/100\n|-damage|p1b: rat|0 fnt\n|faint|p1b: rat\n|move|p1a: cat|Ice Spinner|p2b: Tornadus\n|-supereffective|p2b: Tornadus\n|-enditem|p2b: Tornadus|Focus Sash\n|-damage|p2b: Tornadus|1\/100\n|\n|-sideend|p2: Play Tale of Wuxia|move: Tailwind\n|upkeep\n|\n|t:|1697355046\n|switch|p1b: bug|Masquerain, M|49\/100\n|-ability|p1b: bug|Intimidate|boost\n|-unboost|p2a: Iron Bundle|atk|1\n|-unboost|p2b: Tornadus|atk|1\n|turn|7\n|\n|t:|1697355056\n|switch|p1a: man|Thundurus, M|100\/100\n|-terastallize|p2a: Iron Bundle|Ice\n|move|p2b: Tornadus|Tailwind|p2b: Tornadus\n|-sidestart|p2: Play Tale of Wuxia|move: Tailwind\n|move|p1b: bug|Aqua Jet|p2b: Tornadus\n|-damage|p2b: Tornadus|0 fnt\n|faint|p2b: Tornadus\n|move|p2a: Iron Bundle|Icy Wind|p1a: man|[spread] p1a,p1b\n|-supereffective|p1a: man\n|-supereffective|p1b: bug\n|-damage|p1a: man|33\/100\n|-damage|p1b: bug|0 fnt\n|-unboost|p1a: man|spe|1\n|-enditem|p1a: man|Sitrus Berry|[eat]\n|-heal|p1a: man|58\/100|[from] item: Sitrus Berry\n|faint|p1b: bug\n|\n|upkeep\n|\n|t:|1697355076\n|switch|p2b: Dragonite|Dragonite, M|100\/100\n|switch|p1b: cat|Chien-Pao|21\/100\n|-ability|p1b: cat|Sword of Ruin\n|turn|8\n|\n|t:|1697355099\n|move|p1a: man|Thunder Wave|p2a: Iron Bundle\n|-status|p2a: Iron Bundle|par\n|move|p2a: Iron Bundle|Icy Wind|p1a: man|[spread] p1a,p1b\n|-supereffective|p1a: man\n|-resisted|p1b: cat\n|-damage|p1a: man|0 fnt\n|-damage|p1b: cat|0 fnt\n|faint|p1a: man\n|faint|p1b: cat\n|\n|win|Play Tale of Wuxia\n","uploadtime":1697355112,"views":8,"p1id":"zelphalopod","p2id":"playtaleofwuxia","formatid":"gen9nationaldexdoubles","rating":0,"private":0,"password":""}