{"id":"gen9nationaldexdoubles-1960292760","p1":"Ruriania-wer","p2":"UserJexx","format":"[Gen 9] National Dex Doubles","log":"|j|\u2606Ruriania-wer\n|j|\u2606UserJexx\n|t:|1696514431\n|gametype|doubles\n|player|p1|Ruriania-wer|rosa|1039\n|player|p2|UserJexx|169|1077\n|teamsize|p1|6\n|teamsize|p2|6\n|gen|9\n|tier|[Gen 9] National Dex Doubles\n|rated|\n|rule|HP Percentage Mod: HP is shown in percentages\n|rule|Endless Battle Clause: Forcing endless battles is banned\n|rule|OHKO Clause: OHKO moves are banned\n|rule|Evasion Moves Clause: Evasion moves are banned\n|rule|Evasion Abilities Clause: Evasion abilities are banned\n|rule|Species Clause: Limit one of each Pok\u00e9mon\n|rule|Gravity Sleep Clause: The combination of sleep-inducing moves with imperfect accuracy and Gravity or Gigantamax Orbeetle are banned\n|clearpoke\n|poke|p1|Raichu-Alola, F|\n|poke|p1|Tapu Koko|\n|poke|p1|Lapras, F|\n|poke|p1|Dragapult, M|\n|poke|p1|Oricorio-Pom-Pom, F|\n|poke|p1|Tapu Lele|\n|poke|p2|Mew|\n|poke|p2|Smeargle, M|\n|poke|p2|Ditto|\n|poke|p2|Clefable, M|\n|poke|p2|Grimmsnarl, M|\n|poke|p2|Ninetales-Alola, M|\n|teampreview\n|\n|t:|1696514452\n|start\n|switch|p1a: \u5361\u749e\u2022\u9e23\u9e23|Tapu Koko|100\/100\n|switch|p1b: \u5361\u749e\u2022\u8776\u8776|Tapu Lele|100\/100\n|switch|p2a: Ky\u00f3ka Suigetsu|Ninetales-Alola, M|100\/100\n|switch|p2b: Ky\u00f6ka Suigetsu|Grimmsnarl, M|100\/100\n|-weather|Snow|[from] ability: Snow Warning|[of] p2a: Ky\u00f3ka Suigetsu\n|-fieldstart|move: Electric Terrain|[from] ability: Electric Surge|[of] p1a: \u5361\u749e\u2022\u9e23\u9e23\n|-fieldstart|move: Psychic Terrain|[from] ability: Psychic Surge|[of] p1b: \u5361\u749e\u2022\u8776\u8776\n|turn|1\n|\n|t:|1696514476\n|move|p2b: Ky\u00f6ka Suigetsu|Light Screen|p2b: Ky\u00f6ka Suigetsu\n|-sidestart|p2: UserJexx|move: Light Screen\n|move|p2a: Ky\u00f3ka Suigetsu|Aurora Veil|p2a: Ky\u00f3ka Suigetsu\n|-sidestart|p2: UserJexx|move: Aurora Veil\n|move|p1a: \u5361\u749e\u2022\u9e23\u9e23|Calm Mind|p1a: \u5361\u749e\u2022\u9e23\u9e23\n|-boost|p1a: \u5361\u749e\u2022\u9e23\u9e23|spa|1\n|-boost|p1a: \u5361\u749e\u2022\u9e23\u9e23|spd|1\n|move|p1b: \u5361\u749e\u2022\u8776\u8776|Calm Mind|p1b: \u5361\u749e\u2022\u8776\u8776\n|-boost|p1b: \u5361\u749e\u2022\u8776\u8776|spa|1\n|-boost|p1b: \u5361\u749e\u2022\u8776\u8776|spd|1\n|\n|-weather|Snow|[upkeep]\n|upkeep\n|turn|2\n|\n|t:|1696514500\n|move|p2b: Ky\u00f6ka Suigetsu|Reflect|p2b: Ky\u00f6ka Suigetsu\n|-sidestart|p2: UserJexx|Reflect\n|move|p2a: Ky\u00f3ka Suigetsu|Encore|p1a: \u5361\u749e\u2022\u9e23\u9e23\n|-start|p1a: \u5361\u749e\u2022\u9e23\u9e23|Encore\n|move|p1a: \u5361\u749e\u2022\u9e23\u9e23|Calm Mind|p1a: \u5361\u749e\u2022\u9e23\u9e23\n|-boost|p1a: \u5361\u749e\u2022\u9e23\u9e23|spa|1\n|-boost|p1a: \u5361\u749e\u2022\u9e23\u9e23|spd|1\n|move|p1b: \u5361\u749e\u2022\u8776\u8776|Calm Mind|p1b: \u5361\u749e\u2022\u8776\u8776\n|-boost|p1b: \u5361\u749e\u2022\u8776\u8776|spa|1\n|-boost|p1b: \u5361\u749e\u2022\u8776\u8776|spd|1\n|\n|-weather|Snow|[upkeep]\n|upkeep\n|turn|3\n|\n|t:|1696514521\n|switch|p2a: Ky\u00f2ka Suigetsu|Ditto|100\/100\n|-transform|p2a: Ky\u00f2ka Suigetsu|p1b: \u5361\u749e\u2022\u8776\u8776|[from] ability: Imposter\n|move|p2b: Ky\u00f6ka Suigetsu|Parting Shot|p1b: \u5361\u749e\u2022\u8776\u8776\n|-activate|p1b: \u5361\u749e\u2022\u8776\u8776|move: Psychic Terrain\n|move|p1a: \u5361\u749e\u2022\u9e23\u9e23|Calm Mind|p1a: \u5361\u749e\u2022\u9e23\u9e23\n|-boost|p1a: \u5361\u749e\u2022\u9e23\u9e23|spa|1\n|-boost|p1a: \u5361\u749e\u2022\u9e23\u9e23|spd|1\n|move|p1b: \u5361\u749e\u2022\u8776\u8776|Psyshock|p2a: Ky\u00f2ka Suigetsu\n|-resisted|p2a: Ky\u00f2ka Suigetsu\n|-damage|p2a: Ky\u00f2ka Suigetsu|55\/100\n|\n|-weather|Snow|[upkeep]\n|upkeep\n|turn|4\n|\n|t:|1696514541\n|move|p2b: Ky\u00f6ka Suigetsu|Thunder Wave|p1b: \u5361\u749e\u2022\u8776\u8776\n|-activate|p1b: \u5361\u749e\u2022\u8776\u8776|move: Psychic Terrain\n|move|p2a: Ky\u00f2ka Suigetsu|Psyshock|p1b: \u5361\u749e\u2022\u8776\u8776\n|-resisted|p1b: \u5361\u749e\u2022\u8776\u8776\n|-damage|p1b: \u5361\u749e\u2022\u8776\u8776|41\/100\n|move|p1a: \u5361\u749e\u2022\u9e23\u9e23|Calm Mind|p1a: \u5361\u749e\u2022\u9e23\u9e23\n|-boost|p1a: \u5361\u749e\u2022\u9e23\u9e23|spa|1\n|-boost|p1a: \u5361\u749e\u2022\u9e23\u9e23|spd|1\n|move|p1b: \u5361\u749e\u2022\u8776\u8776|Nature's Madness|p2a: Ky\u00f2ka Suigetsu\n|-damage|p2a: Ky\u00f2ka Suigetsu|28\/100\n|\n|-weather|Snow|[upkeep]\n|-heal|p1b: \u5361\u749e\u2022\u8776\u8776|47\/100|[from] item: Leftovers\n|-end|p1a: \u5361\u749e\u2022\u9e23\u9e23|Encore\n|upkeep\n|turn|5\n|\n|t:|1696514569\n|switch|p2b: Kyoka Suigetsu|Smeargle, M|100\/100\n|move|p2a: Ky\u00f2ka Suigetsu|Psyshock|p1b: \u5361\u749e\u2022\u8776\u8776\n|-resisted|p1b: \u5361\u749e\u2022\u8776\u8776\n|-damage|p1b: \u5361\u749e\u2022\u8776\u8776|0 fnt\n|faint|p1b: \u5361\u749e\u2022\u8776\u8776\n|move|p1a: \u5361\u749e\u2022\u9e23\u9e23|Nature's Madness|p2b: Kyoka Suigetsu\n|-damage|p2b: Kyoka Suigetsu|51\/100\n|\n|-weather|none\n|-fieldend|move: Psychic Terrain\n|upkeep\n|\n|t:|1696514585\n|switch|p1b: \u591a\u9f99\u5df4\u9c81\u6258|Dragapult, M|100\/100\n|turn|6\n|\n|t:|1696514612\n|move|p2b: Kyoka Suigetsu|Transform|p1a: \u5361\u749e\u2022\u9e23\u9e23\n|-transform|p2b: Kyoka Suigetsu|p1a: \u5361\u749e\u2022\u9e23\u9e23\n|-fieldstart|move: Electric Terrain|[from] ability: Electric Surge|[of] p2b: Kyoka Suigetsu\n|move|p2a: Ky\u00f2ka Suigetsu|Psyshock|p1b: \u591a\u9f99\u5df4\u9c81\u6258\n|-damage|p1b: \u591a\u9f99\u5df4\u9c81\u6258|0 fnt\n|faint|p1b: \u591a\u9f99\u5df4\u9c81\u6258\n|move|p1a: \u5361\u749e\u2022\u9e23\u9e23|Volt Switch|p2b: Kyoka Suigetsu\n|-resisted|p2b: Kyoka Suigetsu\n|-damage|p2b: Kyoka Suigetsu|31\/100\n|\n|t:|1696514625\n|switch|p1a: \u82b1\u821e\u9e1f\uff08\u556a\u6ecb\u556a\u6ecb\uff09|Oricorio-Pom-Pom, F|100\/100|[from] Volt Switch\n|\n|upkeep\n|\n|t:|1696514631\n|switch|p1b: \u5361\u749e\u2022\u9e23\u9e23|Tapu Koko|100\/100\n|turn|7\n|\n|t:|1696514651\n|move|p2b: Kyoka Suigetsu|Nature's Madness|p1b: \u5361\u749e\u2022\u9e23\u9e23\n|-damage|p1b: \u5361\u749e\u2022\u9e23\u9e23|50\/100\n|move|p2a: Ky\u00f2ka Suigetsu|Psyshock|p1b: \u5361\u749e\u2022\u9e23\u9e23\n|-damage|p1b: \u5361\u749e\u2022\u9e23\u9e23|0 fnt\n|faint|p1b: \u5361\u749e\u2022\u9e23\u9e23\n|move|p1a: \u82b1\u821e\u9e1f\uff08\u556a\u6ecb\u556a\u6ecb\uff09|Revelation Dance|p2a: Ky\u00f2ka Suigetsu\n|-damage|p2a: Ky\u00f2ka Suigetsu|16\/100\n|\n|upkeep\n|\n|t:|1696514663\n|switch|p1b: \u62c9\u666e\u62c9\u65af|Lapras, F|100\/100\n|turn|8\n|\n|t:|1696514674\n|move|p2b: Kyoka Suigetsu|Nature's Madness|p1b: \u62c9\u666e\u62c9\u65af\n|-damage|p1b: \u62c9\u666e\u62c9\u65af|51\/100\n|move|p2a: Ky\u00f2ka Suigetsu|Psyshock|p1b: \u62c9\u666e\u62c9\u65af\n|-damage|p1b: \u62c9\u666e\u62c9\u65af|0 fnt\n|faint|p1b: \u62c9\u666e\u62c9\u65af\n|move|p1a: \u82b1\u821e\u9e1f\uff08\u556a\u6ecb\u556a\u6ecb\uff09|Revelation Dance|p2a: Ky\u00f2ka Suigetsu\n|-damage|p2a: Ky\u00f2ka Suigetsu|4\/100\n|\n|-sideend|p2: UserJexx|move: Light Screen\n|-sideend|p2: UserJexx|move: Aurora Veil\n|upkeep\n|\n|t:|1696514687\n|switch|p1b: \u4e18\u4e18|Raichu-Alola, F|100\/100\n|turn|9\n|\n|t:|1696514702\n|switch|p2a: Ky\u014dka Suigetsu|Mew|100\/100\n|move|p1b: \u4e18\u4e18|Nasty Plot|p1b: \u4e18\u4e18\n|-boost|p1b: \u4e18\u4e18|spa|2\n|move|p2b: Kyoka Suigetsu|Nature's Madness|p1b: \u4e18\u4e18|[miss]\n|-miss|p2b: Kyoka Suigetsu|p1b: \u4e18\u4e18\n|move|p1a: \u82b1\u821e\u9e1f\uff08\u556a\u6ecb\u556a\u6ecb\uff09|Calm Mind|p1a: \u82b1\u821e\u9e1f\uff08\u556a\u6ecb\u556a\u6ecb\uff09\n|-boost|p1a: \u82b1\u821e\u9e1f\uff08\u556a\u6ecb\u556a\u6ecb\uff09|spa|1\n|-boost|p1a: \u82b1\u821e\u9e1f\uff08\u556a\u6ecb\u556a\u6ecb\uff09|spd|1\n|\n|-sideend|p2: UserJexx|Reflect\n|upkeep\n|turn|10\n|\n|t:|1696514723\n|move|p1b: \u4e18\u4e18|Nasty Plot|p1b: \u4e18\u4e18\n|-boost|p1b: \u4e18\u4e18|spa|2\n|move|p2a: Ky\u014dka Suigetsu|Transform|p1b: \u4e18\u4e18\n|-transform|p2a: Ky\u014dka Suigetsu|p1b: \u4e18\u4e18\n|move|p2b: Kyoka Suigetsu|Nature's Madness|p1b: \u4e18\u4e18\n|-damage|p1b: \u4e18\u4e18|50\/100\n|move|p1a: \u82b1\u821e\u9e1f\uff08\u556a\u6ecb\u556a\u6ecb\uff09|Calm Mind|p1a: \u82b1\u821e\u9e1f\uff08\u556a\u6ecb\u556a\u6ecb\uff09\n|-boost|p1a: \u82b1\u821e\u9e1f\uff08\u556a\u6ecb\u556a\u6ecb\uff09|spa|1\n|-boost|p1a: \u82b1\u821e\u9e1f\uff08\u556a\u6ecb\u556a\u6ecb\uff09|spd|1\n|\n|-fieldend|move: Electric Terrain\n|upkeep\n|turn|11\n|\n|t:|1696514760\n|move|p2a: Ky\u014dka Suigetsu|Thunderbolt|p1b: \u4e18\u4e18\n|-resisted|p1b: \u4e18\u4e18\n|-damage|p1b: \u4e18\u4e18|0 fnt\n|faint|p1b: \u4e18\u4e18\n|move|p2b: Kyoka Suigetsu|Nature's Madness|p1a: \u82b1\u821e\u9e1f\uff08\u556a\u6ecb\u556a\u6ecb\uff09|[miss]\n|-miss|p2b: Kyoka Suigetsu|p1a: \u82b1\u821e\u9e1f\uff08\u556a\u6ecb\u556a\u6ecb\uff09\n|move|p1a: \u82b1\u821e\u9e1f\uff08\u556a\u6ecb\u556a\u6ecb\uff09|Air Cutter|p2b: Kyoka Suigetsu|[spread] p2a,p2b\n|-resisted|p2a: Ky\u014dka Suigetsu\n|-resisted|p2b: Kyoka Suigetsu\n|-crit|p2b: Kyoka Suigetsu\n|-damage|p2a: Ky\u014dka Suigetsu|82\/100\n|-damage|p2b: Kyoka Suigetsu|0 fnt\n|faint|p2b: Kyoka Suigetsu\n|\n|upkeep\n|\n|t:|1696514764\n|switch|p2b: Ky\u00f2ka Suigetsu|Ditto|4\/100\n|-transform|p2b: Ky\u00f2ka Suigetsu|p1a: \u82b1\u821e\u9e1f\uff08\u556a\u6ecb\u556a\u6ecb\uff09|[from] ability: Imposter\n|turn|12\n|\n|t:|1696514776\n|move|p2a: Ky\u014dka Suigetsu|Thunderbolt|p1a: \u82b1\u821e\u9e1f\uff08\u556a\u6ecb\u556a\u6ecb\uff09\n|-damage|p1a: \u82b1\u821e\u9e1f\uff08\u556a\u6ecb\u556a\u6ecb\uff09|35\/100\n|move|p2b: Ky\u00f2ka Suigetsu|Hurricane|p1a: \u82b1\u821e\u9e1f\uff08\u556a\u6ecb\u556a\u6ecb\uff09\n|-resisted|p1a: \u82b1\u821e\u9e1f\uff08\u556a\u6ecb\u556a\u6ecb\uff09\n|-damage|p1a: \u82b1\u821e\u9e1f\uff08\u556a\u6ecb\u556a\u6ecb\uff09|5\/100\n|move|p1a: \u82b1\u821e\u9e1f\uff08\u556a\u6ecb\u556a\u6ecb\uff09|Calm Mind|p1a: \u82b1\u821e\u9e1f\uff08\u556a\u6ecb\u556a\u6ecb\uff09\n|-boost|p1a: \u82b1\u821e\u9e1f\uff08\u556a\u6ecb\u556a\u6ecb\uff09|spa|1\n|-boost|p1a: \u82b1\u821e\u9e1f\uff08\u556a\u6ecb\u556a\u6ecb\uff09|spd|1\n|\n|-heal|p1a: \u82b1\u821e\u9e1f\uff08\u556a\u6ecb\u556a\u6ecb\uff09|11\/100|[from] item: Leftovers\n|upkeep\n|turn|13\n|\n|t:|1696514790\n|move|p2a: Ky\u014dka Suigetsu|Thunderbolt|p1a: \u82b1\u821e\u9e1f\uff08\u556a\u6ecb\u556a\u6ecb\uff09\n|-damage|p1a: \u82b1\u821e\u9e1f\uff08\u556a\u6ecb\u556a\u6ecb\uff09|0 fnt\n|faint|p1a: \u82b1\u821e\u9e1f\uff08\u556a\u6ecb\u556a\u6ecb\uff09\n|\n|win|UserJexx\n|raw|Ruriania-wer's rating: 1039 &rarr; <strong>1025<\/strong><br \/>(-14 for losing)\n|raw|UserJexx's rating: 1077 &rarr; <strong>1102<\/strong><br \/>(+25 for winning)\n|l|\u2606Ruriania-wer\n","uploadtime":1696514796,"views":8,"p1id":"rurianiawer","p2id":"userjexx","formatid":"gen9nationaldexdoubles","rating":1025,"private":0,"password":""}