{"id":"gen9nationaldexdoubles-1972485793","p1":"Damiandaking","p2":"Real Bani-Banani","format":"[Gen 9] National Dex Doubles","log":"|j|\u2606Damiandaking\n|j|\u2606Real Bani-Banani\n|t:|1697848246\n|gametype|doubles\n|player|p1|Damiandaking|ethan|1120\n|player|p2|Real Bani-Banani|rocketgruntf|1001\n|teamsize|p1|6\n|teamsize|p2|6\n|gen|9\n|tier|[Gen 9] National Dex Doubles\n|rated|\n|rule|HP Percentage Mod: HP is shown in percentages\n|rule|Endless Battle Clause: Forcing endless battles is banned\n|rule|OHKO Clause: OHKO moves are banned\n|rule|Evasion Moves Clause: Evasion moves are banned\n|rule|Evasion Abilities Clause: Evasion abilities are banned\n|rule|Species Clause: Limit one of each Pok\u00e9mon\n|rule|Gravity Sleep Clause: The combination of sleep-inducing moves with imperfect accuracy and Gravity or Gigantamax Orbeetle are banned\n|clearpoke\n|poke|p1|Scrafty, F|\n|poke|p1|Amoonguss, F|\n|poke|p1|Chandelure, M|\n|poke|p1|Vanillish, F|\n|poke|p1|Haxorus, M|\n|poke|p1|Vanilluxe, M|\n|poke|p2|Furret, F|\n|poke|p2|Eelektross, M|\n|poke|p2|Sableye, F|\n|poke|p2|Drifblim, F|\n|poke|p2|Vanilluxe, M|\n|poke|p2|Carbink|\n|teampreview\n|\n|t:|1697848259\n|start\n|switch|p1a: Vanilluxe|Vanilluxe, M|100\/100\n|switch|p1b: Vanillish|Vanillish, F|100\/100\n|switch|p2a: BananaForScale|Furret, F|100\/100\n|switch|p2b: Nazeem|Eelektross, M|100\/100\n|-item|p1a: Vanilluxe|Never-Melt Ice|[from] ability: Frisk|[of] p2a: BananaForScale|[identify]\n|-item|p1b: Vanillish|Never-Melt Ice|[from] ability: Frisk|[of] p2a: BananaForScale|[identify]\n|-weather|Snow|[from] ability: Snow Warning|[of] p1a: Vanilluxe\n|turn|1\n|\n|t:|1697848291\n|move|p2a: BananaForScale|Trick|p1b: Vanillish\n|-activate|p2a: BananaForScale|move: Trick|[of] p1b: Vanillish\n|-item|p1b: Vanillish|Choice Scarf|[from] move: Trick\n|-item|p2a: BananaForScale|Never-Melt Ice|[from] move: Trick\n|move|p1b: Vanillish|Light Screen|p1b: Vanillish\n|-sidestart|p1: Damiandaking|move: Light Screen\n|move|p1a: Vanilluxe|Blizzard|p2a: BananaForScale|[spread] p2a,p2b\n|-damage|p2a: BananaForScale|9\/100\n|-damage|p2b: Nazeem|46\/100\n|move|p2b: Nazeem|Drain Punch|p1b: Vanillish\n|-supereffective|p1b: Vanillish\n|-damage|p1b: Vanillish|49\/100\n|-heal|p2b: Nazeem|68\/100|[from] drain|[of] p1b: Vanillish\n|\n|-weather|Snow|[upkeep]\n|-heal|p1b: Vanillish|55\/100|[from] ability: Ice Body\n|upkeep\n|turn|2\n|\n|t:|1697848312\n|switch|p1b: Amoonguss|Amoonguss, F|100\/100\n|move|p2a: BananaForScale|Fire Punch|p1b: Amoonguss\n|-supereffective|p1b: Amoonguss\n|-damage|p1b: Amoonguss|61\/100\n|move|p1a: Vanilluxe|Blizzard|p2a: BananaForScale|[spread] p2a,p2b\n|-crit|p2b: Nazeem\n|-damage|p2a: BananaForScale|0 fnt\n|-damage|p2b: Nazeem|0 fnt\n|faint|p2a: BananaForScale\n|faint|p2b: Nazeem\n|\n|-weather|Snow|[upkeep]\n|-heal|p1b: Amoonguss|67\/100|[from] item: Black Sludge\n|upkeep\n|\n|t:|1697848327\n|switch|p2a: FrostAtronach|Vanilluxe, M|100\/100\n|switch|p2b: Stalhrim|Carbink|100\/100\n|turn|3\n|\n|t:|1697848340\n|move|p2a: FrostAtronach|Weather Ball|p1b: Amoonguss\n|-supereffective|p1b: Amoonguss\n|-crit|p1b: Amoonguss\n|-damage|p1b: Amoonguss|0 fnt\n|faint|p1b: Amoonguss\n|move|p1a: Vanilluxe|Blizzard|p2a: FrostAtronach|[spread] p2a,p2b\n|-resisted|p2a: FrostAtronach\n|-damage|p2a: FrostAtronach|73\/100\n|-damage|p2b: Stalhrim|64\/100\n|move|p2b: Stalhrim|Rain Dance|p2b: Stalhrim\n|-weather|RainDance\n|\n|-weather|RainDance|[upkeep]\n|upkeep\n|\n|t:|1697848355\n|switch|p1b: Haxorus|Haxorus, M|100\/100\n|turn|4\n|\n|t:|1697848363\n|switch|p1a: Chandelure|Chandelure, M|100\/100\n|-item|p1a: Chandelure|Air Balloon\n|move|p1b: Haxorus|Earthquake|p2b: Stalhrim|[spread] p2a,p2b\n|-immune|p1a: Chandelure\n|-supereffective|p2b: Stalhrim\n|-damage|p2a: FrostAtronach|16\/100\n|-damage|p2b: Stalhrim|13\/100\n|-ability|p2a: FrostAtronach|Weak Armor|boost\n|-unboost|p2a: FrostAtronach|def|1\n|-boost|p2a: FrostAtronach|spe|2\n|-damage|p1b: Haxorus|91\/100|[from] item: Life Orb\n|move|p2a: FrostAtronach|Freeze-Dry|p1b: Haxorus\n|-supereffective|p1b: Haxorus\n|-damage|p1b: Haxorus|17\/100\n|move|p2b: Stalhrim|Body Press|p1b: Haxorus\n|-crit|p1b: Haxorus\n|-damage|p1b: Haxorus|0 fnt\n|faint|p1b: Haxorus\n|\n|-weather|RainDance|[upkeep]\n|upkeep\n|\n|t:|1697848382\n|switch|p1b: Scrafty|Scrafty, F|100\/100\n|turn|5\n|\n|t:|1697848404\n|move|p1b: Scrafty|Fake Out|p2a: FrostAtronach\n|-damage|p2a: FrostAtronach|0 fnt\n|faint|p2a: FrostAtronach\n|-ability|p1b: Scrafty|Moxie|boost\n|-boost|p1b: Scrafty|atk|1\n|-damage|p1b: Scrafty|91\/100|[from] item: Life Orb\n|move|p2b: Stalhrim|Ally Switch||[still]\n|-fail|p2b: Stalhrim\n|move|p1a: Chandelure|Shadow Ball|p2b: Stalhrim\n|-damage|p2b: Stalhrim|0 fnt\n|faint|p2b: Stalhrim\n|\n|-weather|RainDance|[upkeep]\n|-sideend|p1: Damiandaking|move: Light Screen\n|upkeep\n|\n|t:|1697848415\n|switch|p2a: Falmer|Sableye, F|100\/100\n|switch|p2b: TheRetchingNetch|Drifblim, F|100\/100\n|turn|6\n|\n|t:|1697848437\n|-terastallize|p1b: Scrafty|Dark\n|move|p2a: Falmer|Skill Swap|p2b: TheRetchingNetch\n|-activate|p2a: Falmer|move: Skill Swap|||[of] p2b: TheRetchingNetch\n|move|p2b: TheRetchingNetch|Disable|p1a: Chandelure\n|-start|p1a: Chandelure|Disable|Shadow Ball\n|cant|p1a: Chandelure|Disable|Shadow Ball\n|move|p1b: Scrafty|Crunch|p2a: Falmer\n|-damage|p2a: Falmer|0 fnt\n|-damage|p1b: Scrafty|66\/100|[from] ability: Aftermath|[of] p2a: Falmer\n|faint|p2a: Falmer\n|-ability|p1b: Scrafty|Moxie|boost\n|-boost|p1b: Scrafty|atk|1\n|-damage|p1b: Scrafty|56\/100|[from] item: Life Orb\n|\n|-weather|RainDance|[upkeep]\n|upkeep\n|turn|7\n|\n|t:|1697848456\n|move|p2b: TheRetchingNetch|Toxic|p1a: Chandelure\n|-status|p1a: Chandelure|tox\n|move|p1a: Chandelure|Fire Blast|p2b: TheRetchingNetch\n|-damage|p2b: TheRetchingNetch|77\/100\n|move|p1b: Scrafty|Crunch|p2b: TheRetchingNetch\n|-supereffective|p2b: TheRetchingNetch\n|-crit|p2b: TheRetchingNetch\n|-damage|p2b: TheRetchingNetch|0 fnt\n|-damage|p1b: Scrafty|39\/100|[from] item: Rocky Helmet|[of] p2b: TheRetchingNetch\n|faint|p2b: TheRetchingNetch\n|-damage|p1b: Scrafty|29\/100|[from] item: Life Orb\n|\n|win|Damiandaking\n|raw|Damiandaking's rating: 1120 &rarr; <strong>1137<\/strong><br \/>(+17 for winning)\n|raw|Real Bani-Banani's rating: 1001 &rarr; <strong>1000<\/strong><br \/>(-1 for losing)\n|c|\u2606Real Bani-Banani|gg wp\n|l|\u2606Real Bani-Banani\n|c|\u2606Damiandaking|gg wp\n","uploadtime":1697848489,"views":11,"p1id":"damiandaking","p2id":"realbanibanani","formatid":"gen9nationaldexdoubles","rating":1000,"private":0,"password":""}