{"id":"gen9nationaldexdoubles-1959201540","p1":"wow banana","p2":"LowksterP","format":"[Gen 9] National Dex Doubles","log":"|j|\u2606wow banana\n|j|\u2606LowksterP\n|t:|1696399831\n|gametype|doubles\n|player|p1|wow banana|medium|1050\n|player|p2|LowksterP|striker|1045\n|teamsize|p1|6\n|teamsize|p2|6\n|gen|9\n|tier|[Gen 9] National Dex Doubles\n|rated|\n|rule|HP Percentage Mod: HP is shown in percentages\n|rule|Endless Battle Clause: Forcing endless battles is banned\n|rule|OHKO Clause: OHKO moves are banned\n|rule|Evasion Moves Clause: Evasion moves are banned\n|rule|Evasion Abilities Clause: Evasion abilities are banned\n|rule|Species Clause: Limit one of each Pok\u00e9mon\n|rule|Gravity Sleep Clause: The combination of sleep-inducing moves with imperfect accuracy and Gravity or Gigantamax Orbeetle are banned\n|clearpoke\n|poke|p1|Avalugg, M|\n|poke|p1|Inteleon, M|\n|poke|p1|Krookodile, F|\n|poke|p1|Raichu-Alola, M|\n|poke|p1|Trevenant, M|\n|poke|p1|Houndoom, M|\n|poke|p2|Altaria, M|\n|poke|p2|Arcanine, M|\n|poke|p2|Gengar, M|\n|poke|p2|Eldegoss, M|\n|poke|p2|Primeape, M|\n|poke|p2|Tentacruel, M|\n|teampreview\n|\n|t:|1696399849\n|start\n|switch|p1a: Mr. Freeze|Avalugg, M, shiny|100\/100\n|switch|p1b: weird water lizard|Inteleon, M, shiny|100\/100\n|switch|p2a: Arcanine|Arcanine, M, shiny|100\/100\n|switch|p2b: Eldegoss|Eldegoss, M, shiny|100\/100\n|-ability|p2a: Arcanine|Intimidate|boost\n|-fail|p1a: Mr. Freeze|unboost|Attack|[from] ability: Own Tempo|[of] p1a: Mr. Freeze\n|-fail|p1b: weird water lizard|unboost|[from] item: Clear Amulet|[of] p1b: weird water lizard\n|turn|1\n|\n|t:|1696399872\n|move|p1b: weird water lizard|Icicle Spear|p2b: Eldegoss\n|-supereffective|p2b: Eldegoss\n|-damage|p2b: Eldegoss|88\/100\n|-ability|p2b: Eldegoss|Cotton Down\n|-unboost|p1a: Mr. Freeze|spe|1\n|-fail|p1b: weird water lizard|unboost|[from] item: Clear Amulet|[of] p1b: weird water lizard\n|-unboost|p2a: Arcanine|spe|1\n|-supereffective|p2b: Eldegoss\n|-damage|p2b: Eldegoss|75\/100\n|-ability|p2b: Eldegoss|Cotton Down\n|-unboost|p1a: Mr. Freeze|spe|1\n|-fail|p1b: weird water lizard|unboost|[from] item: Clear Amulet|[of] p1b: weird water lizard\n|-unboost|p2a: Arcanine|spe|1\n|-hitcount|p2b: Eldegoss|2\n|move|p2b: Eldegoss|Leech Seed|p1a: Mr. Freeze\n|-start|p1a: Mr. Freeze|move: Leech Seed\n|move|p2a: Arcanine|Mud-Slap|p1b: weird water lizard\n|-damage|p1b: weird water lizard|92\/100\n|move|p1a: Mr. Freeze|Hydro Pump|p2a: Arcanine|[miss]\n|-miss|p1a: Mr. Freeze|p2a: Arcanine\n|\n|-heal|p2b: Eldegoss|81\/100|[from] item: Leftovers\n|-damage|p1a: Mr. Freeze|88\/100|[from] Leech Seed|[of] p2b: Eldegoss\n|-heal|p2b: Eldegoss|99\/100|[silent]\n|upkeep\n|turn|2\n|\n|t:|1696399907\n|switch|p2a: Pickle Tickle|Tentacruel, M, shiny|100\/100\n|move|p1a: Mr. Freeze|Protect|p1a: Mr. Freeze\n|-singleturn|p1a: Mr. Freeze|Protect\n|move|p1b: weird water lizard|Icicle Spear|p2b: Eldegoss\n|-supereffective|p2b: Eldegoss\n|-damage|p2b: Eldegoss|88\/100\n|-ability|p2b: Eldegoss|Cotton Down\n|-unboost|p1a: Mr. Freeze|spe|1\n|-fail|p1b: weird water lizard|unboost|[from] item: Clear Amulet|[of] p1b: weird water lizard\n|-fail|p2a: Pickle Tickle|unboost|[from] ability: Clear Body|[of] p2a: Pickle Tickle\n|-supereffective|p2b: Eldegoss\n|-crit|p2b: Eldegoss\n|-damage|p2b: Eldegoss|58\/100\n|-ability|p2b: Eldegoss|Cotton Down\n|-unboost|p1a: Mr. Freeze|spe|1\n|-fail|p1b: weird water lizard|unboost|[from] item: Clear Amulet|[of] p1b: weird water lizard\n|-fail|p2a: Pickle Tickle|unboost|[from] ability: Clear Body|[of] p2a: Pickle Tickle\n|-hitcount|p2b: Eldegoss|2\n|move|p2b: Eldegoss|Leech Seed|p1b: weird water lizard\n|-start|p1b: weird water lizard|move: Leech Seed\n|\n|-heal|p2b: Eldegoss|64\/100|[from] item: Leftovers\n|-heal|p1a: Mr. Freeze|94\/100|[from] item: Leftovers\n|-damage|p1b: weird water lizard|80\/100|[from] Leech Seed|[of] p2b: Eldegoss\n|-heal|p2b: Eldegoss|78\/100|[silent]\n|-damage|p1a: Mr. Freeze|82\/100|[from] Leech Seed|[of] p2b: Eldegoss\n|-heal|p2b: Eldegoss|96\/100|[silent]\n|upkeep\n|turn|3\n|\n|t:|1696399947\n|switch|p1b: Cutie Patootie|Raichu-Alola, M, shiny|100\/100\n|switch|p1a: zKrookie|Krookodile, F, shiny|100\/100\n|move|p2a: Pickle Tickle|Knock Off|p1b: Cutie Patootie\n|-supereffective|p1b: Cutie Patootie\n|-damage|p1b: Cutie Patootie|35\/100\n|-enditem|p1b: Cutie Patootie|Leftovers|[from] move: Knock Off|[of] p2a: Pickle Tickle\n|move|p2b: Eldegoss|Rapid Spin|p1a: zKrookie\n|-damage|p1a: zKrookie|94\/100\n|-boost|p2b: Eldegoss|spe|1\n|\n|-heal|p2b: Eldegoss|100\/100|[from] item: Leftovers\n|upkeep\n|turn|4\n|\n|t:|1696399977\n|switch|p2a: Arcanine|Arcanine, M, shiny|100\/100\n|-ability|p2a: Arcanine|Intimidate|boost\n|-unboost|p1a: zKrookie|atk|1\n|-unboost|p1b: Cutie Patootie|atk|1\n|-terastallize|p1a: zKrookie|Grass\n|move|p1b: Cutie Patootie|Thunder Punch|p2a: Arcanine\n|-damage|p2a: Arcanine|86\/100\n|move|p1a: zKrookie|Sludge Bomb|p2b: Eldegoss\n|-supereffective|p2b: Eldegoss\n|-damage|p2b: Eldegoss|61\/100\n|-ability|p2b: Eldegoss|Cotton Down\n|-unboost|p1a: zKrookie|spe|1\n|-unboost|p1b: Cutie Patootie|spe|1\n|-unboost|p2a: Arcanine|spe|1\n|move|p2b: Eldegoss|Leech Seed|p1b: Cutie Patootie\n|-start|p1b: Cutie Patootie|move: Leech Seed\n|\n|-heal|p2b: Eldegoss|67\/100|[from] item: Leftovers\n|-heal|p2a: Arcanine|92\/100|[from] item: Leftovers\n|-damage|p1b: Cutie Patootie|23\/100|[from] Leech Seed|[of] p2b: Eldegoss\n|-heal|p2b: Eldegoss|82\/100|[silent]\n|upkeep\n|turn|5\n|\n|t:|1696400021\n|move|p1b: Cutie Patootie|Fake Out||[still]\n|-hint|Fake Out only works on your first turn out.\n|-fail|p1b: Cutie Patootie\n|move|p2b: Eldegoss|Leech Seed|p1a: zKrookie\n|-immune|p1a: zKrookie\n|move|p2a: Arcanine|Mud-Slap|p1b: Cutie Patootie\n|-supereffective|p1b: Cutie Patootie\n|-damage|p1b: Cutie Patootie|10\/100\n|-unboost|p1b: Cutie Patootie|accuracy|1\n|move|p1a: zKrookie|Sludge Bomb|p2b: Eldegoss\n|-supereffective|p2b: Eldegoss\n|-damage|p2b: Eldegoss|39\/100\n|-status|p2b: Eldegoss|psn\n|-ability|p2b: Eldegoss|Cotton Down\n|-unboost|p1a: zKrookie|spe|1\n|-unboost|p1b: Cutie Patootie|spe|1\n|-unboost|p2a: Arcanine|spe|1\n|\n|-heal|p2b: Eldegoss|45\/100 psn|[from] item: Leftovers\n|-heal|p2a: Arcanine|98\/100|[from] item: Leftovers\n|-damage|p1b: Cutie Patootie|0 fnt|[from] Leech Seed|[of] p2b: Eldegoss\n|-heal|p2b: Eldegoss|56\/100 psn|[silent]\n|faint|p1b: Cutie Patootie\n|-damage|p2b: Eldegoss|44\/100 psn|[from] psn\n|upkeep\n|\n|t:|1696400043\n|switch|p1b: Houndoom|Houndoom, M|100\/100\n|turn|6\n|\n|t:|1696400059\n|switch|p2b: Pickle Tickle|Tentacruel, M, shiny|100\/100\n|move|p1b: Houndoom|Body Slam|p2a: Arcanine\n|-damage|p2a: Arcanine|77\/100\n|move|p2a: Arcanine|Mud-Slap|p1b: Houndoom\n|-supereffective|p1b: Houndoom\n|-damage|p1b: Houndoom|88\/100\n|-unboost|p1b: Houndoom|accuracy|1\n|move|p1a: zKrookie|Brick Break|p2b: Pickle Tickle\n|-resisted|p2b: Pickle Tickle\n|-damage|p2b: Pickle Tickle|94\/100\n|\n|-heal|p2a: Arcanine|83\/100|[from] item: Leftovers\n|upkeep\n|turn|7\n|\n|t:|1696400087\n|switch|p2b: Eldegoss|Eldegoss, M, shiny|44\/100 psn\n|move|p1b: Houndoom|Overheat|p2a: Arcanine\n|-resisted|p2a: Arcanine\n|-damage|p2a: Arcanine|50\/100\n|-unboost|p1b: Houndoom|spa|2\n|move|p2a: Arcanine|Mud-Slap|p1b: Houndoom\n|-supereffective|p1b: Houndoom\n|-damage|p1b: Houndoom|75\/100\n|-unboost|p1b: Houndoom|accuracy|1\n|move|p1a: zKrookie|Dragon Pulse|p2b: Eldegoss\n|-damage|p2b: Eldegoss|26\/100 psn\n|-ability|p2b: Eldegoss|Cotton Down\n|-unboost|p1a: zKrookie|spe|1\n|-unboost|p1b: Houndoom|spe|1\n|-unboost|p2a: Arcanine|spe|1\n|\n|-heal|p2b: Eldegoss|32\/100 psn|[from] item: Leftovers\n|-heal|p2a: Arcanine|57\/100|[from] item: Leftovers\n|-damage|p2b: Eldegoss|20\/100 psn|[from] psn\n|upkeep\n|turn|8\n|\n|t:|1696400116\n|switch|p2b: Altaria|Altaria, M, shiny|100\/100\n|-ability|p2b: Altaria|Cloud Nine\n|switch|p2a: Pickle Tickle|Tentacruel, M, shiny|94\/100\n|move|p1b: Houndoom|Body Slam|p2a: Pickle Tickle|[miss]\n|-miss|p1b: Houndoom|p2a: Pickle Tickle\n|move|p1a: zKrookie|Sludge Bomb|p2b: Altaria\n|-damage|p2b: Altaria|80\/100\n|-status|p2b: Altaria|psn\n|\n|-heal|p2b: Altaria|86\/100 psn|[from] item: Leftovers\n|-damage|p2b: Altaria|74\/100 psn|[from] psn\n|upkeep\n|turn|9\n|\n|t:|1696400148\n|switch|p2b: Arcanine|Arcanine, M, shiny|57\/100\n|-ability|p2b: Arcanine|Intimidate|boost\n|-unboost|p1a: zKrookie|atk|1\n|-unboost|p1b: Houndoom|atk|1\n|move|p2a: Pickle Tickle|Acupressure|p2a: Pickle Tickle\n|-boost|p2a: Pickle Tickle|accuracy|2\n|move|p1a: zKrookie|Dragon Pulse|p2b: Arcanine\n|-damage|p2b: Arcanine|38\/100\n|move|p1b: Houndoom|Roar|p2a: Pickle Tickle\n|drag|p2a: Bend Over|Gengar, M, shiny|100\/100\n|\n|-heal|p2b: Arcanine|44\/100|[from] item: Leftovers\n|upkeep\n|turn|10\n|\n|t:|1696400178\n|move|p2a: Bend Over|Icy Wind|p1a: zKrookie|[spread] p1a,p1b\n|-supereffective|p1a: zKrookie\n|-resisted|p1b: Houndoom\n|-damage|p1a: zKrookie|65\/100\n|-damage|p1b: Houndoom|68\/100\n|-unboost|p1a: zKrookie|spe|1\n|-unboost|p1b: Houndoom|spe|1\n|move|p2b: Arcanine|Mud-Slap|p1a: zKrookie\n|-resisted|p1a: zKrookie\n|-damage|p1a: zKrookie|62\/100\n|-unboost|p1a: zKrookie|accuracy|1\n|move|p1b: Houndoom|Dark Pulse|p2a: Bend Over|[miss]\n|-miss|p1b: Houndoom|p2a: Bend Over\n|move|p1a: zKrookie|Crunch|p2a: Bend Over|[miss]\n|-miss|p1a: zKrookie|p2a: Bend Over\n|\n|-heal|p2b: Arcanine|51\/100|[from] item: Leftovers\n|upkeep\n|turn|11\n|\n|t:|1696400202\n|switch|p1b: Mr. Freeze|Avalugg, M, shiny|82\/100\n|switch|p1a: weird water lizard|Inteleon, M, shiny|80\/100\n|move|p2a: Bend Over|Icy Wind|p1b: Mr. Freeze|[spread] p1a,p1b\n|-resisted|p1a: weird water lizard\n|-resisted|p1b: Mr. Freeze\n|-damage|p1a: weird water lizard|70\/100\n|-damage|p1b: Mr. Freeze|73\/100\n|-unboost|p1b: Mr. Freeze|spe|1\n|move|p2b: Arcanine|Mud-Slap|p1a: weird water lizard\n|-damage|p1a: weird water lizard|62\/100\n|\n|-heal|p2b: Arcanine|57\/100|[from] item: Leftovers\n|-heal|p1b: Mr. Freeze|79\/100|[from] item: Leftovers\n|upkeep\n|turn|12\n|\n|t:|1696400239\n|switch|p2a: Pickle Tickle|Tentacruel, M, shiny|94\/100\n|switch|p2b: Eldegoss|Eldegoss, M, shiny|20\/100 psn\n|move|p1a: weird water lizard|Icicle Spear|p2b: Eldegoss\n|-supereffective|p2b: Eldegoss\n|-damage|p2b: Eldegoss|8\/100 psn\n|-ability|p2b: Eldegoss|Cotton Down\n|-fail|p1a: weird water lizard|unboost|[from] item: Clear Amulet|[of] p1a: weird water lizard\n|-unboost|p1b: Mr. Freeze|spe|1\n|-fail|p2a: Pickle Tickle|unboost|[from] ability: Clear Body|[of] p2a: Pickle Tickle\n|-supereffective|p2b: Eldegoss\n|-damage|p2b: Eldegoss|0 fnt\n|-ability|p2b: Eldegoss|Cotton Down\n|-fail|p1a: weird water lizard|unboost|[from] item: Clear Amulet|[of] p1a: weird water lizard\n|-unboost|p1b: Mr. Freeze|spe|1\n|-fail|p2a: Pickle Tickle|unboost|[from] ability: Clear Body|[of] p2a: Pickle Tickle\n|faint|p2b: Eldegoss\n|-hitcount|p2: Eldegoss|2\n|move|p1b: Mr. Freeze|Hydro Pump|p2a: Pickle Tickle|[miss]\n|-miss|p1b: Mr. Freeze|p2a: Pickle Tickle\n|\n|-heal|p1b: Mr. Freeze|85\/100|[from] item: Leftovers\n|upkeep\n|\n|t:|1696400254\n|switch|p2b: Arcanine|Arcanine, M, shiny|57\/100\n|-ability|p2b: Arcanine|Intimidate|boost\n|-fail|p1a: weird water lizard|unboost|[from] item: Clear Amulet|[of] p1a: weird water lizard\n|-fail|p1b: Mr. Freeze|unboost|Attack|[from] ability: Own Tempo|[of] p1b: Mr. Freeze\n|turn|13\n|\n|t:|1696400277\n|move|p1a: weird water lizard|Swords Dance|p1a: weird water lizard\n|-boost|p1a: weird water lizard|atk|2\n|move|p2b: Arcanine|Mud-Slap|p1b: Mr. Freeze\n|-damage|p1b: Mr. Freeze|77\/100\n|-unboost|p1b: Mr. Freeze|accuracy|1\n|move|p2a: Pickle Tickle|Knock Off|p1a: weird water lizard\n|-damage|p1a: weird water lizard|27\/100\n|-enditem|p1a: weird water lizard|Clear Amulet|[from] move: Knock Off|[of] p2a: Pickle Tickle\n|move|p1b: Mr. Freeze|Hydro Pump|p2b: Arcanine\n|-supereffective|p2b: Arcanine\n|-damage|p2b: Arcanine|27\/100\n|\n|-heal|p2b: Arcanine|33\/100|[from] item: Leftovers\n|-heal|p1b: Mr. Freeze|83\/100|[from] item: Leftovers\n|upkeep\n|turn|14\n|\n|t:|1696400359\n|move|p1a: weird water lizard|Shadow Ball|p2a: Pickle Tickle\n|-damage|p2a: Pickle Tickle|71\/100\n|move|p2b: Arcanine|Mud-Slap|p1b: Mr. Freeze\n|-damage|p1b: Mr. Freeze|75\/100\n|-unboost|p1b: Mr. Freeze|accuracy|1\n|move|p2a: Pickle Tickle|Giga Drain|p1a: weird water lizard\n|-supereffective|p1a: weird water lizard\n|-damage|p1a: weird water lizard|0 fnt\n|-heal|p2a: Pickle Tickle|83\/100|[from] drain|[of] p1a: weird water lizard\n|faint|p1a: weird water lizard\n|move|p1b: Mr. Freeze|Hydro Pump|p2b: Arcanine|[miss]\n|-miss|p1b: Mr. Freeze|p2b: Arcanine\n|\n|-heal|p2b: Arcanine|39\/100|[from] item: Leftovers\n|-heal|p1b: Mr. Freeze|81\/100|[from] item: Leftovers\n|upkeep\n|\n|t:|1696400377\n|switch|p1a: Trevenant|Trevenant, M|100\/100\n|turn|15\n|\n|t:|1696400447\n|move|p2b: Arcanine|Heat Wave|p1b: Mr. Freeze|[spread] p1b\n|-miss|p2b: Arcanine|p1a: Trevenant\n|-supereffective|p1b: Mr. Freeze\n|-damage|p1b: Mr. Freeze|0 fnt\n|faint|p1b: Mr. Freeze\n|move|p2a: Pickle Tickle|Knock Off|p1a: Trevenant\n|-supereffective|p1a: Trevenant\n|-damage|p1a: Trevenant|59\/100\n|-enditem|p1a: Trevenant|Aguav Berry|[from] move: Knock Off|[of] p2a: Pickle Tickle\n|move|p1a: Trevenant|Earthquake|p2a: Pickle Tickle|[spread] p2a,p2b\n|-supereffective|p2a: Pickle Tickle\n|-supereffective|p2b: Arcanine\n|-damage|p2a: Pickle Tickle|38\/100\n|-damage|p2b: Arcanine|0 fnt\n|faint|p2b: Arcanine\n|\n|upkeep\n|\n|t:|1696400461\n|switch|p2b: Altaria|Altaria, M, shiny|74\/100 psn\n|switch|p1b: zKrookie|Krookodile, F, shiny, tera:Grass|62\/100\n|-ability|p2b: Altaria|Cloud Nine\n|turn|16\n|\n|t:|1696400507\n|move|p2b: Altaria|Hone Claws|p2b: Altaria\n|-boost|p2b: Altaria|atk|1\n|-boost|p2b: Altaria|accuracy|1\n|move|p1b: zKrookie|Dragon Pulse|p2b: Altaria\n|-supereffective|p2b: Altaria\n|-damage|p2b: Altaria|30\/100 psn\n|move|p2a: Pickle Tickle|Knock Off|p1a: Trevenant\n|-supereffective|p1a: Trevenant\n|-damage|p1a: Trevenant|26\/100\n|move|p1a: Trevenant|Wood Hammer|p2a: Pickle Tickle\n|-damage|p2a: Pickle Tickle|0 fnt\n|faint|p2a: Pickle Tickle\n|-damage|p1a: Trevenant|15\/100|[from] Recoil\n|\n|-heal|p2b: Altaria|37\/100 psn|[from] item: Leftovers\n|-damage|p2b: Altaria|24\/100 psn|[from] psn\n|upkeep\n|\n|t:|1696400520\n|switch|p2a: Primeape|Primeape, M, shiny|100\/100\n|turn|17\n|\n|t:|1696400546\n|move|p2b: Altaria|Iron Tail|p1a: Trevenant\n|-damage|p1a: Trevenant|0 fnt\n|faint|p1a: Trevenant\n|move|p1b: zKrookie|Dragon Pulse|p2b: Altaria\n|-supereffective|p2b: Altaria\n|-damage|p2b: Altaria|0 fnt\n|faint|p2b: Altaria\n|-ability|p1b: zKrookie|Moxie|boost\n|-boost|p1b: zKrookie|atk|1\n|move|p2a: Primeape|Gunk Shot|p1b: zKrookie\n|-supereffective|p1b: zKrookie\n|-damage|p1b: zKrookie|0 fnt\n|faint|p1b: zKrookie\n|\n|upkeep\n|inactive|Battle timer is ON: inactive players will automatically lose when time's up. (requested by wow banana)\n|inactive|LowksterP has 120 seconds left.\n|inactive|LowksterP has 90 seconds left.\n|\n|t:|1696400647\n|switch|p2b: Bend Over|Gengar, M, shiny|100\/100\n|switch|p1b: Houndoom|Houndoom, M|68\/100\n|turn|18\n|\n|t:|1696400662\n|-terastallize|p2b: Bend Over|Flying\n|move|p2b: Bend Over|Icy Wind|p1b: Houndoom\n|-resisted|p1b: Houndoom\n|-damage|p1b: Houndoom|58\/100\n|-unboost|p1b: Houndoom|spe|1\n|move|p2a: Primeape|Dynamic Punch|p1b: Houndoom\n|-supereffective|p1b: Houndoom\n|-damage|p1b: Houndoom|0 fnt\n|faint|p1b: Houndoom\n|\n|win|LowksterP\n|raw|wow banana's rating: 1050 &rarr; <strong>1032<\/strong><br \/>(-18 for losing)\n|raw|LowksterP's rating: 1045 &rarr; <strong>1079<\/strong><br \/>(+34 for winning)\n|l|\u2606wow banana\n","uploadtime":1696400680,"views":6,"p1id":"wowbanana","p2id":"lowksterp","formatid":"gen9nationaldexdoubles","rating":1032,"private":0,"password":""}