{"id":"gen9nationaldexdoubles-1967817277","p1":"Doritatio","p2":"Missignozero","format":"[Gen 9] National Dex Doubles","log":"|j|\u2606Doritatio\n|j|\u2606Missignozero\n|t:|1697342121\n|gametype|doubles\n|player|p1|Doritatio|boarder|1077\n|player|p2|Missignozero|veteran|1113\n|teamsize|p1|6\n|teamsize|p2|6\n|gen|9\n|tier|[Gen 9] National Dex Doubles\n|rated|\n|rule|HP Percentage Mod: HP is shown in percentages\n|rule|Endless Battle Clause: Forcing endless battles is banned\n|rule|OHKO Clause: OHKO moves are banned\n|rule|Evasion Moves Clause: Evasion moves are banned\n|rule|Evasion Abilities Clause: Evasion abilities are banned\n|rule|Species Clause: Limit one of each Pok\u00e9mon\n|rule|Gravity Sleep Clause: The combination of sleep-inducing moves with imperfect accuracy and Gravity or Gigantamax Orbeetle are banned\n|clearpoke\n|poke|p1|Falinks|\n|poke|p1|Primeape, F|\n|poke|p1|Mienshao, M|\n|poke|p1|Great Tusk|\n|poke|p1|Heracross, F|\n|poke|p1|Zapdos-Galar|\n|poke|p2|Walking Wake|\n|poke|p2|Grimmsnarl, M|\n|poke|p2|Regigigas|\n|poke|p2|Palafin, M|\n|poke|p2|Medicham, F|\n|poke|p2|Murkrow, M|\n|teampreview\n|\n|t:|1697342130\n|start\n|switch|p1a: Falinks|Falinks|100\/100\n|switch|p1b: Primeape|Primeape, F|100\/100\n|switch|p2a: Regigigas|Regigigas|100\/100\n|switch|p2b: Medicham|Medicham, F|100\/100\n|-start|p2a: Regigigas|ability: Slow Start\n|turn|1\n|\n|t:|1697342157\n|move|p2b: Medicham|Skill Swap|p2a: Regigigas\n|-activate|p2b: Medicham|move: Skill Swap|||[of] p2a: Regigigas\n|-end|p2a: Regigigas|Slow Start|[silent]\n|-start|p2b: Medicham|ability: Slow Start\n|move|p2a: Regigigas|Frustration|p1a: Falinks\n|-damage|p1a: Falinks|5\/100\n|move|p1b: Primeape|Bulk Up|p1b: Primeape\n|-boost|p1b: Primeape|atk|1\n|-boost|p1b: Primeape|def|1\n|move|p1a: Falinks|Beat Up|p1b: Primeape\n|-resisted|p1b: Primeape\n|-damage|p1b: Primeape|99\/100\n|-resisted|p1b: Primeape\n|-crit|p1b: Primeape\n|-damage|p1b: Primeape|98\/100\n|-resisted|p1b: Primeape\n|-damage|p1b: Primeape|97\/100\n|-resisted|p1b: Primeape\n|-damage|p1b: Primeape|96\/100\n|-resisted|p1b: Primeape\n|-damage|p1b: Primeape|95\/100\n|-resisted|p1b: Primeape\n|-damage|p1b: Primeape|94\/100\n|-hitcount|p1b: Primeape|6\n|\n|-heal|p1a: Falinks|11\/100|[from] item: Leftovers\n|upkeep\n|turn|2\n|\n|t:|1697342188\n|-end|p2b: Medicham|Slow Start|[silent]\n|switch|p2b: Murkrow|Murkrow, M|100\/100\n|-terastallize|p1b: Primeape|Ghost\n|move|p1a: Falinks|Helping Hand|p1b: Primeape\n|-singleturn|p1b: Primeape|Helping Hand|[of] p1a: Falinks\n|move|p2a: Regigigas|Frustration|p1b: Primeape\n|-immune|p1b: Primeape\n|move|p1b: Primeape|Drain Punch|p2a: Regigigas\n|-supereffective|p2a: Regigigas\n|-damage|p2a: Regigigas|0 fnt\n|-heal|p1b: Primeape|100\/100|[from] drain|[of] p2a: Regigigas\n|faint|p2a: Regigigas\n|\n|-heal|p1a: Falinks|17\/100|[from] item: Leftovers\n|upkeep\n|\n|t:|1697342210\n|switch|p2a: Grimmsnarl|Grimmsnarl, M|100\/100\n|turn|3\n|\n|t:|1697342219\n|switch|p1a: Zapdos|Zapdos-Galar|100\/100\n|move|p1b: Primeape|Protect|p1b: Primeape\n|-singleturn|p1b: Primeape|Protect\n|move|p2b: Murkrow|Haze|p2b: Murkrow\n|-clearallboost\n|move|p2a: Grimmsnarl|Reflect|p2a: Grimmsnarl\n|-sidestart|p2: Missignozero|Reflect\n|\n|upkeep\n|turn|4\n|\n|t:|1697342239\n|move|p2b: Murkrow|Tailwind|p2b: Murkrow\n|-sidestart|p2: Missignozero|move: Tailwind\n|move|p1a: Zapdos|Tailwind|p1a: Zapdos\n|-sidestart|p1: Doritatio|move: Tailwind\n|move|p1b: Primeape|Rage Fist|p2b: Murkrow\n|-resisted|p2b: Murkrow\n|-damage|p2b: Murkrow|44\/100\n|move|p2a: Grimmsnarl|Darkest Lariat|p1b: Primeape\n|-supereffective|p1b: Primeape\n|-damage|p1b: Primeape|52\/100\n|\n|upkeep\n|turn|5\n|\n|t:|1697342263\n|switch|p2b: Palafin|Palafin, M|100\/100\n|move|p1a: Zapdos|Helping Hand|p1b: Primeape\n|-singleturn|p1b: Primeape|Helping Hand|[of] p1a: Zapdos\n|move|p2a: Grimmsnarl|Parting Shot|p1b: Primeape\n|-unboost|p1b: Primeape|atk|1\n|-ability|p1b: Primeape|Defiant|boost\n|-boost|p1b: Primeape|atk|2\n|-unboost|p1b: Primeape|spa|1\n|-ability|p1b: Primeape|Defiant|boost\n|-boost|p1b: Primeape|atk|2\n|\n|t:|1697342277\n|switch|p2a: Walking Wake|Walking Wake|100\/100|[from] Parting Shot\n|-enditem|p2a: Walking Wake|Booster Energy\n|-activate|p2a: Walking Wake|ability: Protosynthesis|[fromitem]\n|-start|p2a: Walking Wake|protosynthesisspa\n|move|p1b: Primeape|Drain Punch|p2b: Palafin\n|-damage|p2b: Palafin|15\/100\n|-heal|p1b: Primeape|96\/100|[from] drain|[of] p2b: Palafin\n|\n|upkeep\n|turn|6\n|\n|t:|1697342295\n|move|p1b: Primeape|Protect|p1b: Primeape\n|-singleturn|p1b: Primeape|Protect\n|move|p2b: Palafin|Jet Punch|p1b: Primeape\n|-activate|p1b: Primeape|move: Protect\n|move|p2a: Walking Wake|Draco Meteor|p1b: Primeape\n|-activate|p1b: Primeape|move: Protect\n|move|p1a: Zapdos|Hurricane|p2b: Palafin\n|-damage|p2b: Palafin|0 fnt\n|faint|p2b: Palafin\n|\n|upkeep\n|\n|t:|1697342310\n|switch|p2b: Murkrow|Murkrow, M|44\/100\n|turn|7\n|\n|t:|1697342318\n|move|p1a: Zapdos|Helping Hand|p1b: Primeape\n|-singleturn|p1b: Primeape|Helping Hand|[of] p1a: Zapdos\n|move|p2b: Murkrow|Haze|p2b: Murkrow\n|-clearallboost\n|move|p2a: Walking Wake|Draco Meteor|p1b: Primeape\n|-damage|p1b: Primeape|21\/100\n|-unboost|p2a: Walking Wake|spa|2\n|move|p1b: Primeape|Drain Punch|p2a: Walking Wake\n|-damage|p2a: Walking Wake|70\/100\n|-heal|p1b: Primeape|37\/100|[from] drain|[of] p2a: Walking Wake\n|\n|-sideend|p2: Missignozero|Reflect\n|-sideend|p1: Doritatio|move: Tailwind\n|-sideend|p2: Missignozero|move: Tailwind\n|upkeep\n|turn|8\n|\n|t:|1697342355\n|-end|p2a: Walking Wake|Protosynthesis|[silent]\n|switch|p2a: Grimmsnarl|Grimmsnarl, M|100\/100\n|switch|p1b: Falinks|Falinks|17\/100\n|move|p2b: Murkrow|Tailwind|p2b: Murkrow\n|-sidestart|p2: Missignozero|move: Tailwind\n|move|p1a: Zapdos|Tailwind|p1a: Zapdos\n|-sidestart|p1: Doritatio|move: Tailwind\n|\n|-heal|p1b: Falinks|23\/100|[from] item: Leftovers\n|upkeep\n|turn|9\n|\n|t:|1697342379\n|move|p1b: Falinks|Helping Hand|p1a: Zapdos\n|-singleturn|p1a: Zapdos|Helping Hand|[of] p1b: Falinks\n|move|p2a: Grimmsnarl|Reflect|p2a: Grimmsnarl\n|-sidestart|p2: Missignozero|Reflect\n|move|p1a: Zapdos|Hurricane|p2b: Murkrow\n|-damage|p2b: Murkrow|0 fnt\n|faint|p2b: Murkrow\n|\n|-heal|p1b: Falinks|29\/100|[from] item: Leftovers\n|upkeep\n|\n|t:|1697342394\n|switch|p2b: Medicham|Medicham, F|100\/100\n|turn|10\n|\n|t:|1697342404\n|move|p1a: Zapdos|Detect|p1a: Zapdos\n|-singleturn|p1a: Zapdos|Protect\n|move|p2a: Grimmsnarl|Light Screen|p2a: Grimmsnarl\n|-sidestart|p2: Missignozero|move: Light Screen\n|move|p2b: Medicham|Psychic|p1a: Zapdos\n|-activate|p1a: Zapdos|move: Protect\n|move|p1b: Falinks|Beat Up|p2b: Medicham\n|-damage|p2b: Medicham|96\/100\n|-damage|p2b: Medicham|92\/100\n|-damage|p2b: Medicham|87\/100\n|-damage|p2b: Medicham|82\/100\n|-damage|p2b: Medicham|78\/100\n|-damage|p2b: Medicham|74\/100\n|-hitcount|p2b: Medicham|6\n|\n|-heal|p1b: Falinks|35\/100|[from] item: Leftovers\n|upkeep\n|turn|11\n|\n|t:|1697342435\n|switch|p1a: Mienshao|Mienshao, M|100\/100\n|switch|p1b: Primeape|Primeape, F, tera:Ghost|37\/100\n|move|p2b: Medicham|Psychic|p1a: Mienshao\n|-supereffective|p1a: Mienshao\n|-enditem|p1a: Mienshao|Focus Sash\n|-damage|p1a: Mienshao|1\/100\n|move|p2a: Grimmsnarl|Darkest Lariat|p1a: Mienshao\n|-resisted|p1a: Mienshao\n|-damage|p1a: Mienshao|0 fnt\n|faint|p1a: Mienshao\n|\n|-sideend|p1: Doritatio|move: Tailwind\n|-sideend|p2: Missignozero|move: Tailwind\n|upkeep\n|\n|t:|1697342442\n|switch|p1a: Zapdos|Zapdos-Galar|100\/100\n|turn|12\n|\n|t:|1697342463\n|move|p2a: Grimmsnarl|Reflect||[still]\n|-fail|p2a: Grimmsnarl\n|move|p2b: Medicham|Psychic|p1a: Zapdos\n|-supereffective|p1a: Zapdos\n|-damage|p1a: Zapdos|41\/100\n|move|p1a: Zapdos|Tailwind|p1a: Zapdos\n|-sidestart|p1: Doritatio|move: Tailwind\n|move|p1b: Primeape|Rage Fist|p2b: Medicham\n|-supereffective|p2b: Medicham\n|-damage|p2b: Medicham|0 fnt\n|faint|p2b: Medicham\n|\n|-heal|p1a: Zapdos|47\/100|[from] item: Leftovers\n|upkeep\n|\n|t:|1697342481\n|switch|p2b: Walking Wake|Walking Wake|70\/100\n|turn|13\n|\n|t:|1697342491\n|move|p1a: Zapdos|Helping Hand|p1b: Primeape\n|-singleturn|p1b: Primeape|Helping Hand|[of] p1a: Zapdos\n|move|p1b: Primeape|Rage Fist|p2b: Walking Wake\n|-damage|p2b: Walking Wake|0 fnt\n|faint|p2b: Walking Wake\n|-end|p2b: Walking Wake|Protosynthesis|[silent]\n|move|p2a: Grimmsnarl|Darkest Lariat|p1b: Primeape\n|-supereffective|p1b: Primeape\n|-damage|p1b: Primeape|0 fnt\n|faint|p1b: Primeape\n|\n|-heal|p1a: Zapdos|53\/100|[from] item: Leftovers\n|-sideend|p2: Missignozero|Reflect\n|upkeep\n|\n|t:|1697342501\n|switch|p1b: Great Tusk|Great Tusk|100\/100\n|-enditem|p1b: Great Tusk|Booster Energy\n|-activate|p1b: Great Tusk|ability: Protosynthesis|[fromitem]\n|-start|p1b: Great Tusk|protosynthesisatk\n|turn|14\n|-message|Missignozero forfeited.\n|\n|win|Doritatio\n|raw|Doritatio's rating: 1077 &rarr; <strong>1108<\/strong><br \/>(+31 for winning)\n|raw|Missignozero's rating: 1113 &rarr; <strong>1085<\/strong><br \/>(-28 for losing)\n|l|\u2606Missignozero\n","uploadtime":1697342521,"views":15,"p1id":"doritatio","p2id":"missignozero","formatid":"gen9nationaldexdoubles","rating":1085,"private":0,"password":""}