{"id":"gen9nationaldexdoubles-1972948538","p1":"Kire23","p2":"MasterYMk","format":"[Gen 9] National Dex Doubles","log":"|j|\u2606Kire23\n|j|\u2606MasterYMk\n|t:|1697911827\n|gametype|doubles\n|player|p1|Kire23|266|1106\n|player|p2|MasterYMk|eusine|1079\n|teamsize|p1|6\n|teamsize|p2|6\n|gen|9\n|tier|[Gen 9] National Dex Doubles\n|rated|\n|rule|HP Percentage Mod: HP is shown in percentages\n|rule|Endless Battle Clause: Forcing endless battles is banned\n|rule|OHKO Clause: OHKO moves are banned\n|rule|Evasion Moves Clause: Evasion moves are banned\n|rule|Evasion Abilities Clause: Evasion abilities are banned\n|rule|Species Clause: Limit one of each Pok\u00e9mon\n|rule|Gravity Sleep Clause: The combination of sleep-inducing moves with imperfect accuracy and Gravity or Gigantamax Orbeetle are banned\n|clearpoke\n|poke|p1|Araquanid, M|\n|poke|p1|Metagross|\n|poke|p1|Empoleon, F|\n|poke|p1|Grimmsnarl, M|\n|poke|p1|Blaziken, F|\n|poke|p1|Ursaluna, M|\n|poke|p2|Brambleghast, M|\n|poke|p2|Murkrow, F|\n|poke|p2|Clefable, F|\n|poke|p2|Sandslash-Alola, M|\n|poke|p2|Glimmora, M|\n|poke|p2|Pawmot, F|\n|teampreview\n|\n|t:|1697911850\n|start\n|switch|p1a: Metagross|Metagross|100\/100\n|switch|p1b: Grimmsnarl|Grimmsnarl, M|100\/100\n|switch|p2a: Murkrow|Murkrow, F, shiny|100\/100\n|switch|p2b: Brambleghast|Brambleghast, M, shiny|100\/100\n|turn|1\n|\n|t:|1697911872\n|move|p2a: Murkrow|Tailwind|p2a: Murkrow\n|-sidestart|p2: MasterYMk|move: Tailwind\n|-ability|p2b: Brambleghast|Wind Rider|boost\n|-boost|p2b: Brambleghast|atk|1\n|move|p1b: Grimmsnarl|Sucker Punch||[still]\n|-fail|p1b: Grimmsnarl\n|move|p2b: Brambleghast|Leech Seed|p1a: Metagross\n|-start|p1a: Metagross|move: Leech Seed\n|move|p1a: Metagross|Thunder Punch|p2a: Murkrow\n|-supereffective|p2a: Murkrow\n|-damage|p2a: Murkrow|0 fnt\n|faint|p2a: Murkrow\n|\n|-damage|p1a: Metagross|88\/100|[from] Leech Seed|[of] p2b: Brambleghast\n|upkeep\n|\n|t:|1697911887\n|switch|p2a: Sandslash|Sandslash-Alola, M|100\/100\n|turn|2\n|\n|t:|1697911903\n|move|p1b: Grimmsnarl|Sucker Punch||[still]\n|-fail|p1b: Grimmsnarl\n|move|p2b: Brambleghast|Leech Seed|p1b: Grimmsnarl\n|-start|p1b: Grimmsnarl|move: Leech Seed\n|move|p2a: Sandslash|Snowscape|p2a: Sandslash\n|-weather|Snow\n|move|p1a: Metagross|Meteor Mash|p2a: Sandslash\n|-damage|p2a: Sandslash|78\/100\n|\n|-weather|Snow|[upkeep]\n|-damage|p1a: Metagross|76\/100|[from] Leech Seed|[of] p2b: Brambleghast\n|-damage|p1b: Grimmsnarl|88\/100|[from] Leech Seed|[of] p2b: Brambleghast\n|upkeep\n|turn|3\n|\n|t:|1697911923\n|move|p1b: Grimmsnarl|Reflect|p1b: Grimmsnarl\n|-sidestart|p1: Kire23|Reflect\n|move|p2a: Sandslash|Ice Punch|p1b: Grimmsnarl\n|-damage|p1b: Grimmsnarl|66\/100\n|move|p2b: Brambleghast|Curse|p1b: Grimmsnarl\n|-start|p1b: Grimmsnarl|Curse|[of] p2b: Brambleghast\n|-damage|p2b: Brambleghast|51\/100\n|move|p1a: Metagross|Meteor Mash|p2a: Sandslash\n|-damage|p2a: Sandslash|58\/100\n|\n|-weather|Snow|[upkeep]\n|-damage|p1a: Metagross|64\/100|[from] Leech Seed|[of] p2b: Brambleghast\n|-heal|p2b: Brambleghast|65\/100|[silent]\n|-damage|p1b: Grimmsnarl|54\/100|[from] Leech Seed|[of] p2b: Brambleghast\n|-heal|p2b: Brambleghast|82\/100|[silent]\n|-damage|p1b: Grimmsnarl|29\/100|[from] Curse\n|upkeep\n|turn|4\n|\n|t:|1697911957\n|move|p1b: Grimmsnarl|Sucker Punch||[still]\n|-fail|p1b: Grimmsnarl\n|move|p2a: Sandslash|Ice Punch|p1a: Metagross\n|-resisted|p1a: Metagross\n|-damage|p1a: Metagross|56\/100\n|move|p2b: Brambleghast|Curse|p1a: Metagross\n|-start|p1a: Metagross|Curse|[of] p2b: Brambleghast\n|-damage|p2b: Brambleghast|32\/100\n|move|p1a: Metagross|Meteor Mash|p2a: Sandslash\n|-damage|p2a: Sandslash|34\/100\n|\n|-weather|Snow|[upkeep]\n|-damage|p1a: Metagross|44\/100|[from] Leech Seed|[of] p2b: Brambleghast\n|-heal|p2b: Brambleghast|47\/100|[silent]\n|-damage|p1b: Grimmsnarl|17\/100|[from] Leech Seed|[of] p2b: Brambleghast\n|-heal|p2b: Brambleghast|63\/100|[silent]\n|-damage|p1a: Metagross|19\/100|[from] Curse\n|-damage|p1b: Grimmsnarl|0 fnt|[from] Curse\n|faint|p1b: Grimmsnarl\n|-sideend|p2: MasterYMk|move: Tailwind\n|upkeep\n|\n|t:|1697911974\n|switch|p1b: Blaziken|Blaziken, F|100\/100\n|turn|5\n|\n|t:|1697911996\n|move|p2a: Sandslash|Earthquake|p1b: Blaziken|[spread] p2b,p1a,p1b\n|-resisted|p2b: Brambleghast\n|-crit|p2b: Brambleghast\n|-supereffective|p1a: Metagross\n|-supereffective|p1b: Blaziken\n|-damage|p2b: Brambleghast|38\/100\n|-damage|p1a: Metagross|0 fnt\n|-damage|p1b: Blaziken|72\/100\n|-enditem|p1b: Blaziken|Weakness Policy\n|-boost|p1b: Blaziken|atk|2|[from] item: Weakness Policy\n|-boost|p1b: Blaziken|spa|2|[from] item: Weakness Policy\n|faint|p1a: Metagross\n|move|p2b: Brambleghast|Poltergeist||[still]\n|-fail|p2b: Brambleghast\n|move|p1b: Blaziken|Blaze Kick|p2b: Brambleghast\n|-supereffective|p2b: Brambleghast\n|-crit|p2b: Brambleghast\n|-damage|p2b: Brambleghast|0 fnt\n|faint|p2b: Brambleghast\n|\n|-weather|Snow|[upkeep]\n|-ability|p1b: Blaziken|Speed Boost|boost\n|-boost|p1b: Blaziken|spe|1\n|upkeep\n|\n|t:|1697912017\n|switch|p2b: Glimmora|Glimmora, M|100\/100\n|switch|p1a: Empoleon|Empoleon, F|100\/100\n|turn|6\n|\n|t:|1697912042\n|move|p1b: Blaziken|Protect|p1b: Blaziken\n|-singleturn|p1b: Blaziken|Protect\n|move|p2a: Sandslash|Earthquake|p1b: Blaziken|[spread] p2b,p1a\n|-activate|p1b: Blaziken|move: Protect\n|-supereffective|p2b: Glimmora\n|-crit|p2b: Glimmora\n|-supereffective|p1a: Empoleon\n|-damage|p2b: Glimmora|0 fnt\n|-damage|p1a: Empoleon|74\/100\n|-activate|p2b: Glimmora|ability: Toxic Debris\n|-sidestart|p1: Kire23|move: Toxic Spikes\n|-enditem|p1a: Empoleon|Weakness Policy\n|-boost|p1a: Empoleon|atk|2|[from] item: Weakness Policy\n|-boost|p1a: Empoleon|spa|2|[from] item: Weakness Policy\n|faint|p2b: Glimmora\n|move|p1a: Empoleon|Hydro Pump|p2a: Sandslash|[miss]\n|-miss|p1a: Empoleon|p2a: Sandslash\n|\n|-weather|Snow|[upkeep]\n|-ability|p1b: Blaziken|Speed Boost|boost\n|-boost|p1b: Blaziken|spe|1\n|upkeep\n|\n|t:|1697912058\n|switch|p2b: Pawmot|Pawmot, F|100\/100\n|turn|7\n|\n|t:|1697912077\n|move|p1a: Empoleon|Protect|p1a: Empoleon\n|-singleturn|p1a: Empoleon|Protect\n|move|p1b: Blaziken|Blaze Kick|p2a: Sandslash|[miss]\n|-miss|p1b: Blaziken|p2a: Sandslash\n|move|p2b: Pawmot|Thunder Punch|p1a: Empoleon\n|-activate|p1a: Empoleon|move: Protect\n|move|p2a: Sandslash|Iron Head|p1b: Blaziken\n|-resisted|p1b: Blaziken\n|-damage|p1b: Blaziken|59\/100\n|\n|-weather|Snow|[upkeep]\n|-ability|p1b: Blaziken|Speed Boost|boost\n|-boost|p1b: Blaziken|spe|1\n|upkeep\n|turn|8\n|\n|t:|1697912100\n|move|p1b: Blaziken|Baton Pass|p1b: Blaziken\n|\n|t:|1697912104\n|switch|p1b: Ursaluna|Ursaluna, M|100\/100|[from] Baton Pass\n|-status|p1b: Ursaluna|psn\n|move|p2b: Pawmot|Thunder Punch|p1a: Empoleon\n|-supereffective|p1a: Empoleon\n|-damage|p1a: Empoleon|20\/100\n|move|p2a: Sandslash|Iron Head|p1b: Ursaluna\n|-damage|p1b: Ursaluna|87\/100 psn\n|move|p1a: Empoleon|Ice Beam|p2b: Pawmot\n|-damage|p2b: Pawmot|27\/100\n|\n|-weather|Snow|[upkeep]\n|-damage|p1b: Ursaluna|75\/100 psn|[from] psn\n|upkeep\n|turn|9\n|\n|t:|1697912127\n|move|p2b: Pawmot|Thunder Punch|p1a: Empoleon\n|-supereffective|p1a: Empoleon\n|-damage|p1a: Empoleon|0 fnt\n|faint|p1a: Empoleon\n|move|p2a: Sandslash|Ice Punch|p1b: Ursaluna\n|-supereffective|p1b: Ursaluna\n|-damage|p1b: Ursaluna|52\/100 psn\n|move|p1b: Ursaluna|Drain Punch|p2a: Sandslash\n|-supereffective|p2a: Sandslash\n|-damage|p2a: Sandslash|0 fnt\n|-heal|p1b: Ursaluna|65\/100 psn|[from] drain|[of] p2a: Sandslash\n|faint|p2a: Sandslash\n|\n|-weather|none\n|-damage|p1b: Ursaluna|52\/100 psn|[from] psn\n|upkeep\n|\n|t:|1697912141\n|switch|p2a: Clefable|Clefable, F|100\/100\n|switch|p1a: Blaziken|Blaziken, F|59\/100\n|-status|p1a: Blaziken|psn\n|turn|10\n|\n|t:|1697912158\n|move|p2a: Clefable|Follow Me|p2a: Clefable\n|-singleturn|p2a: Clefable|move: Follow Me\n|move|p2b: Pawmot|Close Combat|p1b: Ursaluna\n|-supereffective|p1b: Ursaluna\n|-damage|p1b: Ursaluna|0 fnt\n|-unboost|p2b: Pawmot|def|1\n|-unboost|p2b: Pawmot|spd|1\n|faint|p1b: Ursaluna\n|move|p1a: Blaziken|Blaze Kick|p2a: Clefable\n|-damage|p2a: Clefable|50\/100\n|\n|-heal|p2a: Clefable|56\/100|[from] item: Leftovers\n|-damage|p1a: Blaziken|47\/100 psn|[from] psn\n|-sideend|p1: Kire23|Reflect\n|-ability|p1a: Blaziken|Speed Boost|boost\n|-boost|p1a: Blaziken|spe|1\n|upkeep\n|\n|t:|1697912171\n|switch|p1b: Araquanid|Araquanid, M, shiny|100\/100\n|-status|p1b: Araquanid|psn\n|turn|11\n|\n|t:|1697912198\n|-terastallize|p2b: Pawmot|Fire\n|move|p2b: Pawmot|Thunder Punch|p1b: Araquanid\n|-supereffective|p1b: Araquanid\n|-damage|p1b: Araquanid|16\/100 psn\n|move|p1a: Blaziken|High Jump Kick|p2a: Clefable\n|-resisted|p2a: Clefable\n|-damage|p2a: Clefable|16\/100\n|move|p2a: Clefable|Psyshock|p1a: Blaziken\n|-supereffective|p1a: Blaziken\n|-damage|p1a: Blaziken|0 fnt\n|faint|p1a: Blaziken\n|move|p1b: Araquanid|Toxic|p2a: Clefable\n|-status|p2a: Clefable|tox\n|\n|-heal|p2a: Clefable|22\/100 tox|[from] item: Leftovers\n|-damage|p2a: Clefable|16\/100 tox|[from] psn\n|-damage|p1b: Araquanid|3\/100 psn|[from] psn\n|upkeep\n|turn|12\n|\n|t:|1697912218\n|move|p2b: Pawmot|Thunder Punch|p1b: Araquanid\n|-supereffective|p1b: Araquanid\n|-damage|p1b: Araquanid|0 fnt\n|faint|p1b: Araquanid\n|\n|win|MasterYMk\n|raw|Kire23's rating: 1106 &rarr; <strong>1079<\/strong><br \/>(-27 for losing)\n|raw|MasterYMk's rating: 1079 &rarr; <strong>1109<\/strong><br \/>(+30 for winning)\n|l|\u2606Kire23\n","uploadtime":1697912288,"views":23,"p1id":"kire23","p2id":"masterymk","formatid":"gen9nationaldexdoubles","rating":1079,"private":0,"password":""}