{"id":"gen9nationaldexdoubles-1995202143","p1":"Killette2","p2":"Denvah_17","format":"[Gen 9] National Dex Doubles","log":"|j|\u2606Killette2\n|j|\u2606Denvah_17\n|t:|1700534064\n|gametype|doubles\n|player|p1|Killette2|bruno|1264\n|player|p2|Denvah_17|alder|1365\n|teamsize|p1|6\n|teamsize|p2|6\n|gen|9\n|tier|[Gen 9] National Dex Doubles\n|rated|\n|rule|HP Percentage Mod: HP is shown in percentages\n|rule|Endless Battle Clause: Forcing endless battles is banned\n|rule|OHKO Clause: OHKO moves are banned\n|rule|Evasion Moves Clause: Evasion moves are banned\n|rule|Evasion Abilities Clause: Evasion abilities are banned\n|rule|Species Clause: Limit one of each Pok\u00e9mon\n|rule|Gravity Sleep Clause: The combination of sleep-inducing moves with imperfect accuracy and Gravity or Gigantamax Orbeetle are banned\n|clearpoke\n|poke|p1|Shuckle, L99, F|\n|poke|p1|Blissey, F|\n|poke|p1|Grimmsnarl, M|\n|poke|p1|Cofagrigus, L99, F|\n|poke|p1|Hatterene, L99, F|\n|poke|p1|Sinistcha|\n|poke|p2|Porygon2|\n|poke|p2|Marowak-Alola, F|\n|poke|p2|Slowbro-Galar, F|\n|poke|p2|Parasect, L99, M|\n|poke|p2|Rhyperior, M|\n|poke|p2|Zapdos|\n|teampreview\n|inactive|Battle timer is ON: inactive players will automatically lose when time's up. (requested by Denvah_17)\n|inactive|Killette2 has 120 seconds left.\n|\n|t:|1700534112\n|start\n|switch|p1a: Krampus|Grimmsnarl, M|100\/100\n|switch|p1b: Ancient Evil|Cofagrigus, L99, F|100\/100\n|switch|p2a: silph_sys.exe|Porygon2|100\/100\n|switch|p2b: Cubone's Mum|Marowak-Alola, F, shiny|100\/100\n|-ability|p2a: silph_sys.exe|Download|boost\n|-boost|p2a: silph_sys.exe|spa|1\n|turn|1\n|\n|t:|1700534128\n|move|p1a: Krampus|Reflect|p1a: Krampus\n|-sidestart|p1: Killette2|Reflect\n|move|p2a: silph_sys.exe|Tri Attack|p1a: Krampus\n|-damage|p1a: Krampus|49\/100\n|move|p2b: Cubone's Mum|Shadow Bone|p1b: Ancient Evil\n|-supereffective|p1b: Ancient Evil\n|-damage|p1b: Ancient Evil|30\/100\n|move|p1b: Ancient Evil|Body Press|p2a: silph_sys.exe\n|-supereffective|p2a: silph_sys.exe\n|-damage|p2a: silph_sys.exe|62\/100\n|\n|upkeep\n|turn|2\n|\n|t:|1700534141\n|move|p1a: Krampus|Light Screen|p1a: Krampus\n|-sidestart|p1: Killette2|move: Light Screen\n|move|p2a: silph_sys.exe|Tri Attack|p1a: Krampus\n|-damage|p1a: Krampus|13\/100\n|move|p2b: Cubone's Mum|Shadow Bone|p1b: Ancient Evil\n|-supereffective|p1b: Ancient Evil\n|-damage|p1b: Ancient Evil|0 fnt\n|faint|p1b: Ancient Evil\n|\n|upkeep\n|\n|t:|1700534160\n|switch|p1b: Sweeper|Shuckle, L99, F|100\/100\n|turn|3\n|\n|t:|1700534171\n|switch|p1a: Sinistcha|Sinistcha|100\/100\n|move|p2a: silph_sys.exe|Tri Attack|p1a: Sinistcha\n|-immune|p1a: Sinistcha\n|move|p2b: Cubone's Mum|Flare Blitz|p1b: Sweeper\n|-damage|p1b: Sweeper|65\/100\n|move|p1b: Sweeper|Power Split|p2b: Cubone's Mum\n|-activate|p1b: Sweeper|move: Power Split|[of] p2b: Cubone's Mum\n|\n|upkeep\n|turn|4\n|inactive|Killette2 has 120 seconds left.\n|\n|t:|1700534217\n|move|p1a: Sinistcha|Iron Defense|p1a: Sinistcha\n|-boost|p1a: Sinistcha|def|2\n|move|p2a: silph_sys.exe|Ice Beam|p1a: Sinistcha\n|-supereffective|p1a: Sinistcha\n|-damage|p1a: Sinistcha|62\/100\n|move|p2b: Cubone's Mum|Flare Blitz|p1a: Sinistcha\n|-supereffective|p1a: Sinistcha\n|-damage|p1a: Sinistcha|31\/100\n|-damage|p2b: Cubone's Mum|84\/100|[from] item: Rocky Helmet|[of] p1a: Sinistcha\n|move|p1b: Sweeper|Acupressure|p1a: Sinistcha\n|-boost|p1a: Sinistcha|spd|2\n|\n|upkeep\n|turn|5\n|inactive|Killette2 has 120 seconds left.\n|\n|t:|1700534240\n|-terastallize|p1a: Sinistcha|Water\n|move|p1a: Sinistcha|Strength Sap|p2b: Cubone's Mum\n|-unboost|p2b: Cubone's Mum|atk|1\n|-heal|p1a: Sinistcha|75\/100\n|move|p2a: silph_sys.exe|Ice Beam|p1a: Sinistcha\n|-resisted|p1a: Sinistcha\n|-damage|p1a: Sinistcha|70\/100\n|-status|p1a: Sinistcha|frz\n|move|p2b: Cubone's Mum|Flare Blitz|p1a: Sinistcha\n|-resisted|p1a: Sinistcha\n|-damage|p1a: Sinistcha|65\/100 frz\n|-damage|p2b: Cubone's Mum|68\/100|[from] item: Rocky Helmet|[of] p1a: Sinistcha\n|-curestatus|p1a: Sinistcha|frz|[msg]\n|move|p1b: Sweeper|Guard Split|p1a: Sinistcha\n|-activate|p1b: Sweeper|move: Guard Split|[of] p1a: Sinistcha\n|\n|upkeep\n|turn|6\n|inactive|Killette2 has 120 seconds left.\n|\n|t:|1700534268\n|switch|p2b: <12 parasects|Parasect, L99, M, shiny|100\/100\n|move|p1a: Sinistcha|Strength Sap|p2b: <12 parasects\n|-unboost|p2b: <12 parasects|atk|1\n|-heal|p1a: Sinistcha|100\/100\n|move|p2a: silph_sys.exe|Recover|p2a: silph_sys.exe\n|-heal|p2a: silph_sys.exe|100\/100\n|move|p1b: Sweeper|Acupressure|p1a: Sinistcha\n|-boost|p1a: Sinistcha|def|2\n|\n|upkeep\n|turn|7\n|inactive|Killette2 has 120 seconds left.\n|inactive|Denvah_17 has 120 seconds left.\n|\n|t:|1700534301\n|switch|p2a: Don Eladio|Rhyperior, M, shiny|100\/100\n|move|p1a: Sinistcha|Iron Defense|p1a: Sinistcha\n|-boost|p1a: Sinistcha|def|2\n|move|p2b: <12 parasects|Spore|p1a: Sinistcha\n|-status|p1a: Sinistcha|slp|[from] move: Spore\n|move|p1b: Sweeper|Acupressure|p1a: Sinistcha\n|-boost|p1a: Sinistcha|spd|2\n|\n|upkeep\n|turn|8\n|inactive|Killette2 has 120 seconds left.\n|\n|t:|1700534324\n|switch|p1b: 1ManArmy|Blissey, F|100\/100\n|cant|p1a: Sinistcha|slp\n|move|p2a: Don Eladio|Rock Slide|p1b: 1ManArmy|[spread] p1a,p1b\n|-damage|p1a: Sinistcha|97\/100 slp\n|-damage|p1b: 1ManArmy|75\/100\n|move|p2b: <12 parasects|Swords Dance|p2b: <12 parasects\n|-boost|p2b: <12 parasects|atk|2\n|\n|-heal|p1b: 1ManArmy|81\/100|[from] item: Leftovers\n|-sideend|p1: Killette2|Reflect\n|upkeep\n|turn|9\n|\n|t:|1700534334\n|-curestatus|p1a: Sinistcha|slp|[msg]\n|move|p1a: Sinistcha|Strength Sap|p2b: <12 parasects\n|-unboost|p2b: <12 parasects|atk|1\n|-heal|p1a: Sinistcha|100\/100\n|move|p1b: 1ManArmy|Mimic|p2a: Don Eladio\n|-start|p1b: 1ManArmy|Mimic|Rock Slide\n|move|p2a: Don Eladio|Hammer Arm|p1b: 1ManArmy\n|-supereffective|p1b: 1ManArmy\n|-damage|p1b: 1ManArmy|0 fnt\n|-unboost|p2a: Don Eladio|spe|1\n|faint|p1b: 1ManArmy\n|move|p2b: <12 parasects|Leech Life|p1a: Sinistcha\n|-damage|p1a: Sinistcha|95\/100\n|-damage|p2b: <12 parasects|84\/100|[from] item: Rocky Helmet|[of] p1a: Sinistcha\n|\n|-sideend|p1: Killette2|move: Light Screen\n|upkeep\n|\n|t:|1700534338\n|switch|p1b: Krampus|Grimmsnarl, M|13\/100\n|turn|10\n|\n|t:|1700534364\n|move|p1b: Krampus|Taunt|p2b: <12 parasects\n|-start|p2b: <12 parasects|move: Taunt\n|move|p1a: Sinistcha|Strength Sap|p2b: <12 parasects\n|-unboost|p2b: <12 parasects|atk|1\n|-heal|p1a: Sinistcha|100\/100\n|cant|p2b: <12 parasects|move: Taunt|Spore\n|move|p2a: Don Eladio|Hammer Arm|p1b: Krampus\n|-damage|p1b: Krampus|0 fnt\n|-unboost|p2a: Don Eladio|spe|1\n|faint|p1b: Krampus\n|\n|upkeep\n|\n|t:|1700534371\n|switch|p1b: Hatmemey|Hatterene, L99, F|100\/100\n|turn|11\n|\n|t:|1700534387\n|move|p1a: Sinistcha|Strength Sap|p2a: Don Eladio\n|-unboost|p2a: Don Eladio|atk|1\n|move|p2b: <12 parasects|Leech Life|p1b: Hatmemey\n|-damage|p1b: Hatmemey|75\/100\n|-heal|p2b: <12 parasects|99\/100|[from] drain|[of] p1b: Hatmemey\n|move|p1b: Hatmemey|Skill Swap|p1a: Sinistcha\n|-activate|p1b: Hatmemey|move: Skill Swap|||[of] p1a: Sinistcha\n|move|p2a: Don Eladio|Earthquake|p1b: Hatmemey|[spread] p2b,p1a,p1b\n|-resisted|p2b: <12 parasects\n|-crit|p1a: Sinistcha\n|-crit|p1b: Hatmemey\n|-damage|p2b: <12 parasects|90\/100\n|-damage|p1a: Sinistcha|62\/100\n|-damage|p1b: Hatmemey|0 fnt\n|faint|p1b: Hatmemey\n|\n|upkeep\n|\n|t:|1700534394\n|switch|p1b: Sweeper|Shuckle, L99, F|65\/100\n|turn|12\n|\n|t:|1700534424\n|switch|p2a: \u26a1Jim Cantore\u26a1|Zapdos, shiny|100\/100\n|move|p1a: Sinistcha|Calm Mind|p1a: Sinistcha\n|-boost|p1a: Sinistcha|spa|1\n|-boost|p1a: Sinistcha|spd|1\n|move|p2b: <12 parasects|Leech Life|p1b: Sweeper\n|-damage|p1b: Sweeper|51\/100\n|-heal|p2b: <12 parasects|97\/100|[from] drain|[of] p1b: Sweeper\n|move|p1b: Sweeper|Acupressure|p1a: Sinistcha\n|-boost|p1a: Sinistcha|evasion|2\n|\n|-end|p2b: <12 parasects|move: Taunt\n|upkeep\n|turn|13\n|\n|t:|1700534433\n|switch|p2b: Don Eladio|Rhyperior, M, shiny|100\/100\n|-terastallize|p2a: \u26a1Jim Cantore\u26a1|Electric\n|move|p2a: \u26a1Jim Cantore\u26a1|Discharge|p1b: Sweeper|[spread] p1b\n|-immune|p2b: Don Eladio\n|-miss|p2a: \u26a1Jim Cantore\u26a1|p1a: Sinistcha\n|-damage|p1b: Sweeper|21\/100\n|move|p1a: Sinistcha|Calm Mind|p1a: Sinistcha\n|-boost|p1a: Sinistcha|spa|1\n|-boost|p1a: Sinistcha|spd|1\n|move|p1b: Sweeper|Acupressure|p1a: Sinistcha\n|-boost|p1a: Sinistcha|atk|2\n|\n|upkeep\n|turn|14\n|\n|t:|1700534455\n|move|p2a: \u26a1Jim Cantore\u26a1|Discharge|p1a: Sinistcha|[spread] p1a,p1b\n|-immune|p2b: Don Eladio\n|-supereffective|p1a: Sinistcha\n|-damage|p1a: Sinistcha|48\/100\n|-damage|p1b: Sweeper|0 fnt\n|faint|p1b: Sweeper\n|move|p1a: Sinistcha|Matcha Gotcha|p2b: Don Eladio|[spread] p2a,p2b\n|-supereffective|p2b: Don Eladio\n|-damage|p2a: \u26a1Jim Cantore\u26a1|51\/100\n|-heal|p1a: Sinistcha|76\/100|[from] drain|[of] p2a: \u26a1Jim Cantore\u26a1\n|-damage|p2b: Don Eladio|0 fnt\n|-heal|p1a: Sinistcha|100\/100|[from] drain|[of] p2b: Don Eladio\n|faint|p2b: Don Eladio\n|\n|upkeep\n|\n|t:|1700534466\n|switch|p2b: <12 parasects|Parasect, L99, M, shiny|97\/100\n|turn|15\n|\n|t:|1700534490\n|move|p2a: \u26a1Jim Cantore\u26a1|Hurricane|p1a: Sinistcha|[miss]\n|-miss|p2a: \u26a1Jim Cantore\u26a1|p1a: Sinistcha\n|move|p1a: Sinistcha|Matcha Gotcha|p2a: \u26a1Jim Cantore\u26a1|[spread] p2a,p2b\n|-resisted|p2b: <12 parasects\n|-damage|p2a: \u26a1Jim Cantore\u26a1|2\/100\n|-damage|p2b: <12 parasects|79\/100\n|move|p2b: <12 parasects|Spore|p1a: Sinistcha\n|move|p1a: Sinistcha|Spore|p2b: <12 parasects|[from]ability: Magic Bounce\n|-immune|p2b: <12 parasects\n|\n|upkeep\n|turn|16\n|\n|t:|1700534508\n|move|p2a: \u26a1Jim Cantore\u26a1|Discharge|p1a: Sinistcha|[spread] p2b,p1a\n|-resisted|p2b: <12 parasects\n|-supereffective|p1a: Sinistcha\n|-damage|p2b: <12 parasects|50\/100\n|-damage|p1a: Sinistcha|88\/100\n|move|p1a: Sinistcha|Matcha Gotcha|p2b: <12 parasects|[spread] p2a,p2b\n|-resisted|p2b: <12 parasects\n|-damage|p2a: \u26a1Jim Cantore\u26a1|0 fnt\n|-heal|p1a: Sinistcha|89\/100|[from] drain|[of] p2a: \u26a1Jim Cantore\u26a1\n|-damage|p2b: <12 parasects|34\/100\n|-heal|p1a: Sinistcha|95\/100|[from] drain|[of] p2b: <12 parasects\n|faint|p2a: \u26a1Jim Cantore\u26a1\n|move|p2b: <12 parasects|Spore|p1a: Sinistcha\n|move|p1a: Sinistcha|Spore|p2b: <12 parasects|[from]ability: Magic Bounce\n|-immune|p2b: <12 parasects\n|\n|upkeep\n|inactive|Denvah_17 has 120 seconds left.\n|\n|t:|1700534536\n|switch|p2a: Cubone's Mum|Marowak-Alola, F, shiny|68\/100\n|turn|17\n|j| larsonshark\n|\n|t:|1700534551\n|move|p1a: Sinistcha|Calm Mind|p1a: Sinistcha\n|-boost|p1a: Sinistcha|spa|1\n|-boost|p1a: Sinistcha|spd|0\n|move|p2a: Cubone's Mum|Shadow Bone|p1a: Sinistcha|[miss]\n|-miss|p2a: Cubone's Mum|p1a: Sinistcha\n|move|p2b: <12 parasects|Spore|p1a: Sinistcha\n|move|p1a: Sinistcha|Spore|p2b: <12 parasects|[from]ability: Magic Bounce\n|-immune|p2b: <12 parasects\n|\n|upkeep\n|turn|18\n|l| larsonshark\n|\n|t:|1700534567\n|move|p2b: <12 parasects|Wide Guard|p2b: <12 parasects\n|-singleturn|p2b: <12 parasects|Wide Guard\n|move|p1a: Sinistcha|Calm Mind|p1a: Sinistcha\n|-boost|p1a: Sinistcha|spa|1\n|-boost|p1a: Sinistcha|spd|0\n|move|p2a: Cubone's Mum|Shadow Bone|p1a: Sinistcha\n|-damage|p1a: Sinistcha|85\/100\n|\n|upkeep\n|turn|19\n|j| larsonshark\n|\n|t:|1700534577\n|move|p2b: <12 parasects|Wide Guard|p2b: <12 parasects\n|-singleturn|p2b: <12 parasects|Wide Guard\n|move|p1a: Sinistcha|Calm Mind|p1a: Sinistcha\n|-boost|p1a: Sinistcha|spa|1\n|-boost|p1a: Sinistcha|spd|0\n|move|p2a: Cubone's Mum|Shadow Bone|p1a: Sinistcha\n|-damage|p1a: Sinistcha|76\/100\n|\n|upkeep\n|turn|20\n|\n|t:|1700534588\n|move|p2b: <12 parasects|Wide Guard|p2b: <12 parasects\n|-singleturn|p2b: <12 parasects|Wide Guard\n|move|p1a: Sinistcha|Calm Mind|p1a: Sinistcha\n|-boost|p1a: Sinistcha|spa|1\n|-boost|p1a: Sinistcha|spd|0\n|move|p2a: Cubone's Mum|Shadow Bone|p1a: Sinistcha\n|-damage|p1a: Sinistcha|66\/100\n|\n|upkeep\n|turn|21\n|\n|t:|1700534593\n|move|p2b: <12 parasects|Wide Guard|p2b: <12 parasects\n|-singleturn|p2b: <12 parasects|Wide Guard\n|move|p1a: Sinistcha|Matcha Gotcha|p2b: <12 parasects|[spread] \n|-activate|p2a: Cubone's Mum|move: Wide Guard\n|-activate|p2b: <12 parasects|move: Wide Guard\n|move|p2a: Cubone's Mum|Shadow Bone|p1a: Sinistcha\n|-damage|p1a: Sinistcha|56\/100\n|\n|upkeep\n|turn|22\n|\n|t:|1700534610\n|move|p2b: <12 parasects|Wide Guard|p2b: <12 parasects\n|-singleturn|p2b: <12 parasects|Wide Guard\n|move|p1a: Sinistcha|Strength Sap|p2a: Cubone's Mum\n|-unboost|p2a: Cubone's Mum|atk|1\n|-heal|p1a: Sinistcha|100\/100\n|move|p2a: Cubone's Mum|Shadow Bone|p1a: Sinistcha|[miss]\n|-miss|p2a: Cubone's Mum|p1a: Sinistcha\n|\n|upkeep\n|turn|23\n|\n|t:|1700534622\n|move|p2b: <12 parasects|Wide Guard|p2b: <12 parasects\n|-singleturn|p2b: <12 parasects|Wide Guard\n|move|p1a: Sinistcha|Calm Mind|p1a: Sinistcha\n|-boost|p1a: Sinistcha|spa|0\n|-boost|p1a: Sinistcha|spd|0\n|move|p2a: Cubone's Mum|Shadow Bone|p1a: Sinistcha\n|-damage|p1a: Sinistcha|94\/100\n|\n|upkeep\n|turn|24\n|\n|t:|1700534634\n|switch|p2a: silph_sys.exe|Porygon2|100\/100\n|-ability|p2a: silph_sys.exe|Download|boost\n|-boost|p2a: silph_sys.exe|spa|1\n|move|p2b: <12 parasects|Wide Guard|p2b: <12 parasects\n|-singleturn|p2b: <12 parasects|Wide Guard\n|move|p1a: Sinistcha|Calm Mind|p1a: Sinistcha\n|-boost|p1a: Sinistcha|spa|0\n|-boost|p1a: Sinistcha|spd|0\n|\n|upkeep\n|turn|25\n|\n|t:|1700534654\n|move|p2b: <12 parasects|Wide Guard|p2b: <12 parasects\n|-singleturn|p2b: <12 parasects|Wide Guard\n|move|p1a: Sinistcha|Matcha Gotcha|p2a: silph_sys.exe|[spread] \n|-activate|p2a: silph_sys.exe|move: Wide Guard\n|-activate|p2b: <12 parasects|move: Wide Guard\n|move|p2a: silph_sys.exe|Tri Attack|p1a: Sinistcha\n|-damage|p1a: Sinistcha|86\/100\n|-status|p1a: Sinistcha|frz\n|\n|upkeep\n|turn|26\n|\n|t:|1700534670\n|-curestatus|p1a: Sinistcha|frz|[from] move: Matcha Gotcha\n|move|p1a: Sinistcha|Matcha Gotcha|p2a: silph_sys.exe|[spread] p2a,p2b\n|-resisted|p2b: <12 parasects\n|-damage|p2a: silph_sys.exe|47\/100\n|-heal|p1a: Sinistcha|100\/100|[from] drain|[of] p2a: silph_sys.exe\n|-damage|p2b: <12 parasects|2\/100\n|-status|p2a: silph_sys.exe|brn\n|move|p2a: silph_sys.exe|Tri Attack|p1a: Sinistcha|[miss]\n|-miss|p2a: silph_sys.exe|p1a: Sinistcha\n|move|p2b: <12 parasects|Swords Dance|p2b: <12 parasects\n|-boost|p2b: <12 parasects|atk|2\n|\n|-damage|p2a: silph_sys.exe|41\/100 brn|[from] brn\n|upkeep\n|turn|27\n|\n|t:|1700534694\n|move|p1a: Sinistcha|Strength Sap|p2b: <12 parasects\n|-unboost|p2b: <12 parasects|atk|1\n|move|p2a: silph_sys.exe|Tri Attack|p1a: Sinistcha\n|-damage|p1a: Sinistcha|93\/100\n|move|p2b: <12 parasects|Leech Life|p1a: Sinistcha|[miss]\n|-miss|p2b: <12 parasects|p1a: Sinistcha\n|\n|-damage|p2a: silph_sys.exe|34\/100 brn|[from] brn\n|upkeep\n|turn|28\n|\n|t:|1700534705\n|move|p2b: <12 parasects|Wide Guard|p2b: <12 parasects\n|-singleturn|p2b: <12 parasects|Wide Guard\n|move|p1a: Sinistcha|Iron Defense|p1a: Sinistcha\n|-boost|p1a: Sinistcha|def|0\n|move|p2a: silph_sys.exe|Recover|p2a: silph_sys.exe\n|-heal|p2a: silph_sys.exe|84\/100 brn\n|\n|-damage|p2a: silph_sys.exe|78\/100 brn|[from] brn\n|upkeep\n|turn|29\n|\n|t:|1700534713\n|move|p2b: <12 parasects|Wide Guard|p2b: <12 parasects\n|-singleturn|p2b: <12 parasects|Wide Guard\n|move|p1a: Sinistcha|Iron Defense|p1a: Sinistcha\n|-boost|p1a: Sinistcha|def|0\n|move|p2a: silph_sys.exe|Tri Attack|p1a: Sinistcha\n|-damage|p1a: Sinistcha|86\/100\n|\n|-damage|p2a: silph_sys.exe|72\/100 brn|[from] brn\n|upkeep\n|turn|30\n|\n|t:|1700534723\n|move|p1a: Sinistcha|Matcha Gotcha|p2a: silph_sys.exe|[spread] p2a,p2b\n|-resisted|p2b: <12 parasects\n|-damage|p2a: silph_sys.exe|15\/100 brn\n|-heal|p1a: Sinistcha|100\/100|[from] drain|[of] p2a: silph_sys.exe\n|-damage|p2b: <12 parasects|0 fnt\n|faint|p2b: <12 parasects\n|move|p2a: silph_sys.exe|Tri Attack|p1a: Sinistcha|[miss]\n|-miss|p2a: silph_sys.exe|p1a: Sinistcha\n|\n|-damage|p2a: silph_sys.exe|9\/100 brn|[from] brn\n|upkeep\n|\n|t:|1700534727\n|switch|p2b: Amnesiac|Slowbro-Galar, F, shiny|100\/100\n|turn|31\n|\n|t:|1700534735\n|move|p1a: Sinistcha|Matcha Gotcha|p2b: Amnesiac|[spread] p2a\n|-miss|p1a: Sinistcha|p2b: Amnesiac\n|-damage|p2a: silph_sys.exe|0 fnt\n|faint|p2a: silph_sys.exe\n|move|p2b: Amnesiac|Shell Side Arm|p1a: Sinistcha|[anim] Shell Side Arm Special\n|-damage|p1a: Sinistcha|94\/100\n|-hint|Special Shell Side Arm\n|\n|upkeep\n|\n|t:|1700534739\n|switch|p2a: Cubone's Mum|Marowak-Alola, F, shiny|68\/100\n|turn|32\n|\n|t:|1700534749\n|move|p1a: Sinistcha|Matcha Gotcha|p2a: Cubone's Mum|[spread] p2b\n|-miss|p1a: Sinistcha|p2a: Cubone's Mum\n|-resisted|p2b: Amnesiac\n|-damage|p2b: Amnesiac|44\/100\n|-heal|p1a: Sinistcha|100\/100|[from] drain|[of] p2b: Amnesiac\n|-status|p2b: Amnesiac|brn\n|move|p2a: Cubone's Mum|Shadow Bone|p1a: Sinistcha\n|-damage|p1a: Sinistcha|91\/100\n|-unboost|p1a: Sinistcha|def|1\n|move|p2b: Amnesiac|Shell Side Arm|p1a: Sinistcha|[anim] Shell Side Arm Special\n|-damage|p1a: Sinistcha|85\/100\n|-hint|Special Shell Side Arm\n|\n|-damage|p2b: Amnesiac|38\/100 brn|[from] brn\n|upkeep\n|turn|33\n|\n|t:|1700534758\n|move|p1a: Sinistcha|Matcha Gotcha|p2a: Cubone's Mum|[spread] p2a,p2b\n|-resisted|p2a: Cubone's Mum\n|-crit|p2a: Cubone's Mum\n|-resisted|p2b: Amnesiac\n|-damage|p2a: Cubone's Mum|0 fnt\n|-heal|p1a: Sinistcha|100\/100|[from] drain|[of] p2a: Cubone's Mum\n|-damage|p2b: Amnesiac|0 fnt\n|faint|p2a: Cubone's Mum\n|faint|p2b: Amnesiac\n|\n|win|Killette2\n|raw|Killette2's rating: 1264 &rarr; <strong>1296<\/strong><br \/>(+32 for winning)\n|raw|Denvah_17's rating: 1365 &rarr; <strong>1339<\/strong><br \/>(-26 for losing)\n|l|\u2606Denvah_17\n","uploadtime":1700534820,"views":2,"p1id":"killette2","p2id":"denvah17","formatid":"gen9nationaldexdoubles","rating":1296,"private":0,"password":""}