{"id":"gen9nationaldexdoubles-1993659676","p1":"Eliminathan","p2":"TheMoistFetus","format":"[Gen 9] National Dex Doubles","log":"|j|\u2606Eliminathan\n|j|\u2606TheMoistFetus\n|t:|1700342594\n|gametype|doubles\n|player|p1|Eliminathan|schoolkid-gen4|\n|player|p2|TheMoistFetus|bianca-pwt|\n|teamsize|p1|6\n|teamsize|p2|6\n|gen|9\n|tier|[Gen 9] National Dex Doubles\n|rule|HP Percentage Mod: HP is shown in percentages\n|rule|Endless Battle Clause: Forcing endless battles is banned\n|rule|OHKO Clause: OHKO moves are banned\n|rule|Evasion Moves Clause: Evasion moves are banned\n|rule|Evasion Abilities Clause: Evasion abilities are banned\n|rule|Species Clause: Limit one of each Pok\u00e9mon\n|rule|Gravity Sleep Clause: The combination of sleep-inducing moves with imperfect accuracy and Gravity or Gigantamax Orbeetle are banned\n|clearpoke\n|poke|p1|Zygarde|\n|poke|p1|Zamazenta-*|\n|poke|p1|Jirachi|\n|poke|p1|Kangaskhan, F|\n|poke|p1|Glimmora, M|\n|poke|p1|Iron Hands|\n|poke|p2|Chien-Pao|\n|poke|p2|Iron Bundle|\n|poke|p2|Ninetales-Alola, M|\n|poke|p2|Ogerpon-Cornerstone, F|\n|poke|p2|Tornadus, M|\n|poke|p2|Chi-Yu|\n|teampreview\n|c|\u2606TheMoistFetus|glhf\n|c|\u2606Eliminathan|glhf\n|\n|t:|1700342672\n|start\n|switch|p1a: Iron Hands|Iron Hands|100\/100\n|switch|p1b: Glimmora|Glimmora, M|100\/100\n|switch|p2a: Penny|Ogerpon-Cornerstone, F|100\/100\n|switch|p2b: Bobert|Iron Bundle, shiny|100\/100\n|-enditem|p2b: Bobert|Booster Energy\n|-activate|p2b: Bobert|ability: Quark Drive|[fromitem]\n|-start|p2b: Bobert|quarkdrivespe\n|turn|1\n|\n|t:|1700342708\n|move|p2b: Bobert|Protect|p2b: Bobert\n|-singleturn|p2b: Bobert|Protect\n|move|p1a: Iron Hands|Fake Out|p2a: Penny\n|-resisted|p2a: Penny\n|-damage|p2a: Penny|93\/100\n|cant|p2a: Penny|flinch\n|move|p1b: Glimmora|Stealth Rock|p2b: Bobert\n|-sidestart|p2: TheMoistFetus|move: Stealth Rock\n|\n|upkeep\n|turn|2\n|\n|t:|1700342769\n|move|p2b: Bobert|Hydro Pump|p1b: Glimmora\n|-supereffective|p1b: Glimmora\n|-enditem|p1b: Glimmora|Focus Sash\n|-damage|p1b: Glimmora|1\/100\n|move|p2a: Penny|Horn Leech|p1a: Iron Hands\n|-damage|p1a: Iron Hands|71\/100\n|-heal|p2a: Penny|100\/100|[from] drain|[of] p1a: Iron Hands\n|move|p1b: Glimmora|Power Gem|p2b: Bobert\n|-supereffective|p2b: Bobert\n|-damage|p2b: Bobert|0 fnt\n|faint|p2b: Bobert\n|-end|p2b: Bobert|Quark Drive|[silent]\n|move|p1a: Iron Hands|Drain Punch|p2a: Penny\n|-supereffective|p2a: Penny\n|-ability|p2a: Penny|Sturdy\n|-damage|p2a: Penny|1\/100\n|-heal|p1a: Iron Hands|100\/100|[from] drain|[of] p2a: Penny\n|\n|upkeep\n|\n|t:|1700342791\n|switch|p2b: Gumball|Ninetales-Alola, M|100\/100\n|-damage|p2b: Gumball|76\/100|[from] Stealth Rock\n|-weather|Snow|[from] ability: Snow Warning|[of] p2b: Gumball\n|turn|3\n|\n|t:|1700342820\n|move|p2a: Penny|Horn Leech|p1b: Glimmora\n|-damage|p1b: Glimmora|0 fnt\n|-heal|p2a: Penny|1\/100|[from] drain|[of] p1b: Glimmora\n|-activate|p1b: Glimmora|ability: Toxic Debris\n|-sidestart|p2: TheMoistFetus|move: Toxic Spikes\n|faint|p1b: Glimmora\n|move|p2b: Gumball|Dazzling Gleam|p1a: Iron Hands\n|-supereffective|p1a: Iron Hands\n|-damage|p1a: Iron Hands|78\/100\n|move|p1a: Iron Hands|Heavy Slam|p2b: Gumball\n|-supereffective|p2b: Gumball\n|-damage|p2b: Gumball|0 fnt\n|faint|p2b: Gumball\n|\n|-weather|Snow|[upkeep]\n|upkeep\n|\n|t:|1700342843\n|switch|p2b: Darwin|Chi-Yu|100\/100\n|switch|p1b: Kangaskhan|Kangaskhan, F|100\/100\n|-damage|p2b: Darwin|76\/100|[from] Stealth Rock\n|-status|p2b: Darwin|psn\n|-ability|p2b: Darwin|Beads of Ruin\n|turn|4\n|c|\u2606TheMoistFetus|this team is very deltaphobic\n|c|\u2606Eliminathan|yeah its very funphobic as well\n|\n|t:|1700342879\n|switch|p2b: Mr Small|Tornadus, M, shiny|100\/100\n|-damage|p2b: Mr Small|76\/100|[from] Stealth Rock\n|detailschange|p1b: Kangaskhan|Kangaskhan-Mega, F\n|-mega|p1b: Kangaskhan|Kangaskhan|Kangaskhanite\n|move|p2a: Penny|Spiky Shield|p2a: Penny\n|-singleturn|p2a: Penny|move: Protect\n|move|p1b: Kangaskhan|Fake Out|p2a: Penny\n|-activate|p2a: Penny|move: Protect\n|-damage|p1b: Kangaskhan|88\/100|[from] Spiky Shield|[of] p2a: Penny\n|move|p1a: Iron Hands|Drain Punch|p2b: Mr Small\n|-resisted|p2b: Mr Small\n|-damage|p2b: Mr Small|53\/100\n|-heal|p1a: Iron Hands|87\/100|[from] drain|[of] p2b: Mr Small\n|\n|-weather|Snow|[upkeep]\n|upkeep\n|turn|5\n|c|\u2606Eliminathan|damn\n|\n|t:|1700342904\n|move|p1b: Kangaskhan|Sucker Punch|p2a: Penny\n|-damage|p2a: Penny|0 fnt\n|faint|p2a: Penny\n|-hitcount|p2: Penny|1\n|move|p2b: Mr Small|Bleakwind Storm|p1a: Iron Hands|[spread] p1a\n|-miss|p2b: Mr Small|p1b: Kangaskhan\n|-damage|p1a: Iron Hands|73\/100\n|move|p1a: Iron Hands|Wild Charge|p2b: Mr Small\n|-supereffective|p2b: Mr Small\n|-damage|p2b: Mr Small|0 fnt\n|faint|p2b: Mr Small\n|-damage|p1a: Iron Hands|63\/100|[from] Recoil\n|\n|-weather|Snow|[upkeep]\n|upkeep\n|c|\u2606Eliminathan|damn\n|\n|t:|1700342925\n|switch|p2a: Nicole|Chien-Pao|100\/100\n|switch|p2b: Darwin|Chi-Yu|76\/100 psn\n|-damage|p2b: Darwin|51\/100 psn|[from] Stealth Rock\n|-ability|p2b: Darwin|Beads of Ruin\n|-damage|p2a: Nicole|76\/100|[from] Stealth Rock\n|-status|p2a: Nicole|psn\n|-ability|p2a: Nicole|Sword of Ruin\n|turn|6\n|j| Ryan1Baek\n|\n|t:|1700342945\n|switch|p1b: Jirachi|Jirachi|100\/100\n|-terastallize|p2b: Darwin|Fire\n|move|p2b: Darwin|Heat Wave|p1b: Jirachi|[spread] p1a,p1b\n|-crit|p1a: Iron Hands\n|-supereffective|p1b: Jirachi\n|-damage|p1a: Iron Hands|16\/100\n|-damage|p1b: Jirachi|0 fnt\n|faint|p1b: Jirachi\n|move|p2a: Nicole|Sacred Sword|p1a: Iron Hands\n|-damage|p1a: Iron Hands|0 fnt\n|faint|p1a: Iron Hands\n|-end|p1a: Iron Hands|Quark Drive|[silent]\n|\n|-weather|Snow|[upkeep]\n|-damage|p2b: Darwin|39\/100 psn|[from] psn\n|-damage|p2a: Nicole|63\/100 psn|[from] psn\n|upkeep\n|\n|t:|1700342954\n|switch|p1b: Zamazenta|Zamazenta|100\/100\n|switch|p1a: Kangaskhan|Kangaskhan-Mega, F|88\/100\n|-ability|p1b: Zamazenta|Dauntless Shield|boost\n|-boost|p1b: Zamazenta|def|1\n|turn|7\n|\n|t:|1700342967\n|move|p1a: Kangaskhan|Fake Out|p2b: Darwin\n|-damage|p2b: Darwin|2\/100 psn\n|-damage|p2b: Darwin|0 fnt\n|faint|p2b: Darwin\n|-hitcount|p2: Darwin|2\n|move|p1b: Zamazenta|Body Press|p2a: Nicole\n|-supereffective|p2a: Nicole\n|-damage|p2a: Nicole|0 fnt\n|faint|p2a: Nicole\n|\n|win|Eliminathan\n|c|\u2606Eliminathan|gg\n|l| Ryan1Baek\n|c|\u2606TheMoistFetus|gg\n","uploadtime":1700342984,"views":39,"p1id":"eliminathan","p2id":"themoistfetus","formatid":"gen9nationaldexdoubles","rating":0,"private":0,"password":""}