{"id":"gen9nationaldexdoubles-1969816814","p1":"snowgust","p2":"vat of acid 1","format":"[Gen 9] National Dex Doubles","log":"|j|\u2606snowgust\n|j|\u2606vat of acid 1\n|t:|1697567602\n|gametype|doubles\n|player|p1|snowgust|266|1152\n|player|p2|vat of acid 1|170|1310\n|teamsize|p1|6\n|teamsize|p2|6\n|gen|9\n|tier|[Gen 9] National Dex Doubles\n|rated|\n|rule|HP Percentage Mod: HP is shown in percentages\n|rule|Endless Battle Clause: Forcing endless battles is banned\n|rule|OHKO Clause: OHKO moves are banned\n|rule|Evasion Moves Clause: Evasion moves are banned\n|rule|Evasion Abilities Clause: Evasion abilities are banned\n|rule|Species Clause: Limit one of each Pok\u00e9mon\n|rule|Gravity Sleep Clause: The combination of sleep-inducing moves with imperfect accuracy and Gravity or Gigantamax Orbeetle are banned\n|clearpoke\n|poke|p1|Sableye, M|\n|poke|p1|Dudunsparce-*, F|\n|poke|p1|Jirachi|\n|poke|p1|Grimmsnarl, M|\n|poke|p1|Blissey, F|\n|poke|p1|Dragonite, F|\n|poke|p2|Landorus, M|\n|poke|p2|Tornadus, M|\n|poke|p2|Chi-Yu|\n|poke|p2|Okidogi, M|\n|poke|p2|Walking Wake|\n|poke|p2|Pelipper, M|\n|teampreview\n|j| david12368\n|\n|t:|1697567616\n|start\n|switch|p1a: Sableye|Sableye, M|100\/100\n|switch|p1b: Grimmsnarl|Grimmsnarl, M|100\/100\n|switch|p2a: Tornadus|Tornadus, M|100\/100\n|switch|p2b: Okidogi|Okidogi, M|100\/100\n|turn|1\n|\n|t:|1697567632\n|move|p1b: Grimmsnarl|Fake Out|p2a: Tornadus\n|-damage|p2a: Tornadus|85\/100\n|cant|p2a: Tornadus|flinch\n|move|p1a: Sableye|Thunder Wave|p2b: Okidogi\n|-status|p2b: Okidogi|par\n|cant|p2b: Okidogi|par\n|\n|upkeep\n|turn|2\n|l| david12368\n|\n|t:|1697567661\n|move|p2a: Tornadus|Tailwind|p2a: Tornadus\n|-sidestart|p2: vat of acid 1|move: Tailwind\n|move|p1b: Grimmsnarl|Thunder Wave|p2a: Tornadus\n|-status|p2a: Tornadus|par\n|move|p1a: Sableye|Taunt|p2a: Tornadus\n|-start|p2a: Tornadus|move: Taunt\n|move|p2b: Okidogi|Poison Jab|p1b: Grimmsnarl\n|-supereffective|p1b: Grimmsnarl\n|-damage|p1b: Grimmsnarl|0 fnt\n|faint|p1b: Grimmsnarl\n|\n|upkeep\n|\n|t:|1697567673\n|switch|p1b: Dragonite|Dragonite, F|100\/100\n|turn|3\n|\n|t:|1697567682\n|move|p1a: Sableye|Confuse Ray|p2b: Okidogi\n|-start|p2b: Okidogi|confusion\n|cant|p2a: Tornadus|par\n|-activate|p2b: Okidogi|confusion\n|cant|p2b: Okidogi|par\n|move|p1b: Dragonite|Substitute|p1b: Dragonite\n|-start|p1b: Dragonite|Substitute\n|-damage|p1b: Dragonite|76\/100\n|\n|-heal|p1b: Dragonite|82\/100|[from] item: Leftovers\n|upkeep\n|turn|4\n|\n|t:|1697567705\n|move|p1a: Sableye|Confuse Ray|p2a: Tornadus\n|-start|p2a: Tornadus|confusion\n|-activate|p2a: Tornadus|confusion\n|cant|p2a: Tornadus|par\n|-end|p2b: Okidogi|confusion\n|cant|p2b: Okidogi|par\n|move|p1b: Dragonite|Tailwind|p1b: Dragonite\n|-sidestart|p1: snowgust|move: Tailwind\n|\n|-heal|p1b: Dragonite|88\/100|[from] item: Leftovers\n|upkeep\n|turn|5\n|\n|t:|1697567721\n|move|p1a: Sableye|Taunt|p2b: Okidogi\n|-start|p2b: Okidogi|move: Taunt\n|move|p1b: Dragonite|Rock Slide|p2a: Tornadus|[spread] p2a,p2b\n|-supereffective|p2a: Tornadus\n|-resisted|p2b: Okidogi\n|-damage|p2a: Tornadus|33\/100 par\n|-damage|p2b: Okidogi|93\/100 par\n|-activate|p2a: Tornadus|confusion\n|move|p2a: Tornadus|Acrobatics|p1a: Sableye\n|-damage|p1a: Sableye|51\/100\n|move|p2b: Okidogi|Knock Off|p1b: Dragonite\n|-end|p1b: Dragonite|Substitute\n|\n|-heal|p1b: Dragonite|94\/100|[from] item: Leftovers\n|-heal|p1a: Sableye|57\/100|[from] item: Leftovers\n|-end|p2a: Tornadus|move: Taunt\n|-sideend|p2: vat of acid 1|move: Tailwind\n|upkeep\n|turn|6\n|\n|t:|1697567747\n|move|p1a: Sableye|Confuse Ray|p2b: Okidogi\n|-start|p2b: Okidogi|confusion\n|move|p1b: Dragonite|Rock Slide|p2b: Okidogi|[spread] p2a,p2b\n|-supereffective|p2a: Tornadus\n|-resisted|p2b: Okidogi\n|-damage|p2a: Tornadus|0 fnt\n|-damage|p2b: Okidogi|85\/100 par\n|faint|p2a: Tornadus\n|-activate|p2b: Okidogi|confusion\n|cant|p2b: Okidogi|par\n|\n|-heal|p1b: Dragonite|100\/100|[from] item: Leftovers\n|-heal|p1a: Sableye|63\/100|[from] item: Leftovers\n|upkeep\n|\n|t:|1697567762\n|switch|p2a: Pelipper|Pelipper, M|100\/100\n|-weather|RainDance|[from] ability: Drizzle|[of] p2a: Pelipper\n|turn|7\n|\n|t:|1697567772\n|move|p1a: Sableye|Thunder Wave|p2a: Pelipper|[miss]\n|-miss|p1a: Sableye|p2a: Pelipper\n|move|p1b: Dragonite|Rock Slide|p2a: Pelipper|[spread] p2a,p2b\n|-supereffective|p2a: Pelipper\n|-resisted|p2b: Okidogi\n|-damage|p2a: Pelipper|55\/100\n|-damage|p2b: Okidogi|77\/100 par\n|move|p2a: Pelipper|Ice Beam|p1b: Dragonite\n|-supereffective|p1b: Dragonite\n|-damage|p1b: Dragonite|67\/100\n|-activate|p2b: Okidogi|confusion\n|move|p2b: Okidogi|Poison Jab|p1a: Sableye\n|-resisted|p1a: Sableye\n|-damage|p1a: Sableye|44\/100\n|-status|p1a: Sableye|psn\n|\n|-weather|RainDance|[upkeep]\n|-heal|p1b: Dragonite|73\/100|[from] item: Leftovers\n|-heal|p1a: Sableye|50\/100 psn|[from] item: Leftovers\n|-damage|p1a: Sableye|38\/100 psn|[from] psn\n|-end|p2b: Okidogi|move: Taunt\n|-sideend|p1: snowgust|move: Tailwind\n|upkeep\n|turn|8\n|\n|t:|1697567797\n|move|p1a: Sableye|Thunder Wave|p2a: Pelipper|[miss]\n|-miss|p1a: Sableye|p2a: Pelipper\n|move|p2a: Pelipper|Tailwind|p2a: Pelipper\n|-sidestart|p2: vat of acid 1|move: Tailwind\n|-activate|p2b: Okidogi|confusion\n|cant|p2b: Okidogi|par\n|move|p1b: Dragonite|Rock Slide|p2b: Okidogi|[spread] p2a,p2b\n|-supereffective|p2a: Pelipper\n|-resisted|p2b: Okidogi\n|-damage|p2a: Pelipper|12\/100\n|-damage|p2b: Okidogi|68\/100 par\n|\n|-weather|RainDance|[upkeep]\n|-heal|p1b: Dragonite|79\/100|[from] item: Leftovers\n|-heal|p1a: Sableye|44\/100 psn|[from] item: Leftovers\n|-damage|p1a: Sableye|32\/100 psn|[from] psn\n|upkeep\n|turn|9\n|\n|t:|1697567816\n|move|p1a: Sableye|Thunder Wave|p2a: Pelipper\n|-status|p2a: Pelipper|par\n|-end|p2b: Okidogi|confusion\n|move|p2b: Okidogi|Poison Jab|p1a: Sableye\n|-resisted|p1a: Sableye\n|-damage|p1a: Sableye|11\/100 psn\n|move|p2a: Pelipper|Ice Beam|p1b: Dragonite\n|-supereffective|p1b: Dragonite\n|-damage|p1b: Dragonite|14\/100\n|-status|p1b: Dragonite|frz\n|-curestatus|p1b: Dragonite|frz|[msg]\n|move|p1b: Dragonite|Tailwind|p1b: Dragonite\n|-sidestart|p1: snowgust|move: Tailwind\n|\n|-weather|RainDance|[upkeep]\n|-heal|p1b: Dragonite|20\/100|[from] item: Leftovers\n|-heal|p1a: Sableye|17\/100 psn|[from] item: Leftovers\n|-damage|p1a: Sableye|5\/100 psn|[from] psn\n|upkeep\n|turn|10\n|\n|t:|1697567848\n|move|p1a: Sableye|Confuse Ray|p2b: Okidogi\n|-start|p2b: Okidogi|confusion\n|move|p1b: Dragonite|Rock Slide|p2a: Pelipper|[spread] p2a,p2b\n|-supereffective|p2a: Pelipper\n|-resisted|p2b: Okidogi\n|-damage|p2a: Pelipper|0 fnt\n|-damage|p2b: Okidogi|60\/100 par\n|faint|p2a: Pelipper\n|cant|p2b: Okidogi|flinch\n|\n|-weather|RainDance|[upkeep]\n|-heal|p1b: Dragonite|26\/100|[from] item: Leftovers\n|-heal|p1a: Sableye|11\/100 psn|[from] item: Leftovers\n|-damage|p1a: Sableye|0 fnt|[from] psn\n|faint|p1a: Sableye\n|upkeep\n|\n|t:|1697567863\n|switch|p2a: Walking Wake|Walking Wake|100\/100\n|switch|p1a: Dudunsparce|Dudunsparce, F|100\/100\n|-enditem|p2a: Walking Wake|Booster Energy\n|-activate|p2a: Walking Wake|ability: Protosynthesis|[fromitem]\n|-start|p2a: Walking Wake|protosynthesisspa\n|turn|11\n|\n|t:|1697567875\n|move|p2a: Walking Wake|Dragon Pulse|p1b: Dragonite\n|-supereffective|p1b: Dragonite\n|-damage|p1b: Dragonite|0 fnt\n|faint|p1b: Dragonite\n|move|p1a: Dudunsparce|Coil|p1a: Dudunsparce\n|-boost|p1a: Dudunsparce|atk|1\n|-boost|p1a: Dudunsparce|def|1\n|-boost|p1a: Dudunsparce|accuracy|1\n|-activate|p2b: Okidogi|confusion\n|cant|p2b: Okidogi|par\n|\n|-weather|RainDance|[upkeep]\n|-sideend|p2: vat of acid 1|move: Tailwind\n|upkeep\n|\n|t:|1697567880\n|switch|p1b: Blissey|Blissey, F|100\/100\n|turn|12\n|\n|t:|1697567893\n|move|p1b: Blissey|Icy Wind|p2a: Walking Wake|[spread] p2a,p2b\n|-damage|p2a: Walking Wake|92\/100\n|-damage|p2b: Okidogi|53\/100 par\n|-unboost|p2a: Walking Wake|spe|1\n|-unboost|p2b: Okidogi|spe|1\n|move|p1a: Dudunsparce|Rock Slide|p2a: Walking Wake|[spread] p2a,p2b\n|-resisted|p2b: Okidogi\n|-damage|p2a: Walking Wake|65\/100\n|-damage|p2b: Okidogi|40\/100 par\n|move|p2a: Walking Wake|Weather Ball|p1b: Blissey\n|-damage|p1b: Blissey|63\/100\n|-activate|p2b: Okidogi|confusion\n|move|p2b: Okidogi|Drain Punch|p1a: Dudunsparce\n|-supereffective|p1a: Dudunsparce\n|-damage|p1a: Dudunsparce|29\/100\n|-heal|p2b: Okidogi|84\/100 par|[from] drain|[of] p1a: Dudunsparce\n|\n|-weather|RainDance|[upkeep]\n|-heal|p1b: Blissey|69\/100|[from] item: Leftovers\n|-heal|p1a: Dudunsparce|35\/100|[from] item: Leftovers\n|-sideend|p1: snowgust|move: Tailwind\n|upkeep\n|turn|13\n|\n|t:|1697567915\n|move|p1b: Blissey|Icy Wind|p2b: Okidogi|[spread] p2a,p2b\n|-damage|p2a: Walking Wake|58\/100\n|-damage|p2b: Okidogi|76\/100 par\n|-unboost|p2a: Walking Wake|spe|1\n|-unboost|p2b: Okidogi|spe|1\n|move|p1a: Dudunsparce|Rock Slide|p2a: Walking Wake|[spread] p2a,p2b\n|-resisted|p2b: Okidogi\n|-damage|p2a: Walking Wake|29\/100\n|-damage|p2b: Okidogi|64\/100 par\n|cant|p2a: Walking Wake|flinch\n|cant|p2b: Okidogi|flinch\n|\n|-weather|RainDance|[upkeep]\n|-heal|p1b: Blissey|75\/100|[from] item: Leftovers\n|-heal|p1a: Dudunsparce|41\/100|[from] item: Leftovers\n|upkeep\n|turn|14\n|\n|t:|1697567931\n|move|p1b: Blissey|Rock Slide|p2a: Walking Wake|[spread] p2a,p2b\n|-resisted|p2b: Okidogi\n|-damage|p2a: Walking Wake|25\/100\n|-damage|p2b: Okidogi|62\/100 par\n|move|p1a: Dudunsparce|Rock Slide|p2a: Walking Wake|[spread] p2a,p2b\n|-resisted|p2b: Okidogi\n|-damage|p2a: Walking Wake|0 fnt\n|-damage|p2b: Okidogi|50\/100 par\n|faint|p2a: Walking Wake\n|-end|p2a: Walking Wake|Protosynthesis|[silent]\n|-end|p2b: Okidogi|confusion\n|cant|p2b: Okidogi|par\n|\n|-weather|none\n|-heal|p1b: Blissey|81\/100|[from] item: Leftovers\n|-heal|p1a: Dudunsparce|47\/100|[from] item: Leftovers\n|upkeep\n|j| david12368\n|\n|t:|1697567945\n|switch|p2a: Landorus|Landorus, M|100\/100\n|turn|15\n|\n|t:|1697567954\n|move|p2a: Landorus|Brick Break|p1a: Dudunsparce\n|-supereffective|p1a: Dudunsparce\n|-damage|p1a: Dudunsparce|1\/100\n|-damage|p2a: Landorus|91\/100|[from] item: Life Orb\n|move|p1b: Blissey|Icy Wind|p2b: Okidogi|[spread] p2a,p2b\n|-supereffective|p2a: Landorus\n|-damage|p2a: Landorus|57\/100\n|-damage|p2b: Okidogi|42\/100 par\n|-unboost|p2a: Landorus|spe|1\n|-unboost|p2b: Okidogi|spe|1\n|move|p1a: Dudunsparce|Rock Slide|p2a: Landorus|[spread] p2a,p2b\n|-resisted|p2b: Okidogi\n|-damage|p2a: Landorus|28\/100\n|-damage|p2b: Okidogi|29\/100 par\n|cant|p2b: Okidogi|flinch\n|\n|-heal|p1b: Blissey|87\/100|[from] item: Leftovers\n|-heal|p1a: Dudunsparce|7\/100|[from] item: Leftovers\n|upkeep\n|turn|16\n|\n|t:|1697567981\n|move|p1b: Blissey|Icy Wind|p2a: Landorus|[spread] p2a\n|-miss|p1b: Blissey|p2b: Okidogi\n|-supereffective|p2a: Landorus\n|-damage|p2a: Landorus|0 fnt\n|faint|p2a: Landorus\n|move|p1a: Dudunsparce|Rock Slide|p2b: Okidogi\n|-resisted|p2b: Okidogi\n|-damage|p2b: Okidogi|11\/100 par\n|cant|p2b: Okidogi|flinch\n|\n|-heal|p1b: Blissey|93\/100|[from] item: Leftovers\n|-heal|p1a: Dudunsparce|14\/100|[from] item: Leftovers\n|upkeep\n|\n|t:|1697567993\n|switch|p2a: Chi-Yu|Chi-Yu|100\/100\n|-ability|p2a: Chi-Yu|Beads of Ruin\n|turn|17\n|\n|t:|1697568003\n|move|p2a: Chi-Yu|Fire Blast|p1b: Blissey\n|-damage|p1b: Blissey|66\/100\n|move|p1b: Blissey|Icy Wind|p2a: Chi-Yu|[spread] p2a,p2b\n|-resisted|p2a: Chi-Yu\n|-damage|p2a: Chi-Yu|97\/100\n|-damage|p2b: Okidogi|1\/100 par\n|-unboost|p2a: Chi-Yu|spe|1\n|-unboost|p2b: Okidogi|spe|1\n|move|p1a: Dudunsparce|Rock Slide|p2b: Okidogi|[spread] p2a,p2b\n|-supereffective|p2a: Chi-Yu\n|-resisted|p2b: Okidogi\n|-damage|p2a: Chi-Yu|5\/100\n|-damage|p2b: Okidogi|0 fnt\n|faint|p2b: Okidogi\n|\n|-heal|p1b: Blissey|72\/100|[from] item: Leftovers\n|-heal|p1a: Dudunsparce|20\/100|[from] item: Leftovers\n|upkeep\n|turn|18\n|-message|vat of acid 1 forfeited.\n|\n|win|snowgust\n|raw|snowgust's rating: 1152 &rarr; <strong>1188<\/strong><br \/>(+36 for winning)\n|raw|vat of acid 1's rating: 1310 &rarr; <strong>1281<\/strong><br \/>(-29 for losing)\n|l|\u2606vat of acid 1\n","uploadtime":1697568042,"views":4,"p1id":"snowgust","p2id":"vatofacid1","formatid":"gen9nationaldexdoubles","rating":1188,"private":0,"password":""}