{"id":"gen9nationaldexdoubles-1970711945","p1":"cerinocerinof","p2":"HEYY why u suck?","format":"[Gen 9] National Dex Doubles","log":"|j|\u2606cerinocerinof\n|j|\u2606HEYY why u suck?\n|t:|1697660317\n|gametype|doubles\n|player|p1|cerinocerinof|lucian|1239\n|player|p2|HEYY why u suck?|youngster-gen4dp|1104\n|teamsize|p1|6\n|teamsize|p2|6\n|gen|9\n|tier|[Gen 9] National Dex Doubles\n|rated|\n|rule|HP Percentage Mod: HP is shown in percentages\n|rule|Endless Battle Clause: Forcing endless battles is banned\n|rule|OHKO Clause: OHKO moves are banned\n|rule|Evasion Moves Clause: Evasion moves are banned\n|rule|Evasion Abilities Clause: Evasion abilities are banned\n|rule|Species Clause: Limit one of each Pok\u00e9mon\n|rule|Gravity Sleep Clause: The combination of sleep-inducing moves with imperfect accuracy and Gravity or Gigantamax Orbeetle are banned\n|clearpoke\n|poke|p1|Lucario, M|\n|poke|p1|Persian-Alola, M|\n|poke|p1|Pelipper, F|\n|poke|p1|Sinistcha-Masterpiece|\n|poke|p1|Iron Hands|\n|poke|p1|Milotic, F|\n|poke|p2|Indeedee, M|\n|poke|p2|Regieleki|\n|poke|p2|Meowscarada, M|\n|poke|p2|Spectrier|\n|poke|p2|Murkrow, F|\n|poke|p2|Shuckle, M|\n|teampreview\n|inactive|Battle timer is ON: inactive players will automatically lose when time's up. (requested by HEYY why u suck?)\n|\n|t:|1697660331\n|start\n|switch|p1a: Iron Hands|Iron Hands|100\/100\n|switch|p1b: Milotic|Milotic, F|100\/100\n|switch|p2a: Murkrow|Murkrow, F|100\/100\n|switch|p2b: Shuckle|Shuckle, M|100\/100\n|turn|1\n|\n|t:|1697660344\n|move|p1a: Iron Hands|Fake Out|p2b: Shuckle\n|-resisted|p2b: Shuckle\n|-damage|p2b: Shuckle|96\/100\n|move|p2a: Murkrow|Perish Song|p2a: Murkrow\n|-start|p1a: Iron Hands|perish3|[silent]\n|-start|p1b: Milotic|perish3|[silent]\n|-start|p2a: Murkrow|perish3|[silent]\n|-start|p2b: Shuckle|perish3|[silent]\n|-fieldactivate|move: Perish Song\n|move|p1b: Milotic|Coil|p1b: Milotic\n|-boost|p1b: Milotic|atk|1\n|-boost|p1b: Milotic|def|1\n|-boost|p1b: Milotic|accuracy|1\n|cant|p2b: Shuckle|flinch\n|\n|-start|p2a: Murkrow|perish3\n|-start|p1b: Milotic|perish3\n|-start|p1a: Iron Hands|perish3\n|-start|p2b: Shuckle|perish3\n|upkeep\n|turn|2\n|\n|t:|1697660363\n|move|p2a: Murkrow|Haze|p2a: Murkrow\n|-clearallboost\n|move|p1b: Milotic|Hypnosis|p2b: Shuckle\n|-status|p2b: Shuckle|slp|[from] move: Hypnosis\n|move|p1a: Iron Hands|Thunder Punch|p2a: Murkrow\n|-supereffective|p2a: Murkrow\n|-enditem|p2a: Murkrow|Focus Sash\n|-damage|p2a: Murkrow|1\/100\n|cant|p2b: Shuckle|slp\n|\n|-start|p2a: Murkrow|perish2\n|-start|p1b: Milotic|perish2\n|-start|p1a: Iron Hands|perish2\n|-start|p2b: Shuckle|perish2\n|upkeep\n|turn|3\n|\n|t:|1697660384\n|move|p2a: Murkrow|Taunt|p1b: Milotic\n|-start|p1b: Milotic|move: Taunt\n|move|p1b: Milotic|Muddy Water|p2b: Shuckle|[spread] \n|-miss|p1b: Milotic|p2a: Murkrow\n|-miss|p1b: Milotic|p2b: Shuckle\n|move|p1a: Iron Hands|Drain Punch|p2b: Shuckle\n|-damage|p2b: Shuckle|71\/100 slp\n|cant|p2b: Shuckle|slp\n|\n|-start|p2a: Murkrow|perish1\n|-start|p1b: Milotic|perish1\n|-start|p1a: Iron Hands|perish1\n|-start|p2b: Shuckle|perish1\n|upkeep\n|turn|4\n|\n|t:|1697660415\n|switch|p1b: Persian|Persian-Alola, M|100\/100\n|-end|p1a: Iron Hands|Quark Drive|[silent]\n|switch|p1a: Lucario|Lucario, M|100\/100\n|move|p2a: Murkrow|Taunt|p1b: Persian\n|-hint|Since gen 7, Dark is immune to Prankster moves.\n|-immune|p1b: Persian\n|cant|p2b: Shuckle|slp\n|\n|-start|p2a: Murkrow|perish0\n|-start|p2b: Shuckle|perish0\n|upkeep\n|faint|p2a: Murkrow\n|faint|p2b: Shuckle\n|inactive|HEYY why u suck? has 120 seconds left.\n|\n|t:|1697660454\n|switch|p2a: Meowscarada|Meowscarada, M|100\/100\n|switch|p2b: Regieleki|Regieleki|100\/100\n|turn|5\n|\n|t:|1697660476\n|move|p2a: Meowscarada|U-turn|p1b: Persian\n|-start|p2a: Meowscarada|typechange|Bug|[from] ability: Protean\n|-supereffective|p1b: Persian\n|-damage|p1b: Persian|0 fnt\n|faint|p1b: Persian\n|\n|t:|1697660484\n|switch|p2a: Spectrier|Spectrier|100\/100|[from] U-turn\n|move|p2b: Regieleki|Thunderbolt|p1a: Lucario\n|-damage|p1a: Lucario|14\/100\n|-enditem|p1a: Lucario|Figy Berry|[eat]\n|-heal|p1a: Lucario|47\/100|[from] item: Figy Berry\n|move|p1a: Lucario|Agility|p1a: Lucario\n|-boost|p1a: Lucario|spe|2\n|\n|upkeep\n|\n|t:|1697660497\n|switch|p1b: Sinistcha|Sinistcha-Masterpiece|100\/100\n|-heal|p1a: Lucario|72\/100|[from] ability: Hospitality|[of] p1b: Sinistcha\n|turn|6\n|inactive|HEYY why u suck? has 120 seconds left.\n|\n|t:|1697660512\n|switch|p1b: Iron Hands|Iron Hands|100\/100\n|move|p1a: Lucario|Crunch|p2a: Spectrier\n|-supereffective|p2a: Spectrier\n|-damage|p2a: Spectrier|29\/100\n|move|p2b: Regieleki|Thunderbolt|p1a: Lucario\n|-damage|p1a: Lucario|0 fnt\n|faint|p1a: Lucario\n|move|p2a: Spectrier|Shadow Ball|p1b: Iron Hands\n|-damage|p1b: Iron Hands|78\/100\n|-unboost|p1b: Iron Hands|spd|1\n|\n|upkeep\n|\n|t:|1697660529\n|switch|p1a: Milotic|Milotic, F|100\/100\n|turn|7\n|inactive|HEYY why u suck? has 120 seconds left.\n|\n|t:|1697660567\n|move|p1b: Iron Hands|Fake Out|p2b: Regieleki\n|-damage|p2b: Regieleki|73\/100\n|cant|p2b: Regieleki|flinch\n|move|p2a: Spectrier|Shadow Ball|p1a: Milotic\n|-damage|p1a: Milotic|74\/100\n|move|p1a: Milotic|Coil|p1a: Milotic\n|-boost|p1a: Milotic|atk|1\n|-boost|p1a: Milotic|def|1\n|-boost|p1a: Milotic|accuracy|1\n|\n|-heal|p1a: Milotic|80\/100|[from] item: Leftovers\n|upkeep\n|turn|8\n|\n|t:|1697660591\n|-terastallize|p1a: Milotic|Grass\n|move|p2b: Regieleki|Electro Ball|p1a: Milotic\n|-resisted|p1a: Milotic\n|-damage|p1a: Milotic|65\/100\n|move|p2a: Spectrier|Psychic|p1a: Milotic\n|-damage|p1a: Milotic|43\/100\n|move|p1a: Milotic|Coil|p1a: Milotic\n|-boost|p1a: Milotic|atk|1\n|-boost|p1a: Milotic|def|1\n|-boost|p1a: Milotic|accuracy|1\n|move|p1b: Iron Hands|Thunder Punch|p2a: Spectrier\n|-damage|p2a: Spectrier|0 fnt\n|faint|p2a: Spectrier\n|\n|-heal|p1a: Milotic|49\/100|[from] item: Leftovers\n|upkeep\n|inactive|HEYY why u suck? has 120 seconds left.\n|\n|t:|1697660616\n|switch|p2a: Indeedee|Indeedee, M|100\/100\n|-fieldstart|move: Psychic Terrain|[from] ability: Psychic Surge|[of] p2a: Indeedee\n|turn|9\n|inactive|HEYY why u suck? has 120 seconds left.\n|\n|t:|1697660636\n|-end|p1b: Iron Hands|Quark Drive|[silent]\n|switch|p1b: Sinistcha|Sinistcha-Masterpiece|100\/100\n|-heal|p1a: Milotic|74\/100|[from] ability: Hospitality|[of] p1b: Sinistcha\n|-terastallize|p2a: Indeedee|Psychic\n|move|p2b: Regieleki|Electro Ball|p1a: Milotic\n|-resisted|p1a: Milotic\n|-damage|p1a: Milotic|58\/100\n|move|p2a: Indeedee|Expanding Force|p1b: Sinistcha|[spread] p1a,p1b\n|-damage|p1a: Milotic|15\/100\n|-damage|p1b: Sinistcha|21\/100\n|move|p1a: Milotic|Hypnosis|p2b: Regieleki\n|-status|p2b: Regieleki|slp|[from] move: Hypnosis\n|\n|-heal|p1a: Milotic|21\/100|[from] item: Leftovers\n|upkeep\n|turn|10\n|inactive|cerinocerinof has 120 seconds left.\n|inactive|cerinocerinof has 90 seconds left.\n|inactive|cerinocerinof has 60 seconds left.\n|j| Commentator voice\n|inactive|cerinocerinof has 30 seconds left.\n|inactive|cerinocerinof has 20 seconds left.\n|c| Commentator voice|Hahahah cerinocerinof immobilised, doesn't know what to do\n|inactive|cerinocerinof has 15 seconds left.\n|inactive|cerinocerinof has 10 seconds left.\n|inactive|cerinocerinof has 5 seconds left.\n|c| Commentator voice|immobilised by fear\n|-message|cerinocerinof lost due to inactivity.\n|\n|win|HEYY why u suck?\n|raw|cerinocerinof's rating: 1239 &rarr; <strong>1205<\/strong><br \/>(-34 for losing)\n|raw|HEYY why u suck?'s rating: 1104 &rarr; <strong>1138<\/strong><br \/>(+34 for winning)\n|c| Commentator voice|don't be mad cerinocerinof\n","uploadtime":1697660790,"views":6,"p1id":"cerinocerinof","p2id":"heyywhyusuck","formatid":"gen9nationaldexdoubles","rating":1138,"private":0,"password":""}