{"id":"gen9nationaldexdoubles-1971759284","p1":"trnchi","p2":"MAF1001","format":"[Gen 9] National Dex Doubles","log":"|j|\u2606trnchi\n|j|\u2606MAF1001\n|t:|1697768926\n|gametype|doubles\n|player|p1|trnchi|266|\n|player|p2|MAF1001|unknown|\n|teamsize|p1|6\n|teamsize|p2|6\n|gen|9\n|tier|[Gen 9] National Dex Doubles\n|rule|HP Percentage Mod: HP is shown in percentages\n|rule|Endless Battle Clause: Forcing endless battles is banned\n|rule|OHKO Clause: OHKO moves are banned\n|rule|Evasion Moves Clause: Evasion moves are banned\n|rule|Evasion Abilities Clause: Evasion abilities are banned\n|rule|Species Clause: Limit one of each Pok\u00e9mon\n|rule|Gravity Sleep Clause: The combination of sleep-inducing moves with imperfect accuracy and Gravity or Gigantamax Orbeetle are banned\n|clearpoke\n|poke|p1|Bulbasaur, F|\n|poke|p1|Torchic, M|\n|poke|p1|Mudkip, M|\n|poke|p1|Litten, F|\n|poke|p1|Pichu, M|\n|poke|p1|Riolu, F|\n|poke|p2|Grookey, F|\n|poke|p2|Froakie, F|\n|poke|p2|Rowlet, M|\n|poke|p2|Riolu, F|\n|poke|p2|Pichu, M|\n|poke|p2|Litten, M|\n|teampreview\n|\n|t:|1697768972\n|start\n|switch|p1a: Pichu|Pichu, M|100\/100\n|switch|p1b: Bulbasaur|Bulbasaur, F|100\/100\n|switch|p2a: Grookey|Grookey, F|100\/100\n|switch|p2b: Litten|Litten, M|100\/100\n|-ability|p2b: Litten|Intimidate|boost\n|-unboost|p1a: Pichu|atk|1\n|-unboost|p1b: Bulbasaur|atk|1\n|-item|p2b: Litten|Air Balloon\n|-fieldstart|move: Grassy Terrain|[from] ability: Grassy Surge|[of] p2a: Grookey\n|turn|1\n|\n|t:|1697768993\n|move|p1a: Pichu|Fake Out|p2b: Litten\n|-damage|p2b: Litten|85\/100\n|-enditem|p2b: Litten|Air Balloon\n|move|p2a: Grookey|Fake Out|p1a: Pichu\n|-damage|p1a: Pichu|8\/100\n|-damage|p2a: Grookey|91\/100|[from] item: Life Orb\n|cant|p2b: Litten|flinch\n|move|p1b: Bulbasaur|Leech Seed|p2b: Litten\n|-start|p2b: Litten|move: Leech Seed\n|\n|-heal|p2b: Litten|91\/100|[from] Grassy Terrain\n|-heal|p1a: Pichu|14\/100|[from] Grassy Terrain\n|-heal|p2a: Grookey|97\/100|[from] Grassy Terrain\n|-damage|p2b: Litten|79\/100|[from] Leech Seed|[of] p1b: Bulbasaur\n|upkeep\n|turn|2\n|\n|t:|1697769019\n|move|p2a: Grookey|Grassy Glide|p1a: Pichu\n|-damage|p1a: Pichu|0 fnt\n|faint|p1a: Pichu\n|-damage|p2a: Grookey|87\/100|[from] item: Life Orb\n|move|p2b: Litten|Parting Shot|p1b: Bulbasaur\n|-unboost|p1b: Bulbasaur|atk|1\n|-unboost|p1b: Bulbasaur|spa|1\n|\n|t:|1697769029\n|switch|p2b: Riolu|Riolu, F|100\/100|[from] Parting Shot\n|move|p1b: Bulbasaur|Sludge Bomb|p2a: Grookey\n|-supereffective|p2a: Grookey\n|-damage|p2a: Grookey|0 fnt\n|faint|p2a: Grookey\n|\n|upkeep\n|\n|t:|1697769056\n|switch|p1a: Torchic|Torchic, M|100\/100\n|switch|p2a: Litten|Litten, M|79\/100\n|-ability|p2a: Litten|Intimidate|boost\n|-unboost|p1a: Torchic|atk|1\n|-unboost|p1b: Bulbasaur|atk|1\n|turn|3\n|\n|t:|1697769093\n|switch|p2b: Froakie|Froakie, F|100\/100\n|-terastallize|p1b: Bulbasaur|Water\n|move|p2a: Litten|Flamethrower|p1b: Bulbasaur\n|-resisted|p1b: Bulbasaur\n|-damage|p1b: Bulbasaur|74\/100\n|move|p1a: Torchic|Flamethrower|p2b: Froakie\n|-resisted|p2b: Froakie\n|-damage|p2b: Froakie|66\/100\n|-damage|p1a: Torchic|91\/100|[from] item: Life Orb\n|move|p1b: Bulbasaur|Leech Seed|p2a: Litten\n|-start|p2a: Litten|move: Leech Seed\n|\n|-heal|p2b: Froakie|72\/100|[from] Grassy Terrain\n|-heal|p2a: Litten|85\/100|[from] Grassy Terrain\n|-heal|p1a: Torchic|97\/100|[from] Grassy Terrain\n|-heal|p1b: Bulbasaur|80\/100|[from] Grassy Terrain\n|-heal|p1b: Bulbasaur|86\/100|[from] item: Leftovers\n|-damage|p2a: Litten|72\/100|[from] Leech Seed|[of] p1b: Bulbasaur\n|-heal|p1b: Bulbasaur|97\/100|[silent]\n|-ability|p1a: Torchic|Speed Boost|boost\n|-boost|p1a: Torchic|spe|1\n|upkeep\n|turn|4\n|\n|t:|1697769125\n|move|p2b: Froakie|Grass Knot|p1b: Bulbasaur\n|-start|p2b: Froakie|typechange|Grass|[from] ability: Protean\n|-supereffective|p1b: Bulbasaur\n|-damage|p1b: Bulbasaur|69\/100\n|move|p2a: Litten|Parting Shot|p1b: Bulbasaur\n|-unboost|p1b: Bulbasaur|atk|1\n|-unboost|p1b: Bulbasaur|spa|1\n|\n|t:|1697769143\n|switch|p2a: Rowlet|Rowlet, M|100\/100|[from] Parting Shot\n|move|p1a: Torchic|Flamethrower|p2a: Rowlet\n|-supereffective|p2a: Rowlet\n|-enditem|p2a: Rowlet|Focus Sash\n|-damage|p2a: Rowlet|1\/100\n|-damage|p1a: Torchic|87\/100|[from] item: Life Orb\n|move|p1b: Bulbasaur|Sludge Bomb|p2b: Froakie\n|-supereffective|p2b: Froakie\n|-damage|p2b: Froakie|23\/100\n|\n|-heal|p2b: Froakie|30\/100|[from] Grassy Terrain\n|-heal|p1a: Torchic|93\/100|[from] Grassy Terrain\n|-heal|p1b: Bulbasaur|75\/100|[from] Grassy Terrain\n|-heal|p1b: Bulbasaur|81\/100|[from] item: Leftovers\n|-ability|p1a: Torchic|Speed Boost|boost\n|-boost|p1a: Torchic|spe|1\n|upkeep\n|turn|5\n|\n|t:|1697769174\n|move|p2a: Rowlet|Shadow Sneak|p1a: Torchic\n|-crit|p1a: Torchic\n|-damage|p1a: Torchic|66\/100\n|move|p1a: Torchic|Heat Wave|p2a: Rowlet|[spread] p2a,p2b\n|-supereffective|p2a: Rowlet\n|-supereffective|p2b: Froakie\n|-damage|p2a: Rowlet|0 fnt\n|-damage|p2b: Froakie|0 fnt\n|faint|p2a: Rowlet\n|faint|p2b: Froakie\n|-damage|p1a: Torchic|56\/100|[from] item: Life Orb\n|move|p1b: Bulbasaur|Giga Drain|p2: Rowlet|[notarget]\n|-fail|p1b: Bulbasaur\n|\n|-heal|p1a: Torchic|62\/100|[from] Grassy Terrain\n|-heal|p1b: Bulbasaur|88\/100|[from] Grassy Terrain\n|-heal|p1b: Bulbasaur|94\/100|[from] item: Leftovers\n|-fieldend|move: Grassy Terrain\n|-ability|p1a: Torchic|Speed Boost|boost\n|-boost|p1a: Torchic|spe|1\n|upkeep\n|\n|t:|1697769193\n|switch|p2b: Riolu|Riolu, F|100\/100\n|switch|p2a: Pichu|Pichu, M|100\/100\n|turn|6\n|\n|t:|1697769215\n|move|p1a: Torchic|Heat Wave|p2a: Pichu|[spread] p2a\n|-miss|p1a: Torchic|p2b: Riolu\n|-damage|p2a: Pichu|0 fnt\n|faint|p2a: Pichu\n|-damage|p1a: Torchic|52\/100|[from] item: Life Orb\n|move|p2b: Riolu|Drain Punch|p1b: Bulbasaur\n|-damage|p1b: Bulbasaur|41\/100\n|move|p1b: Bulbasaur|Leech Seed|p2b: Riolu\n|-start|p2b: Riolu|move: Leech Seed\n|\n|-heal|p1b: Bulbasaur|47\/100|[from] item: Leftovers\n|-damage|p2b: Riolu|88\/100|[from] Leech Seed|[of] p1b: Bulbasaur\n|-heal|p1b: Bulbasaur|57\/100|[silent]\n|-ability|p1a: Torchic|Speed Boost|boost\n|-boost|p1a: Torchic|spe|1\n|upkeep\n|\n|t:|1697769229\n|switch|p2a: Litten|Litten, M|72\/100\n|-ability|p2a: Litten|Intimidate|boost\n|-unboost|p1a: Torchic|atk|1\n|-unboost|p1b: Bulbasaur|atk|1\n|turn|7\n|\n|t:|1697769256\n|-terastallize|p2a: Litten|Dragon\n|move|p2b: Riolu|Howl|p2b: Riolu|[spread] p2a,p2b\n|-boost|p2a: Litten|atk|1\n|-boost|p2b: Riolu|atk|1\n|move|p1a: Torchic|Flamethrower|p2b: Riolu\n|-damage|p2b: Riolu|12\/100\n|-damage|p1a: Torchic|42\/100|[from] item: Life Orb\n|move|p2a: Litten|Hidden Power|p1b: Bulbasaur\n|-supereffective|p1b: Bulbasaur\n|-damage|p1b: Bulbasaur|15\/100\n|move|p1b: Bulbasaur|Leech Seed|p2a: Litten|[miss]\n|-miss|p1b: Bulbasaur|p2a: Litten\n|\n|-heal|p1b: Bulbasaur|21\/100|[from] item: Leftovers\n|-damage|p2b: Riolu|0 fnt|[from] Leech Seed|[of] p1b: Bulbasaur\n|-heal|p1b: Bulbasaur|31\/100|[silent]\n|faint|p2b: Riolu\n|-ability|p1a: Torchic|Speed Boost|boost\n|-boost|p1a: Torchic|spe|1\n|upkeep\n|turn|8\n|\n|t:|1697769278\n|move|p1a: Torchic|Flamethrower|p2a: Litten\n|-resisted|p2a: Litten\n|-damage|p2a: Litten|25\/100\n|-damage|p1a: Torchic|32\/100|[from] item: Life Orb\n|move|p2a: Litten|Flamethrower|p1a: Torchic\n|-resisted|p1a: Torchic\n|-damage|p1a: Torchic|0 fnt\n|faint|p1a: Torchic\n|move|p1b: Bulbasaur|Sludge Bomb|p2a: Litten\n|-damage|p2a: Litten|0 fnt\n|faint|p2a: Litten\n|\n|win|trnchi\n|c|\u2606MAF1001|gg\n|l|\u2606MAF1001\n","uploadtime":1697769304,"views":7,"p1id":"trnchi","p2id":"maf1001","formatid":"gen9nationaldexdoubles","rating":0,"private":0,"password":""}