{"id":"gen9nationaldexdoubles-1984277183","p1":"pd wogus","p2":"yotakca","format":"[Gen 9] National Dex Doubles","log":"|j|\u2606pd wogus\n|j|\u2606yotakca\n|t:|1699238037\n|gametype|doubles\n|player|p1|pd wogus|dawn|1079\n|player|p2|yotakca|flannery|1104\n|teamsize|p1|6\n|teamsize|p2|6\n|gen|9\n|tier|[Gen 9] National Dex Doubles\n|rated|\n|rule|HP Percentage Mod: HP is shown in percentages\n|rule|Endless Battle Clause: Forcing endless battles is banned\n|rule|OHKO Clause: OHKO moves are banned\n|rule|Evasion Moves Clause: Evasion moves are banned\n|rule|Evasion Abilities Clause: Evasion abilities are banned\n|rule|Species Clause: Limit one of each Pok\u00e9mon\n|rule|Gravity Sleep Clause: The combination of sleep-inducing moves with imperfect accuracy and Gravity or Gigantamax Orbeetle are banned\n|clearpoke\n|poke|p1|Venusaur, M|\n|poke|p1|Hitmontop, M|\n|poke|p1|Torkoal, M|\n|poke|p1|Whimsicott, M|\n|poke|p1|Walking Wake|\n|poke|p1|Rillaboom, M|\n|poke|p2|Turtonator, M|\n|poke|p2|Cofagrigus, M|\n|poke|p2|Palafin, F|\n|poke|p2|Rotom-Mow|\n|poke|p2|Great Tusk|\n|poke|p2|Ninetales-Alola, F|\n|teampreview\n|inactive|Battle timer is ON: inactive players will automatically lose when time's up. (requested by pd wogus)\n|c|\u2606pd wogus|Glhf\n|\n|t:|1699238060\n|start\n|switch|p1a: Hitmontop|Hitmontop, M|100\/100\n|switch|p1b: Torkoal|Torkoal, M|100\/100\n|switch|p2a: Turtonator|Turtonator, M|100\/100\n|switch|p2b: Cofagrigus|Cofagrigus, M|100\/100\n|-ability|p1a: Hitmontop|Intimidate|boost\n|-unboost|p2a: Turtonator|atk|1\n|-unboost|p2b: Cofagrigus|atk|1\n|-weather|SunnyDay|[from] ability: Drought|[of] p1b: Torkoal\n|turn|1\n|j| Mexzoto\n|l| Mexzoto\n|\n|t:|1699238082\n|move|p1a: Hitmontop|Fake Out|p2a: Turtonator\n|-damage|p2a: Turtonator|92\/100\n|-damage|p1a: Hitmontop|84\/100|[from] item: Rocky Helmet|[of] p2a: Turtonator\n|cant|p2a: Turtonator|flinch\n|move|p2b: Cofagrigus|Trick|p1a: Hitmontop\n|-activate|p2b: Cofagrigus|move: Trick|[of] p1a: Hitmontop\n|-item|p1a: Hitmontop|Choice Specs|[from] move: Trick\n|-item|p2b: Cofagrigus|Sitrus Berry|[from] move: Trick\n|move|p1b: Torkoal|Eruption|p2b: Cofagrigus|[spread] p2a,p2b\n|-resisted|p2a: Turtonator\n|-damage|p2a: Turtonator|67\/100\n|-damage|p2b: Cofagrigus|12\/100\n|-enditem|p2b: Cofagrigus|Sitrus Berry|[eat]\n|-heal|p2b: Cofagrigus|37\/100|[from] item: Sitrus Berry\n|\n|-weather|SunnyDay|[upkeep]\n|upkeep\n|turn|2\n|\n|t:|1699238098\n|move|p1b: Torkoal|Protect|p1b: Torkoal\n|-singleturn|p1b: Torkoal|Protect\n|move|p1a: Hitmontop|Close Combat|p2a: Turtonator\n|-damage|p2a: Turtonator|26\/100\n|-unboost|p1a: Hitmontop|def|1\n|-unboost|p1a: Hitmontop|spd|1\n|-damage|p1a: Hitmontop|68\/100|[from] item: Rocky Helmet|[of] p2a: Turtonator\n|move|p2a: Turtonator|Shell Smash|p2a: Turtonator\n|-unboost|p2a: Turtonator|def|1\n|-unboost|p2a: Turtonator|spd|1\n|-boost|p2a: Turtonator|atk|2\n|-boost|p2a: Turtonator|spa|2\n|-boost|p2a: Turtonator|spe|2\n|move|p2b: Cofagrigus|Trick Room|p2b: Cofagrigus\n|-fieldstart|move: Trick Room|[of] p2b: Cofagrigus\n|\n|-weather|SunnyDay|[upkeep]\n|upkeep\n|turn|3\n|\n|t:|1699238121\n|switch|p1a: Rillaboom|Rillaboom, M|100\/100\n|-fieldstart|move: Grassy Terrain|[from] ability: Grassy Surge|[of] p1a: Rillaboom\n|move|p1b: Torkoal|Eruption|p2b: Cofagrigus|[spread] p2a,p2b\n|-resisted|p2a: Turtonator\n|-damage|p2a: Turtonator|0 fnt\n|-damage|p2b: Cofagrigus|0 fnt\n|faint|p2a: Turtonator\n|faint|p2b: Cofagrigus\n|\n|-weather|SunnyDay|[upkeep]\n|upkeep\n|\n|t:|1699238133\n|switch|p2b: Great Tusk|Great Tusk|100\/100\n|switch|p2a: Palafin|Palafin, F|100\/100\n|-activate|p2b: Great Tusk|ability: Protosynthesis\n|-start|p2b: Great Tusk|protosynthesisspe\n|turn|4\n|\n|t:|1699238141\n|-terastallize|p1b: Torkoal|Fire\n|move|p1a: Rillaboom|Fake Out|p2a: Palafin\n|-damage|p2a: Palafin|81\/100\n|move|p1b: Torkoal|Eruption|p2a: Palafin|[spread] p2a,p2b\n|-resisted|p2a: Palafin\n|-damage|p2a: Palafin|0 fnt\n|-damage|p2b: Great Tusk|0 fnt\n|faint|p2a: Palafin\n|faint|p2b: Great Tusk\n|-end|p2b: Great Tusk|Protosynthesis|[silent]\n|\n|-weather|SunnyDay|[upkeep]\n|upkeep\n|\n|t:|1699238148\n|switch|p2b: Ninetales|Ninetales-Alola, F|100\/100\n|switch|p2a: Rotom|Rotom-Mow|100\/100\n|-weather|Snow|[from] ability: Snow Warning|[of] p2b: Ninetales\n|turn|5\n|\n|t:|1699238169\n|-terastallize|p2b: Ninetales|Water\n|move|p1a: Rillaboom|Grassy Glide|p2b: Ninetales\n|-supereffective|p2b: Ninetales\n|-damage|p2b: Ninetales|0 fnt\n|faint|p2b: Ninetales\n|move|p1b: Torkoal|Eruption|p2a: Rotom\n|-supereffective|p2a: Rotom\n|-damage|p2a: Rotom|0 fnt\n|faint|p2a: Rotom\n|\n|win|pd wogus\n|raw|pd wogus's rating: 1079 &rarr; <strong>1109<\/strong><br \/>(+30 for winning)\n|raw|yotakca's rating: 1104 &rarr; <strong>1077<\/strong><br \/>(-27 for losing)\n|l|\u2606yotakca\n","uploadtime":1699238180,"views":6,"p1id":"pdwogus","p2id":"yotakca","formatid":"gen9nationaldexdoubles","rating":1077,"private":0,"password":""}