{"id":"gen9nationaldexdoubles-1983542239","p1":"speedcuber05","p2":"fumbari 24","format":"[Gen 9] National Dex Doubles","log":"|j|\u2606speedcuber05\n|j|\u2606fumbari 24\n|t:|1699141461\n|gametype|doubles\n|player|p1|speedcuber05|giovanni|1323\n|player|p2|fumbari 24|hilbert|1460\n|teamsize|p1|6\n|teamsize|p2|6\n|gen|9\n|tier|[Gen 9] National Dex Doubles\n|rated|\n|rule|HP Percentage Mod: HP is shown in percentages\n|rule|Endless Battle Clause: Forcing endless battles is banned\n|rule|OHKO Clause: OHKO moves are banned\n|rule|Evasion Moves Clause: Evasion moves are banned\n|rule|Evasion Abilities Clause: Evasion abilities are banned\n|rule|Species Clause: Limit one of each Pok\u00e9mon\n|rule|Gravity Sleep Clause: The combination of sleep-inducing moves with imperfect accuracy and Gravity or Gigantamax Orbeetle are banned\n|clearpoke\n|poke|p1|Charizard, M|\n|poke|p1|Metagross|\n|poke|p1|Porygon2|\n|poke|p1|Walking Wake|\n|poke|p1|Flutter Mane|\n|poke|p1|Slither Wing|\n|poke|p2|Enamorus, F|\n|poke|p2|Tapu Koko|\n|poke|p2|Sableye, M|\n|poke|p2|Wyrdeer, M|\n|poke|p2|Heracross, M|\n|poke|p2|Gastrodon, M|\n|teampreview\n|\n|t:|1699141479\n|start\n|switch|p1a: Charizard|Charizard, M|100\/100\n|switch|p1b: Flutter Mane|Flutter Mane|100\/100\n|switch|p2a: Yami|Sableye, M|100\/100\n|switch|p2b: Raijin|Tapu Koko, shiny|100\/100\n|-fieldstart|move: Electric Terrain|[from] ability: Electric Surge|[of] p2b: Raijin\n|turn|1\n|inactive|Battle timer is ON: inactive players will automatically lose when time's up. (requested by fumbari 24)\n|\n|t:|1699141520\n|detailschange|p1a: Charizard|Charizard-Mega-Y, M\n|-mega|p1a: Charizard|Charizard|Charizardite Y\n|-weather|SunnyDay|[from] ability: Drought|[of] p1a: Charizard\n|-activate|p1b: Flutter Mane|ability: Protosynthesis\n|-start|p1b: Flutter Mane|protosynthesisspe\n|move|p2a: Yami|Fake Out|p1a: Charizard\n|-damage|p1a: Charizard|90\/100\n|move|p1b: Flutter Mane|Dazzling Gleam|p2b: Raijin|[spread] p2a,p2b\n|-supereffective|p2a: Yami\n|-damage|p2a: Yami|0 fnt\n|-damage|p2b: Raijin|56\/100\n|faint|p2a: Yami\n|move|p2b: Raijin|Electroweb|p1b: Flutter Mane|[spread] p1a,p1b\n|-supereffective|p1a: Charizard\n|-damage|p1a: Charizard|49\/100\n|-damage|p1b: Flutter Mane|84\/100\n|-unboost|p1a: Charizard|spe|1\n|-unboost|p1b: Flutter Mane|spe|1\n|cant|p1a: Charizard|flinch\n|\n|-weather|SunnyDay|[upkeep]\n|upkeep\n|inactive|fumbari 24 has 120 seconds left.\n|\n|t:|1699141555\n|switch|p2a: Stoick|Wyrdeer, M|100\/100\n|-ability|p2a: Stoick|Intimidate|boost\n|-unboost|p1a: Charizard|atk|1\n|-unboost|p1b: Flutter Mane|atk|1\n|turn|2\n|\n|t:|1699141570\n|move|p2b: Raijin|Volt Switch|p1a: Charizard\n|-supereffective|p1a: Charizard\n|-damage|p1a: Charizard|0 fnt\n|faint|p1a: Charizard\n|\n|t:|1699141576\n|switch|p2b: Shelldon|Gastrodon, M|100\/100|[from] Volt Switch\n|move|p1b: Flutter Mane|Dazzling Gleam|p2a: Stoick|[spread] p2a,p2b\n|-damage|p2a: Stoick|70\/100\n|-damage|p2b: Shelldon|63\/100\n|move|p2a: Stoick|Trick Room|p2a: Stoick\n|-fieldstart|move: Trick Room|[of] p2a: Stoick\n|\n|-weather|SunnyDay|[upkeep]\n|upkeep\n|\n|t:|1699141587\n|switch|p1a: Porygon2|Porygon2, shiny|100\/100\n|turn|3\n|\n|t:|1699141596\n|move|p2b: Shelldon|Recover|p2b: Shelldon\n|-heal|p2b: Shelldon|100\/100\n|move|p2a: Stoick|Psyshield Bash|p1b: Flutter Mane\n|-damage|p1b: Flutter Mane|55\/100\n|-boost|p2a: Stoick|def|1\n|move|p1a: Porygon2|Ice Beam|p2b: Shelldon\n|-damage|p2b: Shelldon|74\/100\n|move|p1b: Flutter Mane|Dazzling Gleam|p2b: Shelldon|[spread] p2a,p2b\n|-damage|p2a: Stoick|33\/100\n|-damage|p2b: Shelldon|38\/100\n|\n|-weather|SunnyDay|[upkeep]\n|upkeep\n|turn|4\n|\n|t:|1699141612\n|move|p2b: Shelldon|Earth Power|p1b: Flutter Mane\n|-crit|p1b: Flutter Mane\n|-damage|p1b: Flutter Mane|14\/100\n|move|p2a: Stoick|Psyshield Bash|p1b: Flutter Mane|[miss]\n|-miss|p2a: Stoick|p1b: Flutter Mane\n|move|p1a: Porygon2|Tri Attack|p2b: Shelldon\n|-damage|p2b: Shelldon|1\/100\n|move|p1b: Flutter Mane|Dazzling Gleam|p2b: Shelldon|[spread] p2a,p2b\n|-damage|p2a: Stoick|0 fnt\n|-damage|p2b: Shelldon|0 fnt\n|faint|p2a: Stoick\n|faint|p2b: Shelldon\n|\n|-weather|SunnyDay|[upkeep]\n|upkeep\n|\n|t:|1699141621\n|switch|p2b: Heracles|Heracross, M|100\/100\n|switch|p2a: Genbu|Enamorus, F|100\/100\n|turn|5\n|\n|t:|1699141632\n|detailschange|p2b: Heracles|Heracross-Mega, M\n|-mega|p2b: Heracles|Heracross|Heracronite\n|move|p2a: Genbu|Protect|p2a: Genbu\n|-singleturn|p2a: Genbu|Protect\n|move|p1a: Porygon2|Thunderbolt|p2a: Genbu\n|-activate|p2a: Genbu|move: Protect\n|move|p2b: Heracles|Bullet Seed|p1b: Flutter Mane\n|-damage|p1b: Flutter Mane|0 fnt\n|faint|p1b: Flutter Mane\n|-end|p1b: Flutter Mane|Protosynthesis|[silent]\n|-hitcount|p1: Flutter Mane|1\n|\n|-weather|none\n|-fieldend|move: Electric Terrain\n|upkeep\n|\n|t:|1699141648\n|switch|p1b: Slither Wing|Slither Wing|100\/100\n|turn|6\n|\n|t:|1699141676\n|-terastallize|p2a: Genbu|Ground\n|move|p1a: Porygon2|Thunderbolt|p2a: Genbu\n|-immune|p2a: Genbu\n|move|p1b: Slither Wing|Flare Blitz|p2b: Heracles\n|-supereffective|p2b: Heracles\n|-damage|p2b: Heracles|29\/100\n|-damage|p1b: Slither Wing|78\/100|[from] Recoil\n|move|p2b: Heracles|Close Combat|p1a: Porygon2\n|-supereffective|p1a: Porygon2\n|-damage|p1a: Porygon2|0 fnt\n|-unboost|p2b: Heracles|def|1\n|-unboost|p2b: Heracles|spd|1\n|faint|p1a: Porygon2\n|move|p2a: Genbu|Dazzling Gleam|p1b: Slither Wing\n|-supereffective|p1b: Slither Wing\n|-damage|p1b: Slither Wing|2\/100\n|-enditem|p1b: Slither Wing|Eject Button\n|\n|t:|1699141695\n|-end|p1b: Slither Wing|Protosynthesis|[silent]\n|switch|p1b: Metagross|Metagross, shiny|100\/100\n|\n|-fieldend|move: Trick Room\n|upkeep\n|\n|t:|1699141699\n|switch|p1a: Walking Wake|Walking Wake|100\/100\n|turn|7\n|inactive|speedcuber05 has 120 seconds left.\n|\n|t:|1699141739\n|move|p2a: Genbu|Protect|p2a: Genbu\n|-singleturn|p2a: Genbu|Protect\n|move|p1b: Metagross|Bullet Punch|p2b: Heracles\n|-damage|p2b: Heracles|0 fnt\n|faint|p2b: Heracles\n|-damage|p1b: Metagross|91\/100|[from] item: Life Orb\n|move|p1a: Walking Wake|Hydro Steam|p2a: Genbu\n|-activate|p2a: Genbu|move: Protect\n|\n|upkeep\n|\n|t:|1699141745\n|switch|p2b: Raijin|Tapu Koko, shiny|56\/100\n|-fieldstart|move: Electric Terrain|[from] ability: Electric Surge|[of] p2b: Raijin\n|turn|8\n|\n|t:|1699141765\n|-zpower|p2b: Raijin\n|move|p2b: Raijin|Twinkle Tackle|p1a: Walking Wake|[zeffect]\n|-supereffective|p1a: Walking Wake\n|-damage|p1a: Walking Wake|0 fnt\n|faint|p1a: Walking Wake\n|-end|p1a: Walking Wake|Protosynthesis|[silent]\n|move|p2a: Genbu|Earth Power|p1b: Metagross\n|-supereffective|p1b: Metagross\n|-damage|p1b: Metagross|0 fnt\n|faint|p1b: Metagross\n|\n|upkeep\n|inactive|speedcuber05 has 120 seconds left.\n|\n|t:|1699141780\n|switch|p1b: Slither Wing|Slither Wing|2\/100\n|turn|9\n|\n|t:|1699141788\n|move|p1b: Slither Wing|First Impression|p2b: Raijin\n|-resisted|p2b: Raijin\n|-damage|p2b: Raijin|23\/100\n|move|p2b: Raijin|Dazzling Gleam|p1b: Slither Wing\n|-supereffective|p1b: Slither Wing\n|-damage|p1b: Slither Wing|0 fnt\n|faint|p1b: Slither Wing\n|-end|p1b: Slither Wing|Protosynthesis|[silent]\n|\n|win|fumbari 24\n|raw|speedcuber05's rating: 1323 &rarr; <strong>1311<\/strong><br \/>(-12 for losing)\n|raw|fumbari 24's rating: 1460 &rarr; <strong>1472<\/strong><br \/>(+12 for winning)\n|l|\u2606speedcuber05\n","uploadtime":1699141811,"views":6,"p1id":"speedcuber05","p2id":"fumbari24","formatid":"gen9nationaldexdoubles","rating":1311,"private":0,"password":""}