{"id":"gen9nationaldexdoubles-1979155818","p1":"I like bug alots","p2":"Bishy-God","format":"[Gen 9] National Dex Doubles","log":"|j|\u2606I like bug alots\n|j|\u2606Bishy-God\n|t:|1698640404\n|gametype|doubles\n|player|p1|I like bug alots|bugcatcher-gen4dp|1192\n|player|p2|Bishy-God|hilbert-wonderlauncher|1140\n|teamsize|p1|6\n|teamsize|p2|6\n|gen|9\n|tier|[Gen 9] National Dex Doubles\n|rated|\n|rule|HP Percentage Mod: HP is shown in percentages\n|rule|Endless Battle Clause: Forcing endless battles is banned\n|rule|OHKO Clause: OHKO moves are banned\n|rule|Evasion Moves Clause: Evasion moves are banned\n|rule|Evasion Abilities Clause: Evasion abilities are banned\n|rule|Species Clause: Limit one of each Pok\u00e9mon\n|rule|Gravity Sleep Clause: The combination of sleep-inducing moves with imperfect accuracy and Gravity or Gigantamax Orbeetle are banned\n|clearpoke\n|poke|p1|Perrserker, M|\n|poke|p1|Tinkaton, F|\n|poke|p1|Gholdengo|\n|poke|p1|Iron Treads|\n|poke|p1|Scizor, M|\n|poke|p1|Revavroom, F|\n|poke|p2|Ribombee, M|\n|poke|p2|Volcarona, M|\n|poke|p2|Ninjask, M|\n|poke|p2|Vikavolt, M|\n|poke|p2|Kleavor, M|\n|poke|p2|Vivillon-Marine, M|\n|teampreview\n|inactive|Battle timer is ON: inactive players will automatically lose when time's up. (requested by Bishy-God)\n|c|\u2606I like bug alots|Nice team\n|\n|t:|1698640428\n|start\n|switch|p1a: Perrserker|Perrserker, M|100\/100\n|switch|p1b: Revavroom|Revavroom, F|100\/100\n|switch|p2a: Bishy Butterfly|Vivillon-Marine, M|100\/100\n|switch|p2b: Axe Bishy|Kleavor, M|100\/100\n|-item|p1b: Revavroom|Air Balloon\n|turn|1\n|\n|t:|1698640454\n|move|p1a: Perrserker|Fake Out|p2a: Bishy Butterfly\n|-damage|p2a: Bishy Butterfly|72\/100\n|cant|p2a: Bishy Butterfly|flinch\n|move|p2b: Axe Bishy|Stone Axe|p1b: Revavroom\n|-resisted|p1b: Revavroom\n|-damage|p1b: Revavroom|69\/100\n|-enditem|p1b: Revavroom|Air Balloon\n|-sidestart|p1: I like bug alots|move: Stealth Rock\n|move|p1b: Revavroom|Shift Gear|p1b: Revavroom\n|-boost|p1b: Revavroom|spe|2\n|-boost|p1b: Revavroom|atk|1\n|\n|upkeep\n|turn|2\n|\n|t:|1698640472\n|move|p1b: Revavroom|Iron Head|p2a: Bishy Butterfly\n|-damage|p2a: Bishy Butterfly|0 fnt\n|faint|p2a: Bishy Butterfly\n|move|p2b: Axe Bishy|Tailwind|p2b: Axe Bishy\n|-sidestart|p2: Bishy-God|move: Tailwind\n|move|p1a: Perrserker|Iron Head|p2b: Axe Bishy\n|-supereffective|p2b: Axe Bishy\n|-damage|p2b: Axe Bishy|0 fnt\n|faint|p2b: Axe Bishy\n|\n|upkeep\n|\n|t:|1698640486\n|switch|p2a: Bishy Bee|Ribombee, M, shiny|100\/100\n|switch|p2b: Bishy Moth|Volcarona, M|100\/100\n|turn|3\n|\n|t:|1698640498\n|move|p2a: Bishy Bee|Sticky Web|p1b: Revavroom\n|-sidestart|p1: I like bug alots|move: Sticky Web\n|move|p2b: Bishy Moth|Quiver Dance|p2b: Bishy Moth\n|-boost|p2b: Bishy Moth|spa|1\n|-boost|p2b: Bishy Moth|spd|1\n|-boost|p2b: Bishy Moth|spe|1\n|move|p1b: Revavroom|Poison Jab|p2b: Bishy Moth\n|-damage|p2b: Bishy Moth|8\/100\n|-status|p2b: Bishy Moth|psn\n|move|p1a: Perrserker|Knock Off|p2b: Bishy Moth\n|-damage|p2b: Bishy Moth|0 fnt\n|-enditem|p2b: Bishy Moth|Life Orb|[from] move: Knock Off|[of] p1a: Perrserker\n|faint|p2b: Bishy Moth\n|\n|upkeep\n|\n|t:|1698640513\n|switch|p2b: Zappy Bishy|Vikavolt, M|100\/100\n|turn|4\n|\n|t:|1698640525\n|-terastallize|p2b: Zappy Bishy|Electric\n|move|p2a: Bishy Bee|Quiver Dance|p2a: Bishy Bee\n|-boost|p2a: Bishy Bee|spa|1\n|-boost|p2a: Bishy Bee|spd|1\n|-boost|p2a: Bishy Bee|spe|1\n|move|p2b: Zappy Bishy|Thunderbolt|p1b: Revavroom\n|-damage|p1b: Revavroom|0 fnt\n|faint|p1b: Revavroom\n|move|p1a: Perrserker|Knock Off|p2b: Zappy Bishy\n|-damage|p2b: Zappy Bishy|61\/100\n|-enditem|p2b: Zappy Bishy|Choice Scarf|[from] move: Knock Off|[of] p1a: Perrserker\n|\n|upkeep\n|j| Bingin Chillingin\n|\n|t:|1698640549\n|switch|p1b: Iron Treads|Iron Treads|100\/100\n|-damage|p1b: Iron Treads|97\/100|[from] Stealth Rock\n|-activate|p1b: Iron Treads|move: Sticky Web\n|-unboost|p1b: Iron Treads|spe|1\n|-enditem|p1b: Iron Treads|Booster Energy\n|-activate|p1b: Iron Treads|ability: Quark Drive|[fromitem]\n|-start|p1b: Iron Treads|quarkdriveatk\n|turn|5\n|l| Bingin Chillingin\n|\n|t:|1698640566\n|move|p2a: Bishy Bee|Pollen Puff|p2b: Zappy Bishy\n|-heal|p2b: Zappy Bishy|100\/100\n|move|p2b: Zappy Bishy|Thunderbolt|p1a: Perrserker\n|-crit|p1a: Perrserker\n|-enditem|p1a: Perrserker|Focus Sash\n|-damage|p1a: Perrserker|1\/100\n|move|p1b: Iron Treads|Rapid Spin|p2b: Zappy Bishy\n|-damage|p2b: Zappy Bishy|72\/100\n|-boost|p1b: Iron Treads|spe|1\n|-sideend|p1: I like bug alots|Stealth Rock|[from] move: Rapid Spin|[of] p1b: Iron Treads\n|-sideend|p1: I like bug alots|Sticky Web|[from] move: Rapid Spin|[of] p1b: Iron Treads\n|move|p1a: Perrserker|Iron Head|p2a: Bishy Bee\n|-supereffective|p2a: Bishy Bee\n|-crit|p2a: Bishy Bee\n|-enditem|p2a: Bishy Bee|Focus Sash\n|-damage|p2a: Bishy Bee|1\/100\n|\n|-sideend|p2: Bishy-God|move: Tailwind\n|upkeep\n|turn|6\n|\n|t:|1698640595\n|move|p2a: Bishy Bee|Sticky Web|p1b: Iron Treads\n|-sidestart|p1: I like bug alots|move: Sticky Web\n|move|p1b: Iron Treads|Rapid Spin|p2a: Bishy Bee\n|-damage|p2a: Bishy Bee|0 fnt\n|-boost|p1b: Iron Treads|spe|1\n|-sideend|p1: I like bug alots|Sticky Web|[from] move: Rapid Spin|[of] p1b: Iron Treads\n|faint|p2a: Bishy Bee\n|move|p2b: Zappy Bishy|Bug Buzz|p1b: Iron Treads\n|-resisted|p1b: Iron Treads\n|-damage|p1b: Iron Treads|64\/100\n|-unboost|p1b: Iron Treads|spd|1\n|move|p1a: Perrserker|Close Combat|p2b: Zappy Bishy\n|-damage|p2b: Zappy Bishy|16\/100\n|-unboost|p1a: Perrserker|def|1\n|-unboost|p1a: Perrserker|spd|1\n|\n|upkeep\n|inactive|Bishy-God has 120 seconds left.\n|j| Bingin Chillingin\n|l| Bingin Chillingin\n|\n|t:|1698640611\n|switch|p2a: Ninja Bishy|Ninjask, M|100\/100\n|turn|7\n|\n|t:|1698640621\n|move|p1b: Iron Treads|Rapid Spin|p2b: Zappy Bishy\n|-crit|p2b: Zappy Bishy\n|-damage|p2b: Zappy Bishy|0 fnt\n|-boost|p1b: Iron Treads|spe|1\n|faint|p2b: Zappy Bishy\n|move|p2a: Ninja Bishy|Swords Dance|p2a: Ninja Bishy\n|-boost|p2a: Ninja Bishy|atk|2\n|move|p1a: Perrserker|Iron Head|p2a: Ninja Bishy\n|-enditem|p2a: Ninja Bishy|Focus Sash\n|-damage|p2a: Ninja Bishy|1\/100\n|\n|-ability|p2a: Ninja Bishy|Speed Boost|boost\n|-boost|p2a: Ninja Bishy|spe|1\n|upkeep\n|turn|8\n|\n|t:|1698640638\n|move|p2a: Ninja Bishy|Acrobatics|p1b: Iron Treads\n|-resisted|p1b: Iron Treads\n|-damage|p1b: Iron Treads|22\/100\n|move|p1b: Iron Treads|Heavy Slam|p2a: Ninja Bishy\n|-damage|p2a: Ninja Bishy|0 fnt\n|faint|p2a: Ninja Bishy\n|\n|win|I like bug alots\n|raw|I like bug alots's rating: 1192 &rarr; <strong>1213<\/strong><br \/>(+21 for winning)\n|raw|Bishy-God's rating: 1140 &rarr; <strong>1119<\/strong><br \/>(-21 for losing)\n|l|\u2606Bishy-God\n","uploadtime":1698640724,"views":9,"p1id":"ilikebugalots","p2id":"bishygod","formatid":"gen9nationaldexdoubles","rating":1119,"private":0,"password":""}