{"id":"gen9nationaldexdoubles-1967603883","p1":"Mokaccino333","p2":"Orbidz","format":"[Gen 9] National Dex Doubles","log":"|j|\u2606Mokaccino333\n|j|\u2606Orbidz\n|t:|1697318116\n|gametype|doubles\n|player|p1|Mokaccino333|170|\n|player|p2|Orbidz|102|\n|teamsize|p1|6\n|teamsize|p2|6\n|gen|9\n|tier|[Gen 9] National Dex Doubles\n|rule|HP Percentage Mod: HP is shown in percentages\n|rule|Endless Battle Clause: Forcing endless battles is banned\n|rule|OHKO Clause: OHKO moves are banned\n|rule|Evasion Moves Clause: Evasion moves are banned\n|rule|Evasion Abilities Clause: Evasion abilities are banned\n|rule|Species Clause: Limit one of each Pok\u00e9mon\n|rule|Gravity Sleep Clause: The combination of sleep-inducing moves with imperfect accuracy and Gravity or Gigantamax Orbeetle are banned\n|clearpoke\n|poke|p1|Zygarde|\n|poke|p1|Ninetales-Alola, F|\n|poke|p1|Cresselia, F|\n|poke|p1|Whimsicott, F|\n|poke|p1|Chien-Pao|\n|poke|p1|Rillaboom, M|\n|poke|p2|Venusaur, M|\n|poke|p2|Ferrothorn, M|\n|poke|p2|Charizard, F|\n|poke|p2|Sneasler, M|\n|poke|p2|Volcarona, F|\n|poke|p2|Oricorio-Pom-Pom, F|\n|teampreview\n|\n|t:|1697318144\n|start\n|switch|p1a: Whimsicott|Whimsicott, F|100\/100\n|switch|p1b: Zygarde|Zygarde|100\/100\n|switch|p2a: Volcarona|Volcarona, F|100\/100\n|switch|p2b: Oricorio|Oricorio-Pom-Pom, F|100\/100\n|-ability|p1b: Zygarde|Aura Break\n|turn|1\n|\n|t:|1697318162\n|-terastallize|p2b: Oricorio|Electric\n|move|p1a: Whimsicott|Taunt|p2a: Volcarona\n|-start|p2a: Volcarona|move: Taunt\n|cant|p2a: Volcarona|move: Taunt|Tailwind\n|move|p2b: Oricorio|Quiver Dance|p2b: Oricorio\n|-boost|p2b: Oricorio|spa|1\n|-boost|p2b: Oricorio|spd|1\n|-boost|p2b: Oricorio|spe|1\n|move|p1b: Zygarde|Coil|p1b: Zygarde\n|-boost|p1b: Zygarde|atk|1\n|-boost|p1b: Zygarde|def|1\n|-boost|p1b: Zygarde|accuracy|1\n|\n|upkeep\n|turn|2\n|\n|t:|1697318178\n|move|p1a: Whimsicott|Tailwind|p1a: Whimsicott\n|-sidestart|p1: Mokaccino333|move: Tailwind\n|move|p1b: Zygarde|Thousand Arrows|p2a: Volcarona|[spread] p2a,p2b\n|-supereffective|p2b: Oricorio\n|-damage|p2a: Volcarona|52\/100\n|-damage|p2b: Oricorio|0 fnt\n|faint|p2b: Oricorio\n|move|p2a: Volcarona|Fiery Dance|p1a: Whimsicott\n|-supereffective|p1a: Whimsicott\n|-enditem|p1a: Whimsicott|Focus Sash\n|-damage|p1a: Whimsicott|1\/100\n|-boost|p2a: Volcarona|spa|1\n|\n|-heal|p2a: Volcarona|59\/100|[from] item: Leftovers\n|upkeep\n|\n|t:|1697318201\n|switch|p2b: Sneasler|Sneasler, M|100\/100\n|turn|3\n|\n|t:|1697318211\n|move|p1a: Whimsicott|Moonblast|p2b: Sneasler\n|-damage|p2b: Sneasler|50\/100\n|-unboost|p2b: Sneasler|spa|1\n|move|p1b: Zygarde|Thousand Arrows|p2a: Volcarona|[spread] p2a,p2b\n|-supereffective|p2b: Sneasler\n|-damage|p2a: Volcarona|7\/100\n|-damage|p2b: Sneasler|0 fnt\n|faint|p2b: Sneasler\n|move|p2a: Volcarona|Giga Drain|p1b: Zygarde\n|-crit|p1b: Zygarde\n|-damage|p1b: Zygarde|62\/100\n|-heal|p2a: Volcarona|29\/100|[from] drain|[of] p1b: Zygarde\n|\n|-heal|p2a: Volcarona|35\/100|[from] item: Leftovers\n|-end|p2a: Volcarona|move: Taunt\n|upkeep\n|\n|t:|1697318227\n|switch|p2b: Ferrothorn|Ferrothorn, M|100\/100\n|turn|4\n|\n|t:|1697318243\n|move|p1a: Whimsicott|Taunt|p2b: Ferrothorn\n|-start|p2b: Ferrothorn|move: Taunt\n|move|p1b: Zygarde|Thousand Arrows|p2b: Ferrothorn|[spread] p2a,p2b\n|-damage|p2a: Volcarona|0 fnt\n|-damage|p2b: Ferrothorn|75\/100\n|faint|p2a: Volcarona\n|move|p2b: Ferrothorn|Gyro Ball|p1a: Whimsicott\n|-supereffective|p1a: Whimsicott\n|-damage|p1a: Whimsicott|0 fnt\n|faint|p1a: Whimsicott\n|\n|upkeep\n|\n|t:|1697318255\n|switch|p1a: Ninetales|Ninetales-Alola, F|100\/100\n|switch|p2a: Charizard|Charizard, F|100\/100\n|-weather|Snow|[from] ability: Snow Warning|[of] p1a: Ninetales\n|turn|5\n|\n|t:|1697318265\n|switch|p1a: Cresselia|Cresselia, F|100\/100\n|detailschange|p2a: Charizard|Charizard-Mega-Y, F\n|-mega|p2a: Charizard|Charizard|Charizardite Y\n|-weather|SunnyDay|[from] ability: Drought|[of] p2a: Charizard\n|move|p1b: Zygarde|Thousand Arrows|p2a: Charizard|[spread] p2a,p2b\n|-damage|p2a: Charizard|60\/100\n|-damage|p2b: Ferrothorn|50\/100\n|-start|p2a: Charizard|Smack Down\n|move|p2a: Charizard|Heat Wave|p1a: Cresselia|[spread] p1a,p1b\n|-resisted|p1b: Zygarde\n|-damage|p1a: Cresselia|69\/100\n|-damage|p1b: Zygarde|42\/100\n|move|p2b: Ferrothorn|Gyro Ball|p1a: Cresselia\n|-damage|p1a: Cresselia|37\/100\n|\n|-weather|SunnyDay|[upkeep]\n|-sideend|p1: Mokaccino333|move: Tailwind\n|upkeep\n|turn|6\n|\n|t:|1697318299\n|switch|p2b: Venusaur|Venusaur, M|100\/100\n|move|p2a: Charizard|Solar Beam||[still]\n|-prepare|p2a: Charizard|Solar Beam\n|-anim|p2a: Charizard|Solar Beam|p1b: Zygarde\n|-damage|p1b: Zygarde|13\/100\n|move|p1b: Zygarde|Thousand Arrows|p2b: Venusaur|[spread] p2a,p2b\n|-supereffective|p2a: Charizard\n|-crit|p2a: Charizard\n|-damage|p2a: Charizard|0 fnt\n|-damage|p2b: Venusaur|51\/100\n|faint|p2a: Charizard\n|move|p1a: Cresselia|Lunar Blessing|p1a: Cresselia|[spread] p1a,p1b\n|-heal|p1a: Cresselia|62\/100\n|-heal|p1b: Zygarde|38\/100\n|\n|-weather|SunnyDay|[upkeep]\n|upkeep\n|\n|t:|1697318315\n|switch|p2a: Ferrothorn|Ferrothorn, M|50\/100\n|turn|7\n|\n|t:|1697318330\n|move|p1b: Zygarde|Protect|p1b: Zygarde\n|-singleturn|p1b: Zygarde|Protect\n|move|p2b: Venusaur|Giga Drain|p1b: Zygarde\n|-activate|p1b: Zygarde|move: Protect\n|move|p1a: Cresselia|Lunar Blessing|p1a: Cresselia|[spread] p1a,p1b\n|-heal|p1a: Cresselia|87\/100\n|-heal|p1b: Zygarde|63\/100\n|move|p2a: Ferrothorn|Gyro Ball|p1a: Cresselia\n|-damage|p1a: Cresselia|62\/100\n|\n|-weather|SunnyDay|[upkeep]\n|upkeep\n|turn|8\n|\n|t:|1697318353\n|-terastallize|p1b: Zygarde|Steel\n|move|p1a: Cresselia|Ally Switch|p1a: Cresselia\n|swap|p1a: Cresselia|1|[from] move: Ally Switch\n|move|p2b: Venusaur|Giga Drain|p1b: Cresselia\n|-damage|p1b: Cresselia|38\/100\n|-heal|p2b: Venusaur|69\/100|[from] drain|[of] p1b: Cresselia\n|-damage|p2b: Venusaur|59\/100|[from] item: Life Orb\n|move|p1a: Zygarde|Thousand Arrows|p2a: Ferrothorn|[spread] p2a,p2b\n|-crit|p2a: Ferrothorn\n|-damage|p2a: Ferrothorn|9\/100\n|-damage|p2b: Venusaur|12\/100\n|move|p2a: Ferrothorn|Leech Seed|p1b: Cresselia\n|-start|p1b: Cresselia|move: Leech Seed\n|\n|-weather|SunnyDay|[upkeep]\n|-damage|p1b: Cresselia|26\/100|[from] Leech Seed|[of] p2a: Ferrothorn\n|-heal|p2a: Ferrothorn|29\/100|[silent]\n|upkeep\n|turn|9\n|\n|t:|1697318381\n|switch|p1b: Chien-Pao|Chien-Pao|100\/100\n|-ability|p1b: Chien-Pao|Sword of Ruin\n|move|p1a: Zygarde|Extreme Speed|p2b: Venusaur\n|-damage|p2b: Venusaur|0 fnt\n|faint|p2b: Venusaur\n|move|p2a: Ferrothorn|Gyro Ball|p1b: Chien-Pao\n|-supereffective|p1b: Chien-Pao\n|-enditem|p1b: Chien-Pao|Focus Sash\n|-damage|p1b: Chien-Pao|1\/100\n|\n|-weather|none\n|upkeep\n|turn|10\n|c|\u2606Orbidz|bru\n|c|\u2606Orbidz|what\n|c|\u2606Orbidz|wait\n|c|\u2606Orbidz|nvm\n|c|\u2606Orbidz|i thought u didnt have sash\n|\n|t:|1697318405\n|move|p1b: Chien-Pao|Sacred Sword|p2a: Ferrothorn\n|-supereffective|p2a: Ferrothorn\n|-damage|p2a: Ferrothorn|0 fnt\n|-damage|p1b: Chien-Pao|0 fnt|[from] ability: Iron Barbs|[of] p2a: Ferrothorn\n|faint|p2a: Ferrothorn\n|faint|p1b: Chien-Pao\n|\n|win|Mokaccino333\n|c|\u2606Orbidz|ggs\n|c|\u2606Mokaccino333|gg :3\n|l|\u2606Orbidz\n|l|\u2606Mokaccino333\n|j|\u2606Mokaccino333\n|player|p1|Mokaccino333|170\n","uploadtime":1697318443,"views":9,"p1id":"mokaccino333","p2id":"orbidz","formatid":"gen9nationaldexdoubles","rating":0,"private":0,"password":""}