{"id":"gen9nationaldexdoubles-1965385030","p1":"JKogut","p2":"Specific360","format":"[Gen 9] National Dex Doubles","log":"|j|\u2606JKogut\n|j|\u2606Specific360\n|t:|1697067562\n|gametype|doubles\n|player|p1|JKogut|workerice|\n|player|p2|Specific360|veteran|\n|teamsize|p1|6\n|teamsize|p2|6\n|gen|9\n|tier|[Gen 9] National Dex Doubles\n|rule|HP Percentage Mod: HP is shown in percentages\n|rule|Endless Battle Clause: Forcing endless battles is banned\n|rule|OHKO Clause: OHKO moves are banned\n|rule|Evasion Moves Clause: Evasion moves are banned\n|rule|Evasion Abilities Clause: Evasion abilities are banned\n|rule|Species Clause: Limit one of each Pok\u00e9mon\n|rule|Gravity Sleep Clause: The combination of sleep-inducing moves with imperfect accuracy and Gravity or Gigantamax Orbeetle are banned\n|clearpoke\n|poke|p1|Lickilicky, F|\n|poke|p1|Skeledirge, F|\n|poke|p1|Kommo-o, F|\n|poke|p1|Kilowattrel, F|\n|poke|p1|Cresselia, F|\n|poke|p1|Grimmsnarl, M|\n|poke|p2|Nihilego|\n|poke|p2|Corviknight, M|\n|poke|p2|Vikavolt, M|\n|poke|p2|Gliscor, M|\n|poke|p2|Chandelure, F|\n|poke|p2|Hatterene, F|\n|teampreview\n|\n|t:|1697067649\n|start\n|switch|p1a: Alopecia Barbie|Skeledirge, F, shiny|100\/100\n|switch|p1b: Groovy Barbie|Grimmsnarl, M, shiny|100\/100\n|switch|p2a: Vlad|Chandelure, F, shiny|100\/100\n|switch|p2b: Yaga|Hatterene, F, shiny|100\/100\n|turn|1\n|\n|t:|1697067682\n|-terastallize|p1a: Alopecia Barbie|Water\n|move|p1b: Groovy Barbie|Light Screen|p1b: Groovy Barbie\n|-sidestart|p1: JKogut|move: Light Screen\n|move|p1a: Alopecia Barbie|Torch Song|p2b: Yaga\n|-damage|p2b: Yaga|79\/100\n|-boost|p1a: Alopecia Barbie|spa|1\n|move|p2b: Yaga|Dazzling Gleam|p1a: Alopecia Barbie|[spread] p1a,p1b\n|-supereffective|p1b: Groovy Barbie\n|-damage|p1a: Alopecia Barbie|86\/100\n|-damage|p1b: Groovy Barbie|69\/100\n|move|p2a: Vlad|Trick Room|p2a: Vlad\n|-fieldstart|move: Trick Room|[of] p2a: Vlad\n|\n|-heal|p2b: Yaga|85\/100|[from] item: Leftovers\n|-heal|p1a: Alopecia Barbie|92\/100|[from] item: Leftovers\n|upkeep\n|turn|2\n|j| annoying oranje\n|\n|t:|1697067720\n|switch|p1b: Curvy Barbie|Lickilicky, F|100\/100\n|-ability|p1b: Curvy Barbie|Cloud Nine\n|move|p2b: Yaga|Giga Drain|p1a: Alopecia Barbie\n|-supereffective|p1a: Alopecia Barbie\n|-damage|p1a: Alopecia Barbie|67\/100\n|-heal|p2b: Yaga|100\/100|[from] drain|[of] p1a: Alopecia Barbie\n|move|p2a: Vlad|Flamethrower|p1b: Curvy Barbie\n|-damage|p1b: Curvy Barbie|74\/100\n|move|p1a: Alopecia Barbie|Torch Song|p2b: Yaga\n|-crit|p2b: Yaga\n|-damage|p2b: Yaga|46\/100\n|-boost|p1a: Alopecia Barbie|spa|1\n|\n|-heal|p2b: Yaga|52\/100|[from] item: Leftovers\n|-heal|p1a: Alopecia Barbie|73\/100|[from] item: Leftovers\n|upkeep\n|turn|3\n|\n|t:|1697067762\n|switch|p2b: Not-Lillie|Nihilego|100\/100\n|-item|p2b: Not-Lillie|Air Balloon\n|move|p2a: Vlad|Flamethrower|p1b: Curvy Barbie\n|-damage|p1b: Curvy Barbie|48\/100\n|move|p1a: Alopecia Barbie|Slack Off|p1a: Alopecia Barbie\n|-heal|p1a: Alopecia Barbie|100\/100\n|move|p1b: Curvy Barbie|Dragon Tail|p2a: Vlad\n|-damage|p2a: Vlad|84\/100\n|drag|p2a: Lucas|Vikavolt, M|100\/100\n|\n|upkeep\n|turn|4\n|\n|t:|1697067787\n|move|p1b: Curvy Barbie|Helping Hand|p1a: Alopecia Barbie\n|-singleturn|p1a: Alopecia Barbie|Helping Hand|[of] p1b: Curvy Barbie\n|move|p2a: Lucas|Thunderbolt|p1a: Alopecia Barbie\n|-supereffective|p1a: Alopecia Barbie\n|-damage|p1a: Alopecia Barbie|56\/100\n|move|p1a: Alopecia Barbie|Torch Song|p2a: Lucas\n|-supereffective|p2a: Lucas\n|-damage|p2a: Lucas|0 fnt\n|-boost|p1a: Alopecia Barbie|spa|1\n|faint|p2a: Lucas\n|move|p2b: Not-Lillie|Toxic Spikes|p1a: Alopecia Barbie\n|-sidestart|p1: JKogut|move: Toxic Spikes\n|\n|-heal|p1a: Alopecia Barbie|62\/100|[from] item: Leftovers\n|upkeep\n|j| Sasha_Notices\n|\n|t:|1697067804\n|switch|p2a: Vlad|Chandelure, F, shiny|84\/100\n|turn|5\n|\n|t:|1697067821\n|switch|p1b: Moon God Barbie|Cresselia, F|100\/100\n|move|p2a: Vlad|Flamethrower|p1b: Moon God Barbie\n|-damage|p1b: Moon God Barbie|78\/100\n|move|p1a: Alopecia Barbie|Snarl|p2a: Vlad|[spread] p2a,p2b\n|-supereffective|p2a: Vlad\n|-damage|p2a: Vlad|29\/100\n|-damage|p2b: Not-Lillie|84\/100\n|-unboost|p2a: Vlad|spa|1\n|-unboost|p2b: Not-Lillie|spa|1\n|-enditem|p2b: Not-Lillie|Air Balloon\n|move|p2b: Not-Lillie|Toxic Spikes|p1a: Alopecia Barbie\n|-sidestart|p1: JKogut|move: Toxic Spikes\n|\n|-heal|p1a: Alopecia Barbie|68\/100|[from] item: Leftovers\n|-fieldend|move: Trick Room\n|upkeep\n|turn|6\n|\n|t:|1697067850\n|move|p2a: Vlad|Protect|p2a: Vlad\n|-singleturn|p2a: Vlad|Protect\n|move|p1b: Moon God Barbie|Lunar Blessing|p1b: Moon God Barbie|[spread] p1a,p1b\n|-heal|p1a: Alopecia Barbie|93\/100\n|-heal|p1b: Moon God Barbie|100\/100\n|move|p2b: Not-Lillie|Sludge Bomb|p1a: Alopecia Barbie\n|-damage|p1a: Alopecia Barbie|65\/100\n|-status|p1a: Alopecia Barbie|psn\n|move|p1a: Alopecia Barbie|Torch Song|p2b: Not-Lillie\n|-resisted|p2b: Not-Lillie\n|-damage|p2b: Not-Lillie|59\/100\n|-boost|p1a: Alopecia Barbie|spa|1\n|\n|-heal|p1a: Alopecia Barbie|71\/100 psn|[from] item: Leftovers\n|-damage|p1a: Alopecia Barbie|59\/100 psn|[from] psn\n|upkeep\n|turn|7\n|\n|t:|1697067921\n|switch|p2a: Yaga|Hatterene, F, shiny|52\/100\n|move|p2b: Not-Lillie|Protect|p2b: Not-Lillie\n|-singleturn|p2b: Not-Lillie|Protect\n|move|p1b: Moon God Barbie|Psych Up|p1a: Alopecia Barbie\n|-copyboost|p1b: Moon God Barbie|p1a: Alopecia Barbie|[from] move: Psych Up\n|move|p1a: Alopecia Barbie|Snarl|p2b: Not-Lillie|[spread] p2a\n|-activate|p2b: Not-Lillie|move: Protect\n|-damage|p2a: Yaga|27\/100\n|-unboost|p2a: Yaga|spa|1\n|\n|-heal|p1a: Alopecia Barbie|65\/100 psn|[from] item: Leftovers\n|-heal|p2a: Yaga|33\/100|[from] item: Leftovers\n|-damage|p1a: Alopecia Barbie|53\/100 psn|[from] psn\n|upkeep\n|turn|8\n|\n|t:|1697067968\n|switch|p2a: Drack|Gliscor, M|100\/100\n|move|p1b: Moon God Barbie|Lunar Blessing|p1b: Moon God Barbie|[spread] p1a,p1b\n|-heal|p1a: Alopecia Barbie|78\/100 psn\n|-curestatus|p1a: Alopecia Barbie|psn|[msg]\n|move|p2b: Not-Lillie|Sludge Bomb|p1a: Alopecia Barbie\n|-damage|p1a: Alopecia Barbie|51\/100\n|move|p1a: Alopecia Barbie|Snarl|p2b: Not-Lillie|[spread] p2a,p2b\n|-damage|p2a: Drack|66\/100\n|-damage|p2b: Not-Lillie|39\/100\n|-unboost|p2a: Drack|spa|1\n|-unboost|p2b: Not-Lillie|spa|1\n|\n|-heal|p1a: Alopecia Barbie|57\/100|[from] item: Leftovers\n|-sideend|p1: JKogut|move: Light Screen\n|-status|p2a: Drack|tox|[from] item: Toxic Orb\n|upkeep\n|turn|9\n|\n|t:|1697068000\n|move|p2b: Not-Lillie|Protect|p2b: Not-Lillie\n|-singleturn|p2b: Not-Lillie|Protect\n|move|p2a: Drack|Earthquake|p1b: Moon God Barbie|[spread] p1a\n|-activate|p2b: Not-Lillie|move: Protect\n|-immune|p1b: Moon God Barbie|[from] ability: Levitate\n|-damage|p1a: Alopecia Barbie|32\/100\n|move|p1b: Moon God Barbie|Dazzling Gleam|p2a: Drack|[spread] p2a\n|-activate|p2b: Not-Lillie|move: Protect\n|-damage|p2a: Drack|24\/100 tox\n|move|p1a: Alopecia Barbie|Torch Song|p2a: Drack\n|-damage|p2a: Drack|0 fnt\n|-boost|p1a: Alopecia Barbie|spa|1\n|faint|p2a: Drack\n|\n|-heal|p1a: Alopecia Barbie|38\/100|[from] item: Leftovers\n|upkeep\n|\n|t:|1697068020\n|switch|p2a: Vlad|Chandelure, F, shiny|29\/100\n|turn|10\n|\n|t:|1697068038\n|-terastallize|p2a: Vlad|Grass\n|move|p1b: Moon God Barbie|Lunar Blessing|p1b: Moon God Barbie|[spread] p1a,p1b\n|-heal|p1a: Alopecia Barbie|63\/100\n|move|p2b: Not-Lillie|Sludge Bomb|p1a: Alopecia Barbie\n|-damage|p1a: Alopecia Barbie|23\/100\n|-status|p1a: Alopecia Barbie|psn\n|move|p1a: Alopecia Barbie|Torch Song|p2b: Not-Lillie\n|-resisted|p2b: Not-Lillie\n|-damage|p2b: Not-Lillie|8\/100\n|-boost|p1a: Alopecia Barbie|spa|1\n|move|p2a: Vlad|Trick Room|p2a: Vlad\n|-fieldstart|move: Trick Room|[of] p2a: Vlad\n|\n|-heal|p1a: Alopecia Barbie|29\/100 psn|[from] item: Leftovers\n|-damage|p1a: Alopecia Barbie|17\/100 psn|[from] psn\n|upkeep\n|turn|11\n|\n|t:|1697068068\n|move|p1a: Alopecia Barbie|Protect|p1a: Alopecia Barbie\n|-singleturn|p1a: Alopecia Barbie|Protect\n|move|p2a: Vlad|Shadow Ball|p1b: Moon God Barbie\n|-supereffective|p1b: Moon God Barbie\n|-damage|p1b: Moon God Barbie|39\/100\n|move|p2b: Not-Lillie|Power Gem|p1b: Moon God Barbie\n|-damage|p1b: Moon God Barbie|26\/100\n|move|p1b: Moon God Barbie|Trick Room|p1b: Moon God Barbie\n|-fieldend|move: Trick Room\n|\n|-heal|p1a: Alopecia Barbie|23\/100 psn|[from] item: Leftovers\n|-damage|p1a: Alopecia Barbie|11\/100 psn|[from] psn\n|upkeep\n|turn|12\n|\n|t:|1697068094\n|move|p2b: Not-Lillie|Protect|p2b: Not-Lillie\n|-singleturn|p2b: Not-Lillie|Protect\n|move|p1b: Moon God Barbie|Lunar Blessing|p1b: Moon God Barbie|[spread] p1a,p1b\n|-heal|p1a: Alopecia Barbie|36\/100 psn\n|-curestatus|p1a: Alopecia Barbie|psn|[msg]\n|-heal|p1b: Moon God Barbie|51\/100\n|move|p1a: Alopecia Barbie|Snarl|p2a: Vlad|[spread] p2a\n|-activate|p2b: Not-Lillie|move: Protect\n|-damage|p2a: Vlad|0 fnt\n|faint|p2a: Vlad\n|\n|-heal|p1a: Alopecia Barbie|42\/100|[from] item: Leftovers\n|upkeep\n|\n|t:|1697068111\n|switch|p2a: Rook II|Corviknight, M, shiny|100\/100\n|turn|13\n|\n|t:|1697068129\n|move|p1b: Moon God Barbie|Lunar Blessing|p1b: Moon God Barbie|[spread] p1a,p1b\n|-heal|p1a: Alopecia Barbie|67\/100\n|-heal|p1b: Moon God Barbie|76\/100\n|move|p2b: Not-Lillie|Sludge Bomb|p1a: Alopecia Barbie\n|-damage|p1a: Alopecia Barbie|25\/100\n|move|p2a: Rook II|Light Screen|p2a: Rook II\n|-sidestart|p2: Specific360|move: Light Screen\n|move|p1a: Alopecia Barbie|Torch Song|p2a: Rook II\n|-supereffective|p2a: Rook II\n|-damage|p2a: Rook II|0 fnt\n|faint|p2a: Rook II\n|\n|-heal|p1a: Alopecia Barbie|31\/100|[from] item: Leftovers\n|upkeep\n|\n|t:|1697068142\n|switch|p2a: Yaga|Hatterene, F, shiny|33\/100\n|turn|14\n|\n|t:|1697068156\n|move|p1b: Moon God Barbie|Lunar Blessing|p1b: Moon God Barbie|[spread] p1a,p1b\n|-heal|p1a: Alopecia Barbie|56\/100\n|-heal|p1b: Moon God Barbie|100\/100\n|move|p2b: Not-Lillie|Sludge Bomb|p1a: Alopecia Barbie\n|-damage|p1a: Alopecia Barbie|19\/100\n|move|p1a: Alopecia Barbie|Snarl|p2b: Not-Lillie|[spread] p2a,p2b\n|-damage|p2a: Yaga|14\/100\n|-damage|p2b: Not-Lillie|0 fnt\n|-unboost|p2a: Yaga|spa|1\n|faint|p2b: Not-Lillie\n|move|p2a: Yaga|Dazzling Gleam|p1a: Alopecia Barbie|[spread] p1a,p1b\n|-crit|p1a: Alopecia Barbie\n|-damage|p1a: Alopecia Barbie|0 fnt\n|-damage|p1b: Moon God Barbie|91\/100\n|faint|p1a: Alopecia Barbie\n|\n|-heal|p2a: Yaga|20\/100|[from] item: Leftovers\n|upkeep\n|c|\u2606Specific360|Gg\n|\n|t:|1697068174\n|switch|p1a: Pop Star Barbie|Kommo-o, F, shiny|100\/100\n|-status|p1a: Pop Star Barbie|tox\n|turn|15\n|\n|t:|1697068182\n|move|p1a: Pop Star Barbie|Iron Head|p2a: Yaga\n|-supereffective|p2a: Yaga\n|-damage|p2a: Yaga|0 fnt\n|faint|p2a: Yaga\n|\n|win|JKogut\n|c|\u2606JKogut|gg\n","uploadtime":1697068205,"views":16,"p1id":"jkogut","p2id":"specific360","formatid":"gen9nationaldexdoubles","rating":0,"private":0,"password":""}