{"id":"gen9nationaldexdoubles-1997679849","p1":"Prapple2","p2":"Mokaccino333","format":"[Gen 9] National Dex Doubles","log":"|j|\u2606Prapple2\n|j|\u2606Mokaccino333\n|t:|1700840996\n|gametype|doubles\n|player|p1|Prapple2|caitlin|\n|player|p2|Mokaccino333|lady|\n|teamsize|p1|6\n|teamsize|p2|6\n|gen|9\n|tier|[Gen 9] National Dex Doubles\n|rule|HP Percentage Mod: HP is shown in percentages\n|rule|Endless Battle Clause: Forcing endless battles is banned\n|rule|OHKO Clause: OHKO moves are banned\n|rule|Evasion Moves Clause: Evasion moves are banned\n|rule|Evasion Abilities Clause: Evasion abilities are banned\n|rule|Species Clause: Limit one of each Pok\u00e9mon\n|rule|Gravity Sleep Clause: The combination of sleep-inducing moves with imperfect accuracy and Gravity or Gigantamax Orbeetle are banned\n|clearpoke\n|poke|p1|Tapu Lele|\n|poke|p1|Clefable, M|\n|poke|p1|Mawile, M|\n|poke|p1|Hatterene, F|\n|poke|p1|Grimmsnarl, M|\n|poke|p1|Diancie|\n|poke|p2|Grafaiai, M|\n|poke|p2|Gholdengo|\n|poke|p2|Scizor, F|\n|poke|p2|Beedrill, F|\n|poke|p2|Tauros-Paldea-Blaze, M|\n|poke|p2|Incineroar, M|\n|teampreview\n|\n|t:|1700841014\n|start\n|switch|p1a: Hatterene|Hatterene, F|100\/100\n|switch|p1b: Grimmsnarl|Grimmsnarl, M|100\/100\n|switch|p2a: Grafaiai|Grafaiai, M|100\/100\n|switch|p2b: Gholdengo|Gholdengo|100\/100\n|turn|1\n|c|\u2606Prapple2|not sure if dis will help\n|\n|t:|1700841030\n|move|p2a: Grafaiai|Switcheroo|p1a: Hatterene\n|-activate|p2a: Grafaiai|move: Trick|[of] p1a: Hatterene\n|-item|p1a: Hatterene|Black Sludge|[from] move: Switcheroo\n|-item|p2a: Grafaiai|Leftovers|[from] move: Switcheroo\n|move|p1b: Grimmsnarl|Light Screen|p1b: Grimmsnarl\n|-sidestart|p1: Prapple2|move: Light Screen\n|move|p2b: Gholdengo|Make It Rain|p1a: Hatterene|[spread] p1a,p1b\n|-supereffective|p1a: Hatterene\n|-supereffective|p1b: Grimmsnarl\n|-damage|p1a: Hatterene|15\/100\n|-damage|p1b: Grimmsnarl|35\/100\n|-unboost|p2b: Gholdengo|spa|1\n|-damage|p2b: Gholdengo|91\/100|[from] item: Life Orb\n|move|p1a: Hatterene|Trick Room|p1a: Hatterene\n|-fieldstart|move: Trick Room|[of] p1a: Hatterene\n|\n|-damage|p1a: Hatterene|3\/100|[from] item: Black Sludge\n|upkeep\n|turn|2\n|\n|t:|1700841046\n|move|p1b: Grimmsnarl|Parting Shot|p2a: Grafaiai\n|-unboost|p2a: Grafaiai|atk|1\n|-unboost|p2a: Grafaiai|spa|1\n|\n|t:|1700841050\n|switch|p1b: Tapu Lele|Tapu Lele, shiny|100\/100|[from] Parting Shot\n|-fieldstart|move: Psychic Terrain|[from] ability: Psychic Surge|[of] p1b: Tapu Lele\n|move|p2a: Grafaiai|Copycat|p2a: Grafaiai\n|move|p2a: Grafaiai|Parting Shot|p1b: Tapu Lele|[from]move: Copycat\n|-activate|p1b: Tapu Lele|move: Psychic Terrain\n|move|p1a: Hatterene|Expanding Force|p2a: Grafaiai|[spread] p2a,p2b\n|-supereffective|p2a: Grafaiai\n|-resisted|p2b: Gholdengo\n|-damage|p2a: Grafaiai|0 fnt\n|-damage|p2b: Gholdengo|48\/100\n|faint|p2a: Grafaiai\n|move|p2b: Gholdengo|Make It Rain|p1b: Tapu Lele|[spread] p1a,p1b\n|-supereffective|p1a: Hatterene\n|-supereffective|p1b: Tapu Lele\n|-damage|p1a: Hatterene|0 fnt\n|-damage|p1b: Tapu Lele|50\/100\n|-unboost|p2b: Gholdengo|spa|1\n|faint|p1a: Hatterene\n|-damage|p2b: Gholdengo|39\/100|[from] item: Life Orb\n|\n|upkeep\n|\n|t:|1700841062\n|switch|p1a: Grimmsnarl|Grimmsnarl, M|35\/100\n|switch|p2a: Scizor|Scizor, F|100\/100\n|turn|3\n|\n|t:|1700841086\n|move|p2b: Gholdengo|Protect|p2b: Gholdengo\n|-singleturn|p2b: Gholdengo|Protect\n|move|p1a: Grimmsnarl|Reflect|p1a: Grimmsnarl\n|-sidestart|p1: Prapple2|Reflect\n|move|p2a: Scizor|Iron Head|p1a: Grimmsnarl\n|-supereffective|p1a: Grimmsnarl\n|-damage|p1a: Grimmsnarl|0 fnt\n|faint|p1a: Grimmsnarl\n|move|p1b: Tapu Lele|Psychic|p2b: Gholdengo\n|-activate|p2b: Gholdengo|move: Protect\n|\n|upkeep\n|\n|t:|1700841094\n|switch|p1a: Mawile|Mawile, M|100\/100\n|-ability|p1a: Mawile|Intimidate|boost\n|-unboost|p2a: Scizor|atk|1\n|-unboost|p2b: Gholdengo|atk|1\n|turn|4\n|\n|t:|1700841120\n|switch|p2a: Tauros|Tauros-Paldea-Blaze, M|100\/100\n|-ability|p2a: Tauros|Intimidate|boost\n|-unboost|p1a: Mawile|atk|1\n|-unboost|p1b: Tapu Lele|atk|1\n|switch|p2b: Incineroar|Incineroar, M|100\/100\n|-ability|p2b: Incineroar|Intimidate|boost\n|-unboost|p1a: Mawile|atk|1\n|-unboost|p1b: Tapu Lele|atk|1\n|detailschange|p1a: Mawile|Mawile-Mega, M\n|-mega|p1a: Mawile|Mawile|Mawilite\n|move|p1b: Tapu Lele|Protect|p1b: Tapu Lele\n|-singleturn|p1b: Tapu Lele|Protect\n|move|p1a: Mawile|Fire Fang|p2b: Incineroar\n|-resisted|p2b: Incineroar\n|-damage|p2b: Incineroar|91\/100\n|\n|upkeep\n|turn|5\n|\n|t:|1700841144\n|switch|p1a: Clefable|Clefable, M|100\/100\n|move|p2a: Tauros|Protect|p2a: Tauros\n|-singleturn|p2a: Tauros|Protect\n|move|p2b: Incineroar|Will-O-Wisp|p1a: Clefable\n|-status|p1a: Clefable|brn\n|move|p1b: Tapu Lele|Psychic|p2a: Tauros\n|-activate|p2a: Tauros|move: Protect\n|\n|-damage|p1a: Clefable|94\/100 brn|[from] brn\n|-fieldend|move: Trick Room\n|upkeep\n|turn|6\n|\n|t:|1700841169\n|switch|p2a: Scizor|Scizor, F|100\/100\n|move|p1a: Clefable|Follow Me|p1a: Clefable\n|-singleturn|p1a: Clefable|move: Follow Me\n|move|p1b: Tapu Lele|Psychic|p2a: Scizor\n|-resisted|p2a: Scizor\n|-damage|p2a: Scizor|66\/100\n|-unboost|p2a: Scizor|spd|1\n|-damage|p1b: Tapu Lele|40\/100|[from] item: Life Orb\n|move|p2b: Incineroar|Will-O-Wisp|p1a: Clefable\n|-fail|p1a: Clefable|brn\n|\n|-heal|p2a: Scizor|73\/100|[from] item: Leftovers\n|-heal|p1a: Clefable|100\/100 brn|[from] item: Leftovers\n|-damage|p1a: Clefable|94\/100 brn|[from] brn\n|-fieldend|move: Psychic Terrain\n|upkeep\n|turn|7\n|\n|t:|1700841184\n|move|p1a: Clefable|Follow Me|p1a: Clefable\n|-singleturn|p1a: Clefable|move: Follow Me\n|move|p1b: Tapu Lele|Psychic|p2a: Scizor\n|-resisted|p2a: Scizor\n|-damage|p2a: Scizor|30\/100\n|-damage|p1b: Tapu Lele|30\/100|[from] item: Life Orb\n|move|p2a: Scizor|Iron Head|p1a: Clefable\n|-supereffective|p1a: Clefable\n|-damage|p1a: Clefable|44\/100 brn\n|move|p2b: Incineroar|Parting Shot|p1a: Clefable\n|-unboost|p1a: Clefable|atk|1\n|-unboost|p1a: Clefable|spa|1\n|\n|t:|1700841198\n|switch|p2b: Tauros|Tauros-Paldea-Blaze, M|100\/100|[from] Parting Shot\n|-ability|p2b: Tauros|Intimidate|boost\n|-unboost|p1a: Clefable|atk|1\n|-unboost|p1b: Tapu Lele|atk|1\n|\n|-heal|p2a: Scizor|36\/100|[from] item: Leftovers\n|-heal|p1a: Clefable|50\/100 brn|[from] item: Leftovers\n|-damage|p1a: Clefable|44\/100 brn|[from] brn\n|upkeep\n|turn|8\n|\n|t:|1700841252\n|move|p2b: Tauros|Protect|p2b: Tauros\n|-singleturn|p2b: Tauros|Protect\n|move|p1a: Clefable|Follow Me|p1a: Clefable\n|-singleturn|p1a: Clefable|move: Follow Me\n|move|p2a: Scizor|Bullet Punch|p1a: Clefable\n|-supereffective|p1a: Clefable\n|-damage|p1a: Clefable|7\/100 brn\n|move|p1b: Tapu Lele|Dazzling Gleam|p2a: Scizor|[spread] p2a\n|-activate|p2b: Tauros|move: Protect\n|-resisted|p2a: Scizor\n|-damage|p2a: Scizor|9\/100\n|-damage|p1b: Tapu Lele|21\/100|[from] item: Life Orb\n|\n|-heal|p2a: Scizor|15\/100|[from] item: Leftovers\n|-heal|p1a: Clefable|13\/100 brn|[from] item: Leftovers\n|-damage|p1a: Clefable|7\/100 brn|[from] brn\n|-sideend|p1: Prapple2|move: Light Screen\n|upkeep\n|turn|9\n|\n|t:|1700841267\n|move|p1a: Clefable|Follow Me|p1a: Clefable\n|-singleturn|p1a: Clefable|move: Follow Me\n|move|p2a: Scizor|Bullet Punch|p1a: Clefable\n|-supereffective|p1a: Clefable\n|-damage|p1a: Clefable|0 fnt\n|faint|p1a: Clefable\n|move|p2b: Tauros|Smart Strike|p1b: Tapu Lele\n|-supereffective|p1b: Tapu Lele\n|-damage|p1b: Tapu Lele|0 fnt\n|faint|p1b: Tapu Lele\n|-damage|p2b: Tauros|91\/100|[from] item: Life Orb\n|\n|-heal|p2a: Scizor|21\/100|[from] item: Leftovers\n|upkeep\n|\n|t:|1700841274\n|switch|p1b: Diancie|Diancie|100\/100\n|switch|p1a: Mawile|Mawile-Mega, M|100\/100\n|turn|10\n|\n|t:|1700841293\n|switch|p2a: Incineroar|Incineroar, M|91\/100\n|-ability|p2a: Incineroar|Intimidate|boost\n|-unboost|p1a: Mawile|atk|1\n|-fail|p1b: Diancie|unboost|[from] ability: Clear Body|[of] p1b: Diancie\n|move|p2b: Tauros|Raging Bull|p1a: Mawile\n|-sideend|p1: Prapple2|Reflect\n|-supereffective|p1a: Mawile\n|-damage|p1a: Mawile|0 fnt\n|faint|p1a: Mawile\n|-damage|p2b: Tauros|81\/100|[from] item: Life Orb\n|move|p1b: Diancie|Diamond Storm|p2a: Incineroar|[spread] p2a,p2b\n|-supereffective|p2a: Incineroar\n|-damage|p2a: Incineroar|38\/100\n|-damage|p2b: Tauros|52\/100\n|-enditem|p2a: Incineroar|Sitrus Berry|[eat]\n|-heal|p2a: Incineroar|63\/100|[from] item: Sitrus Berry\n|\n|upkeep\n|turn|11\n|c|\u2606Prapple2|hard counter teams are so tough for fairy\n|\n|t:|1700841313\n|move|p2a: Incineroar|Fake Out|p1b: Diancie\n|-resisted|p1b: Diancie\n|-damage|p1b: Diancie|97\/100\n|move|p2b: Tauros|Smart Strike|p1b: Diancie\n|-supereffective|p1b: Diancie\n|-damage|p1b: Diancie|20\/100\n|-damage|p2b: Tauros|42\/100|[from] item: Life Orb\n|cant|p1b: Diancie|flinch\n|\n|upkeep\n|turn|12\n|\n|t:|1700841325\n|move|p2b: Tauros|Smart Strike|p1b: Diancie\n|-supereffective|p1b: Diancie\n|-damage|p1b: Diancie|0 fnt\n|faint|p1b: Diancie\n|-damage|p2b: Tauros|32\/100|[from] item: Life Orb\n|\n|win|Mokaccino333\n|c|\u2606Mokaccino333|i dont have that many steel\n|c|\u2606Mokaccino333|D:\n|c|\u2606Prapple2|ye bit scizor and ghold pain\n|c|\u2606Mokaccino333|just mystical fire it\n|c|\u2606Mokaccino333|xd\n|c|\u2606Prapple2|+ tauros and incineroar checks my only ghold counter LOL\n|c|\u2606Mokaccino333|ya lol why you tihnk i brought double intimidate\n|c|\u2606Prapple2|no fairy can 1 hit ghold wit mystical fire iirc\n|c|\u2606Prapple2|at least without specs\n|c|\u2606Prapple2|unless i do what i did in my psychic team\n|c|\u2606Prapple2|firium z\n|c|\u2606Prapple2|LOL\n|c|\u2606Mokaccino333|LOL\n","uploadtime":1700841407,"views":19,"p1id":"prapple2","p2id":"mokaccino333","formatid":"gen9nationaldexdoubles","rating":0,"private":0,"password":""}