{"id":"gen9nationaldexdoubles-1995360234","p1":"heitaok","p2":"Muggcat","format":"[Gen 9] National Dex Doubles","log":"|j|\u2606heitaok\n|j|\u2606Muggcat\n|t:|1700559727\n|gametype|doubles\n|player|p1|heitaok|gentleman|1145\n|player|p2|Muggcat|1|1118\n|teamsize|p1|6\n|teamsize|p2|6\n|gen|9\n|tier|[Gen 9] National Dex Doubles\n|rated|\n|rule|HP Percentage Mod: HP is shown in percentages\n|rule|Endless Battle Clause: Forcing endless battles is banned\n|rule|OHKO Clause: OHKO moves are banned\n|rule|Evasion Moves Clause: Evasion moves are banned\n|rule|Evasion Abilities Clause: Evasion abilities are banned\n|rule|Species Clause: Limit one of each Pok\u00e9mon\n|rule|Gravity Sleep Clause: The combination of sleep-inducing moves with imperfect accuracy and Gravity or Gigantamax Orbeetle are banned\n|clearpoke\n|poke|p1|Salamence, M|\n|poke|p1|Indeedee-F, F|\n|poke|p1|Tornadus, M|\n|poke|p1|Chi-Yu|\n|poke|p1|Cresselia, F|\n|poke|p1|Incineroar, M|\n|poke|p2|Raichu-Alola, F|\n|poke|p2|Golurk|\n|poke|p2|Regidrago|\n|poke|p2|Chi-Yu|\n|poke|p2|Urshifu-*, M|\n|poke|p2|Regieleki|\n|teampreview\n|inactive|Battle timer is ON: inactive players will automatically lose when time's up. (requested by heitaok)\n|inactive|Muggcat has 120 seconds left.\n|\n|t:|1700559763\n|start\n|switch|p1a: Tornadus|Tornadus, M|100\/100\n|switch|p1b: Salamence|Salamence, M|100\/100\n|switch|p2a: Raichu|Raichu-Alola, F, shiny|100\/100\n|switch|p2b: Regidrago|Regidrago|100\/100\n|-ability|p1b: Salamence|Intimidate|boost\n|-unboost|p2a: Raichu|atk|1\n|-unboost|p2b: Regidrago|atk|1\n|turn|1\n|\n|t:|1700559783\n|-terastallize|p2b: Regidrago|Steel\n|move|p1b: Salamence|Protect|p1b: Salamence\n|-singleturn|p1b: Salamence|Protect\n|move|p2a: Raichu|Fake Out|p1a: Tornadus\n|-damage|p1a: Tornadus|92\/100\n|move|p1a: Tornadus|Bleakwind Storm|p2b: Regidrago|[spread] p2a,p2b\n|-resisted|p2a: Raichu\n|-crit|p2a: Raichu\n|-resisted|p2b: Regidrago\n|-damage|p2a: Raichu|67\/100\n|-damage|p2b: Regidrago|88\/100\n|move|p2b: Regidrago|Dragon Energy|p1a: Tornadus|[spread] p1a\n|-activate|p1b: Salamence|move: Protect\n|-damage|p1a: Tornadus|8\/100\n|\n|upkeep\n|turn|2\n|inactive|Muggcat has 120 seconds left.\n|\n|t:|1700559823\n|switch|p1b: Incineroar|Incineroar, M|100\/100\n|-ability|p1b: Incineroar|Intimidate|boost\n|-unboost|p2a: Raichu|atk|1\n|-unboost|p2b: Regidrago|atk|1\n|switch|p2b: Regieleki|Regieleki, shiny|100\/100\n|move|p1a: Tornadus|Tailwind|p1a: Tornadus\n|-sidestart|p1: heitaok|move: Tailwind\n|move|p2a: Raichu|Electric Terrain|p2a: Raichu\n|-fieldstart|move: Electric Terrain\n|\n|upkeep\n|turn|3\n|inactive|Muggcat has 120 seconds left.\n|\n|t:|1700559842\n|move|p2b: Regieleki|Protect|p2b: Regieleki\n|-singleturn|p2b: Regieleki|Protect\n|move|p1b: Incineroar|Fake Out|p2b: Regieleki\n|-activate|p2b: Regieleki|move: Protect\n|move|p1a: Tornadus|Bleakwind Storm|p2a: Raichu|[spread] p2a\n|-activate|p2b: Regieleki|move: Protect\n|-resisted|p2a: Raichu\n|-damage|p2a: Raichu|45\/100\n|-unboost|p2a: Raichu|spe|1\n|move|p2a: Raichu|Light Screen|p2a: Raichu\n|-sidestart|p2: Muggcat|move: Light Screen\n|\n|upkeep\n|turn|4\n|inactive|Muggcat has 120 seconds left.\n|\n|t:|1700559871\n|switch|p2a: Chi-Yu|Chi-Yu|100\/100\n|-ability|p2a: Chi-Yu|Beads of Ruin\n|move|p1a: Tornadus|Taunt|p2a: Chi-Yu\n|-hint|Since gen 7, Dark is immune to Prankster moves.\n|-immune|p2a: Chi-Yu\n|move|p2b: Regieleki|Electroweb|p1b: Incineroar|[spread] p1b\n|-miss|p2b: Regieleki|p1a: Tornadus\n|-damage|p1b: Incineroar|64\/100\n|-unboost|p1b: Incineroar|spe|1\n|move|p1b: Incineroar|Knock Off|p2b: Regieleki\n|-damage|p2b: Regieleki|33\/100\n|-enditem|p2b: Regieleki|Focus Sash|[from] move: Knock Off|[of] p1b: Incineroar\n|\n|upkeep\n|turn|5\n|\n|t:|1700559895\n|move|p1a: Tornadus|Bleakwind Storm|p2a: Chi-Yu|[spread] p2a,p2b\n|-resisted|p2b: Regieleki\n|-damage|p2a: Chi-Yu|69\/100\n|-damage|p2b: Regieleki|2\/100\n|move|p2b: Regieleki|Electroweb|p1a: Tornadus|[spread] p1a,p1b\n|-supereffective|p1a: Tornadus\n|-damage|p1a: Tornadus|0 fnt\n|-damage|p1b: Incineroar|30\/100\n|-unboost|p1b: Incineroar|spe|1\n|-enditem|p1b: Incineroar|Sitrus Berry|[eat]\n|-heal|p1b: Incineroar|55\/100|[from] item: Sitrus Berry\n|faint|p1a: Tornadus\n|move|p2a: Chi-Yu|Heat Wave|p1b: Incineroar\n|-resisted|p1b: Incineroar\n|-damage|p1b: Incineroar|25\/100\n|move|p1b: Incineroar|Knock Off|p2a: Chi-Yu\n|-resisted|p2a: Chi-Yu\n|-damage|p2a: Chi-Yu|40\/100\n|-enditem|p2a: Chi-Yu|Expert Belt|[from] move: Knock Off|[of] p1b: Incineroar\n|\n|-sideend|p1: heitaok|move: Tailwind\n|upkeep\n|inactive|heitaok has 120 seconds left.\n|\n|t:|1700559915\n|switch|p1a: Salamence|Salamence, M|100\/100\n|-ability|p1a: Salamence|Intimidate|boost\n|-unboost|p2a: Chi-Yu|atk|1\n|-unboost|p2b: Regieleki|atk|1\n|turn|6\n|\n|t:|1700559928\n|switch|p1b: Cresselia|Cresselia, F|100\/100\n|detailschange|p1a: Salamence|Salamence-Mega, M\n|-mega|p1a: Salamence|Salamence|Salamencite\n|move|p2b: Regieleki|Electroweb|p1b: Cresselia|[spread] p1a,p1b\n|-damage|p1a: Salamence|65\/100\n|-damage|p1b: Cresselia|80\/100\n|-unboost|p1a: Salamence|spe|1\n|-unboost|p1b: Cresselia|spe|1\n|move|p2a: Chi-Yu|Heat Wave|p1b: Cresselia|[spread] p1a,p1b\n|-resisted|p1a: Salamence\n|-damage|p1a: Salamence|43\/100\n|-damage|p1b: Cresselia|53\/100\n|move|p1a: Salamence|Dragon Dance|p1a: Salamence\n|-boost|p1a: Salamence|atk|1\n|-boost|p1a: Salamence|spe|1\n|\n|-fieldend|move: Electric Terrain\n|upkeep\n|turn|7\n|\n|t:|1700559952\n|move|p1a: Salamence|Protect|p1a: Salamence\n|-singleturn|p1a: Salamence|Protect\n|move|p2b: Regieleki|Electroweb|p1b: Cresselia|[spread] p1b\n|-activate|p1a: Salamence|move: Protect\n|-damage|p1b: Cresselia|34\/100\n|-unboost|p1b: Cresselia|spe|1\n|move|p2a: Chi-Yu|Dark Pulse|p1b: Cresselia\n|-supereffective|p1b: Cresselia\n|-damage|p1b: Cresselia|0 fnt\n|faint|p1b: Cresselia\n|\n|-sideend|p2: Muggcat|move: Light Screen\n|upkeep\n|\n|t:|1700559963\n|switch|p1b: Incineroar|Incineroar, M|25\/100\n|-ability|p1b: Incineroar|Intimidate|boost\n|-unboost|p2a: Chi-Yu|atk|1\n|-unboost|p2b: Regieleki|atk|1\n|turn|8\n|\n|t:|1700559973\n|switch|p2a: Golurk|Golurk, shiny|100\/100\n|move|p2b: Regieleki|Protect|p2b: Regieleki\n|-singleturn|p2b: Regieleki|Protect\n|move|p1b: Incineroar|Fake Out|p2a: Golurk\n|-immune|p2a: Golurk\n|move|p1a: Salamence|Dragon Dance|p1a: Salamence\n|-boost|p1a: Salamence|atk|1\n|-boost|p1a: Salamence|spe|1\n|\n|upkeep\n|turn|9\n|\n|t:|1700559992\n|move|p2b: Regieleki|Electroweb|p1a: Salamence|[spread] p1a,p1b\n|-damage|p1a: Salamence|21\/100\n|-damage|p1b: Incineroar|7\/100\n|-unboost|p1a: Salamence|spe|1\n|-unboost|p1b: Incineroar|spe|1\n|move|p1a: Salamence|Return|p2b: Regieleki\n|-resisted|p2b: Regieleki\n|-crit|p2b: Regieleki\n|-damage|p2b: Regieleki|0 fnt\n|faint|p2b: Regieleki\n|move|p2a: Golurk|High Horsepower|p1b: Incineroar\n|-supereffective|p1b: Incineroar\n|-damage|p1b: Incineroar|0 fnt\n|faint|p1b: Incineroar\n|\n|upkeep\n|\n|t:|1700560020\n|switch|p2b: Regidrago|Regidrago, tera:Steel|88\/100\n|switch|p1b: Indeedee|Indeedee-F, F|100\/100\n|-fieldstart|move: Psychic Terrain|[from] ability: Psychic Surge|[of] p1b: Indeedee\n|turn|10\n|\n|t:|1700560032\n|move|p1b: Indeedee|Helping Hand|p1a: Salamence\n|-singleturn|p1a: Salamence|Helping Hand|[of] p1b: Indeedee\n|move|p1a: Salamence|Return|p2b: Regidrago\n|-resisted|p2b: Regidrago\n|-damage|p2b: Regidrago|0 fnt\n|faint|p2b: Regidrago\n|move|p2a: Golurk|Ice Punch|p1a: Salamence\n|-supereffective|p1a: Salamence\n|-damage|p1a: Salamence|0 fnt\n|faint|p1a: Salamence\n|\n|upkeep\n|inactive|Muggcat has 120 seconds left.\n|\n|t:|1700560068\n|switch|p1a: Chi-Yu|Chi-Yu|100\/100\n|switch|p2b: Chi-Yu|Chi-Yu|40\/100\n|-ability|p1a: Chi-Yu|Beads of Ruin\n|-ability|p2b: Chi-Yu|Beads of Ruin\n|turn|11\n|\n|t:|1700560082\n|move|p1b: Indeedee|Helping Hand|p1a: Chi-Yu\n|-singleturn|p1a: Chi-Yu|Helping Hand|[of] p1b: Indeedee\n|move|p2b: Chi-Yu|Dark Pulse|p1b: Indeedee\n|-supereffective|p1b: Indeedee\n|-damage|p1b: Indeedee|0 fnt\n|faint|p1b: Indeedee\n|move|p1a: Chi-Yu|Dark Pulse|p2a: Golurk\n|-supereffective|p2a: Golurk\n|-damage|p2a: Golurk|0 fnt\n|faint|p2a: Golurk\n|-damage|p1a: Chi-Yu|91\/100|[from] item: Life Orb\n|\n|upkeep\n|-message|heitaok forfeited.\n|\n|win|Muggcat\n|raw|heitaok's rating: 1145 &rarr; <strong>1118<\/strong><br \/>(-27 for losing)\n|raw|Muggcat's rating: 1118 &rarr; <strong>1145<\/strong><br \/>(+27 for winning)\n|l|\u2606heitaok\n","uploadtime":1700560100,"views":6,"p1id":"heitaok","p2id":"muggcat","formatid":"gen9nationaldexdoubles","rating":1118,"private":0,"password":""}