{"id":"gen9nationaldexdoubles-1959090320","p1":"joaxd","p2":"SnarkyGolb1n","format":"[Gen 9] National Dex Doubles","log":"|j|\u2606joaxd\n|j|\u2606SnarkyGolb1n\n|t:|1696385669\n|gametype|doubles\n|player|p1|joaxd|265|1132\n|player|p2|SnarkyGolb1n|169|1030\n|teamsize|p1|6\n|teamsize|p2|4\n|gen|9\n|tier|[Gen 9] National Dex Doubles\n|rated|\n|rule|HP Percentage Mod: HP is shown in percentages\n|rule|Endless Battle Clause: Forcing endless battles is banned\n|rule|OHKO Clause: OHKO moves are banned\n|rule|Evasion Moves Clause: Evasion moves are banned\n|rule|Evasion Abilities Clause: Evasion abilities are banned\n|rule|Species Clause: Limit one of each Pok\u00e9mon\n|rule|Gravity Sleep Clause: The combination of sleep-inducing moves with imperfect accuracy and Gravity or Gigantamax Orbeetle are banned\n|clearpoke\n|poke|p1|Regieleki|\n|poke|p1|Gastrodon, F|\n|poke|p1|Scizor, F|\n|poke|p1|Marowak-Alola, F|\n|poke|p1|Tapu Fini|\n|poke|p1|Hitmontop, M|\n|poke|p2|Gholdengo|\n|poke|p2|Golem, F|\n|poke|p2|Garganacl, F|\n|poke|p2|Forretress, M|\n|teampreview\n|\n|t:|1696385692\n|start\n|switch|p1a: Regieleki|Regieleki|100\/100\n|switch|p1b: Tapu Fini|Tapu Fini|100\/100\n|switch|p2a: Gholdengo|Gholdengo|100\/100\n|switch|p2b: Golem|Golem, F|100\/100\n|-fieldstart|move: Misty Terrain|[from] ability: Misty Surge|[of] p1b: Tapu Fini\n|turn|1\n|\n|t:|1696385717\n|move|p1b: Tapu Fini|Protect|p1b: Tapu Fini\n|-singleturn|p1b: Tapu Fini|Protect\n|move|p1a: Regieleki|Thunder Wave|p2a: Gholdengo\n|-immune|p2a: Gholdengo|[from] ability: Good as Gold\n|move|p2a: Gholdengo|Nasty Plot|p2a: Gholdengo\n|-boost|p2a: Gholdengo|spa|2\n|move|p2b: Golem|Explosion|p1a: Regieleki|[spread] p1a\n|-activate|p1b: Tapu Fini|move: Protect\n|-immune|p2a: Gholdengo\n|-enditem|p2b: Golem|Normal Gem|[from] gem\n|-damage|p1a: Regieleki|0 fnt\n|faint|p2b: Golem\n|faint|p1a: Regieleki\n|\n|upkeep\n|\n|t:|1696385734\n|switch|p1a: Scizor|Scizor, F|100\/100\n|switch|p2b: Garganacl|Garganacl, F|100\/100\n|turn|2\n|\n|t:|1696385750\n|detailschange|p1a: Scizor|Scizor-Mega, F\n|-mega|p1a: Scizor|Scizor|Scizorite\n|move|p1a: Scizor|Close Combat|p2b: Garganacl\n|-supereffective|p2b: Garganacl\n|-damage|p2b: Garganacl|36\/100\n|-unboost|p1a: Scizor|def|1\n|-unboost|p1a: Scizor|spd|1\n|move|p1b: Tapu Fini|Calm Mind|p1b: Tapu Fini\n|-boost|p1b: Tapu Fini|spa|1\n|-boost|p1b: Tapu Fini|spd|1\n|move|p2a: Gholdengo|Make It Rain|p1b: Tapu Fini|[spread] p1a,p1b\n|-resisted|p1a: Scizor\n|-damage|p1a: Scizor|1\/100\n|-damage|p1b: Tapu Fini|42\/100\n|-unboost|p2a: Gholdengo|spa|1\n|move|p2b: Garganacl|Salt Cure|p1a: Scizor\n|-damage|p1a: Scizor|0 fnt\n|faint|p1a: Scizor\n|\n|-heal|p1b: Tapu Fini|48\/100|[from] item: Leftovers\n|upkeep\n|\n|t:|1696385775\n|switch|p1a: Hitmontop|Hitmontop, M|100\/100\n|-ability|p1a: Hitmontop|Intimidate|boost\n|-unboost|p2a: Gholdengo|atk|1\n|-unboost|p2b: Garganacl|atk|1\n|turn|3\n|\n|t:|1696385783\n|move|p1a: Hitmontop|Fake Out|p2b: Garganacl\n|-resisted|p2b: Garganacl\n|-damage|p2b: Garganacl|31\/100\n|move|p1b: Tapu Fini|Muddy Water|p2a: Gholdengo|[spread] p2a,p2b\n|-supereffective|p2b: Garganacl\n|-damage|p2a: Gholdengo|60\/100\n|-damage|p2b: Garganacl|0 fnt\n|faint|p2b: Garganacl\n|move|p2a: Gholdengo|Nasty Plot|p2a: Gholdengo\n|-boost|p2a: Gholdengo|spa|2\n|\n|-heal|p1b: Tapu Fini|54\/100|[from] item: Leftovers\n|upkeep\n|\n|t:|1696385793\n|switch|p2b: Forretress|Forretress, M|100\/100\n|turn|4\n|\n|t:|1696385803\n|move|p1a: Hitmontop|Wide Guard|p1a: Hitmontop\n|-singleturn|p1a: Hitmontop|Wide Guard\n|move|p1b: Tapu Fini|Moonblast|p2a: Gholdengo\n|-resisted|p2a: Gholdengo\n|-damage|p2a: Gholdengo|32\/100\n|move|p2a: Gholdengo|Nasty Plot|p2a: Gholdengo\n|-boost|p2a: Gholdengo|spa|2\n|move|p2b: Forretress|Explosion|p1b: Tapu Fini|[spread] \n|-activate|p1a: Hitmontop|move: Wide Guard\n|-activate|p1b: Tapu Fini|move: Wide Guard\n|-immune|p2a: Gholdengo\n|faint|p2b: Forretress\n|\n|-heal|p1b: Tapu Fini|60\/100|[from] item: Leftovers\n|upkeep\n|turn|5\n|\n|t:|1696385825\n|move|p1a: Hitmontop|Wide Guard|p1a: Hitmontop\n|-singleturn|p1a: Hitmontop|Wide Guard\n|move|p1b: Tapu Fini|Moonblast|p2a: Gholdengo\n|-resisted|p2a: Gholdengo\n|-damage|p2a: Gholdengo|5\/100\n|-unboost|p2a: Gholdengo|spa|1\n|move|p2a: Gholdengo|Make It Rain|p1a: Hitmontop|[spread] \n|-activate|p1a: Hitmontop|move: Wide Guard\n|-activate|p1b: Tapu Fini|move: Wide Guard\n|\n|-heal|p1b: Tapu Fini|66\/100|[from] item: Leftovers\n|-fieldend|Misty Terrain\n|upkeep\n|turn|6\n|\n|t:|1696385846\n|move|p1a: Hitmontop|Wide Guard|p1a: Hitmontop\n|-singleturn|p1a: Hitmontop|Wide Guard\n|move|p1b: Tapu Fini|Muddy Water|p2a: Gholdengo\n|-damage|p2a: Gholdengo|0 fnt\n|faint|p2a: Gholdengo\n|\n|win|joaxd\n|raw|joaxd's rating: 1132 &rarr; <strong>1150<\/strong><br \/>(+18 for winning)\n|raw|SnarkyGolb1n's rating: 1030 &rarr; <strong>1020<\/strong><br \/>(-10 for losing)\n|c|\u2606joaxd|gg\n","uploadtime":1696385860,"views":12,"p1id":"joaxd","p2id":"snarkygolb1n","formatid":"gen9nationaldexdoubles","rating":1020,"private":0,"password":""}