{"id":"gen9nationaldexdoubles-1963864103","p1":"Duvydoooo","p2":"Denvah_17","format":"[Gen 9] National Dex Doubles","log":"|j|\u2606Duvydoooo\n|j|\u2606Denvah_17\n|t:|1696908210\n|gametype|doubles\n|player|p1|Duvydoooo|iris-gen5bw2|1185\n|player|p2|Denvah_17|alder|1335\n|teamsize|p1|6\n|teamsize|p2|6\n|gen|9\n|tier|[Gen 9] National Dex Doubles\n|rated|\n|rule|HP Percentage Mod: HP is shown in percentages\n|rule|Endless Battle Clause: Forcing endless battles is banned\n|rule|OHKO Clause: OHKO moves are banned\n|rule|Evasion Moves Clause: Evasion moves are banned\n|rule|Evasion Abilities Clause: Evasion abilities are banned\n|rule|Species Clause: Limit one of each Pok\u00e9mon\n|rule|Gravity Sleep Clause: The combination of sleep-inducing moves with imperfect accuracy and Gravity or Gigantamax Orbeetle are banned\n|clearpoke\n|poke|p1|Mew|\n|poke|p1|Trevenant, M|\n|poke|p1|Comfey, F|\n|poke|p1|Scizor, M|\n|poke|p1|Hoopa|\n|poke|p1|Glaceon, F|\n|poke|p2|Sinistcha-Masterpiece|\n|poke|p2|Enamorus, F|\n|poke|p2|Volcanion|\n|poke|p2|Scizor, F|\n|poke|p2|Okidogi, M|\n|poke|p2|Ursaluna-Bloodmoon, M|\n|teampreview\n|inactive|Battle timer is ON: inactive players will automatically lose when time's up. (requested by Denvah_17)\n|\n|t:|1696908245\n|start\n|switch|p1a: Hoopa|Hoopa|100\/100\n|switch|p1b: Glaceon|Glaceon, F, shiny|100\/100\n|switch|p2a: Sonria|Enamorus, F|100\/100\n|switch|p2b: Grass Latte|Sinistcha-Masterpiece|100\/100\n|turn|1\n|\n|t:|1696908267\n|move|p2a: Sonria|Superpower|p1b: Glaceon\n|-supereffective|p1b: Glaceon\n|-damage|p1b: Glaceon|24\/100\n|-boost|p2a: Sonria|atk|1\n|-boost|p2a: Sonria|def|1\n|move|p2b: Grass Latte|Calm Mind|p2b: Grass Latte\n|-boost|p2b: Grass Latte|spa|1\n|-boost|p2b: Grass Latte|spd|1\n|move|p1a: Hoopa|Shadow Ball|p2b: Grass Latte\n|-supereffective|p2b: Grass Latte\n|-damage|p2b: Grass Latte|28\/100\n|-enditem|p2b: Grass Latte|Weakness Policy\n|-boost|p2b: Grass Latte|atk|2|[from] item: Weakness Policy\n|-boost|p2b: Grass Latte|spa|2|[from] item: Weakness Policy\n|move|p1b: Glaceon|Hail|p1b: Glaceon\n|-weather|Hail\n|\n|-weather|Hail|[upkeep]\n|-damage|p2a: Sonria|94\/100|[from] Hail\n|-damage|p2b: Grass Latte|22\/100|[from] Hail\n|-damage|p1a: Hoopa|94\/100|[from] Hail\n|-heal|p1b: Glaceon|30\/100|[from] ability: Ice Body\n|upkeep\n|turn|2\n|inactive|Denvah_17 has 120 seconds left.\n|\n|t:|1696908308\n|switch|p1b: Trevenant|Trevenant, M|100\/100\n|move|p2a: Sonria|Play Rough|p1a: Hoopa\n|-damage|p1a: Hoopa|10\/100\n|move|p2b: Grass Latte|Strength Sap|p2a: Sonria\n|-boost|p2a: Sonria|atk|1\n|-heal|p2b: Grass Latte|100\/100\n|move|p1a: Hoopa|Shadow Ball|p2b: Grass Latte\n|-supereffective|p2b: Grass Latte\n|-damage|p2b: Grass Latte|20\/100\n|\n|-weather|Hail|[upkeep]\n|-damage|p2a: Sonria|88\/100|[from] Hail\n|-damage|p2b: Grass Latte|14\/100|[from] Hail\n|-damage|p1a: Hoopa|4\/100|[from] Hail\n|-damage|p1b: Trevenant|94\/100|[from] Hail\n|upkeep\n|turn|3\n|inactive|Denvah_17 has 120 seconds left.\n|\n|t:|1696908333\n|move|p1b: Trevenant|Sucker Punch||[still]\n|-fail|p1b: Trevenant\n|move|p2a: Sonria|Play Rough|p1b: Trevenant\n|-damage|p1b: Trevenant|0 fnt\n|faint|p1b: Trevenant\n|move|p2b: Grass Latte|Strength Sap|p2a: Sonria\n|-boost|p2a: Sonria|atk|1\n|-heal|p2b: Grass Latte|100\/100\n|move|p1a: Hoopa|Psychic Terrain|p1a: Hoopa\n|-fieldstart|move: Psychic Terrain\n|\n|-weather|Hail|[upkeep]\n|-damage|p2a: Sonria|82\/100|[from] Hail\n|-damage|p2b: Grass Latte|94\/100|[from] Hail\n|-damage|p1a: Hoopa|0 fnt|[from] Hail\n|faint|p1a: Hoopa\n|upkeep\n|inactive|Duvydoooo has 120 seconds left.\n|\n|t:|1696908349\n|switch|p1a: Mew|Mew|100\/100\n|switch|p1b: Comfey|Comfey, F|100\/100\n|turn|4\n|\n|t:|1696908371\n|-terastallize|p2b: Grass Latte|Grass\n|move|p2a: Sonria|Play Rough|p1b: Comfey\n|-damage|p1b: Comfey|0 fnt\n|faint|p1b: Comfey\n|move|p1a: Mew|Expanding Force|p2b: Grass Latte|[spread] p2a,p2b\n|-damage|p2a: Sonria|15\/100\n|-damage|p2b: Grass Latte|35\/100\n|move|p2b: Grass Latte|Matcha Gotcha|p1a: Mew\n|-damage|p1a: Mew|0 fnt\n|-heal|p2b: Grass Latte|96\/100|[from] drain|[of] p1a: Mew\n|faint|p1a: Mew\n|\n|-weather|Hail|[upkeep]\n|-damage|p2a: Sonria|9\/100|[from] Hail\n|-damage|p2b: Grass Latte|90\/100|[from] Hail\n|upkeep\n|\n|t:|1696908379\n|switch|p1a: Glaceon|Glaceon, F, shiny|30\/100\n|switch|p1b: Scizor|Scizor, M|100\/100\n|turn|5\n|\n|t:|1696908407\n|move|p2a: Sonria|Superpower|p1a: Glaceon\n|-supereffective|p1a: Glaceon\n|-damage|p1a: Glaceon|0 fnt\n|-boost|p2a: Sonria|atk|1\n|-boost|p2a: Sonria|def|1\n|faint|p1a: Glaceon\n|move|p2b: Grass Latte|Matcha Gotcha|p1b: Scizor\n|-resisted|p1b: Scizor\n|-damage|p1b: Scizor|65\/100\n|-heal|p2b: Grass Latte|100\/100|[from] drain|[of] p1b: Scizor\n|-status|p1b: Scizor|brn\n|move|p1b: Scizor|Dual Wingbeat|p2a: Sonria\n|-damage|p2a: Sonria|0 fnt\n|faint|p2a: Sonria\n|-hitcount|p2: Sonria|1\n|\n|-weather|Hail|[upkeep]\n|-damage|p2b: Grass Latte|94\/100|[from] Hail\n|-damage|p1b: Scizor|59\/100 brn|[from] Hail\n|-heal|p1b: Scizor|65\/100 brn|[from] item: Leftovers\n|-damage|p1b: Scizor|59\/100 brn|[from] brn\n|upkeep\n|-message|Duvydoooo forfeited.\n|\n|win|Denvah_17\n|raw|Duvydoooo's rating: 1185 &rarr; <strong>1169<\/strong><br \/>(-16 for losing)\n|raw|Denvah_17's rating: 1312 &rarr; <strong>1325<\/strong><br \/>(+13 for winning)\n|l|\u2606Duvydoooo\n","uploadtime":1696908429,"views":13,"p1id":"duvydoooo","p2id":"denvah17","formatid":"gen9nationaldexdoubles","rating":1169,"private":0,"password":""}