{"id":"gen9nationaldexdoubles-1965712657","p1":"Prototype2.O","p2":"WBKRAD12022","format":"[Gen 9] National Dex Doubles","log":"|j|\u2606Prototype2.O\n|j|\u2606WBKRAD12022\n|t:|1697111773\n|gametype|doubles\n|player|p1|Prototype2.O|benga|1067\n|player|p2|WBKRAD12022|ninjaboy|1034\n|teamsize|p1|5\n|teamsize|p2|4\n|gen|9\n|tier|[Gen 9] National Dex Doubles\n|rated|\n|rule|HP Percentage Mod: HP is shown in percentages\n|rule|Endless Battle Clause: Forcing endless battles is banned\n|rule|OHKO Clause: OHKO moves are banned\n|rule|Evasion Moves Clause: Evasion moves are banned\n|rule|Evasion Abilities Clause: Evasion abilities are banned\n|rule|Species Clause: Limit one of each Pok\u00e9mon\n|rule|Gravity Sleep Clause: The combination of sleep-inducing moves with imperfect accuracy and Gravity or Gigantamax Orbeetle are banned\n|clearpoke\n|poke|p1|Sylveon, M|\n|poke|p1|Basculin-White-Striped, M|\n|poke|p1|Tropius, F|\n|poke|p1|Rabsca, M|\n|poke|p1|Furret, M|\n|poke|p2|Dugtrio, F|\n|poke|p2|Delcatty, F|\n|poke|p2|Gengar, F|\n|poke|p2|Haunter, M|\n|teampreview\n|c|\u2606Prototype2.O|Glhf\n|\n|t:|1697111794\n|start\n|switch|p1a: Rabsca|Rabsca, M|100\/100\n|switch|p1b: Tropius|Tropius, F|100\/100\n|switch|p2a: Delcatty|Delcatty, F|100\/100\n|switch|p2b: Gengar|Gengar, F|100\/100\n|turn|1\n|\n|t:|1697111809\n|move|p2a: Delcatty|Protect|p2a: Delcatty\n|-singleturn|p2a: Delcatty|Protect\n|move|p2b: Gengar|Role Play|p2a: Delcatty\n|-endability|p2b: Gengar|Cursed Body|[from] move: Role Play\n|-ability|p2b: Gengar|Normalize|[from] move: Role Play|[of] p2a: Delcatty\n|move|p1b: Tropius|Sunny Day|p1b: Tropius\n|-weather|SunnyDay\n|move|p1a: Rabsca|Skill Swap|p1b: Tropius\n|-activate|p1a: Rabsca|move: Skill Swap|||[of] p1b: Tropius\n|\n|-weather|SunnyDay|[upkeep]\n|upkeep\n|turn|2\n|\n|t:|1697111838\n|switch|p1b: Furret|Furret, M|100\/100\n|-item|p2b: Gengar|Focus Sash|[from] ability: Frisk|[of] p1b: Furret|[identify]\n|move|p2a: Delcatty|Protect|p2a: Delcatty\n|-singleturn|p2a: Delcatty|Protect\n|move|p2b: Gengar|Skill Swap|p1b: Furret\n|-activate|p2b: Gengar|move: Skill Swap|Frisk|Normalize|[of] p1b: Furret\n|-item|p1a: Rabsca|Leppa Berry|[from] ability: Frisk|[of] p2b: Gengar|[identify]\n|-item|p1b: Furret|Choice Scarf|[from] ability: Frisk|[of] p2b: Gengar|[identify]\n|move|p1a: Rabsca|Dazzling Gleam|p2b: Gengar|[spread] p2b\n|-activate|p2a: Delcatty|move: Protect\n|-resisted|p2b: Gengar\n|-damage|p2b: Gengar|92\/100\n|\n|-weather|SunnyDay|[upkeep]\n|upkeep\n|turn|3\n|\n|t:|1697111883\n|move|p2a: Delcatty|Protect||[still]\n|-fail|p2a: Delcatty\n|move|p1b: Furret|Follow Me|p1b: Furret\n|-singleturn|p1b: Furret|move: Follow Me\n|move|p2b: Gengar|Role Play|p1b: Furret\n|-endability|p2b: Gengar|Frisk|[from] move: Role Play\n|-ability|p2b: Gengar|Normalize|[from] move: Role Play|[of] p1b: Furret\n|move|p1a: Rabsca|Dazzling Gleam|p2b: Gengar|[spread] p2a,p2b\n|-resisted|p2b: Gengar\n|-damage|p2a: Delcatty|68\/100\n|-damage|p2b: Gengar|83\/100\n|\n|-weather|SunnyDay|[upkeep]\n|upkeep\n|turn|4\n|l|\u2606WBKRAD12022\n|player|p2|\n|j|\u2606WBKRAD12022\n|player|p2|WBKRAD12022|ninjaboy\n|\n|t:|1697111912\n|switch|p2a: Dugtrio|Dugtrio, F|100\/100\n|move|p1b: Furret|Follow Me|p1b: Furret\n|-singleturn|p1b: Furret|move: Follow Me\n|move|p2b: Gengar|Skill Swap|p1b: Furret\n|-activate|p2b: Gengar|move: Skill Swap|Normalize|Normalize|[of] p1b: Furret\n|move|p1a: Rabsca|Dazzling Gleam|p2b: Gengar|[spread] p2a,p2b\n|-resisted|p2b: Gengar\n|-damage|p2a: Dugtrio|69\/100\n|-damage|p2b: Gengar|73\/100\n|\n|-weather|SunnyDay|[upkeep]\n|upkeep\n|turn|5\n|\n|t:|1697111936\n|move|p2a: Dugtrio|Protect|p2a: Dugtrio\n|-singleturn|p2a: Dugtrio|Protect\n|move|p1b: Furret|Follow Me|p1b: Furret\n|-singleturn|p1b: Furret|move: Follow Me\n|move|p2b: Gengar|Role Play||[still]\n|-fail|p2b: Gengar\n|move|p1a: Rabsca|Dazzling Gleam|p2a: Dugtrio|[spread] p2b\n|-activate|p2a: Dugtrio|move: Protect\n|-resisted|p2b: Gengar\n|-damage|p2b: Gengar|62\/100\n|\n|-weather|SunnyDay|[upkeep]\n|upkeep\n|turn|6\n|\n|t:|1697111962\n|move|p2a: Dugtrio|Protect||[still]\n|-fail|p2a: Dugtrio\n|move|p1b: Furret|Follow Me|p1b: Furret\n|-singleturn|p1b: Furret|move: Follow Me\n|move|p2b: Gengar|Role Play||[still]\n|-fail|p2b: Gengar\n|move|p1a: Rabsca|Dazzling Gleam|p2b: Gengar|[spread] p2a,p2b\n|-resisted|p2b: Gengar\n|-damage|p2a: Dugtrio|34\/100\n|-damage|p2b: Gengar|54\/100\n|\n|-weather|SunnyDay|[upkeep]\n|upkeep\n|turn|7\n|\n|t:|1697111989\n|move|p2a: Dugtrio|Protect|p2a: Dugtrio\n|-singleturn|p2a: Dugtrio|Protect\n|move|p1b: Furret|Follow Me|p1b: Furret\n|-singleturn|p1b: Furret|move: Follow Me\n|move|p2b: Gengar|Role Play||[still]\n|-fail|p2b: Gengar\n|move|p1a: Rabsca|Dazzling Gleam|p2a: Dugtrio|[spread] p2b\n|-activate|p2a: Dugtrio|move: Protect\n|-resisted|p2b: Gengar\n|-damage|p2b: Gengar|45\/100\n|\n|-weather|SunnyDay|[upkeep]\n|upkeep\n|turn|8\n|\n|t:|1697112012\n|move|p2a: Dugtrio|Protect||[still]\n|-fail|p2a: Dugtrio\n|move|p1b: Furret|Follow Me|p1b: Furret\n|-singleturn|p1b: Furret|move: Follow Me\n|move|p2b: Gengar|Pain Split|p1b: Furret\n|-sethp|p1b: Furret|69\/100|[from] move: Pain Split|[silent]\n|-sethp|p2b: Gengar|82\/100|[from] move: Pain Split\n|move|p1a: Rabsca|Dazzling Gleam|p2b: Gengar|[spread] p2a,p2b\n|-resisted|p2b: Gengar\n|-damage|p2a: Dugtrio|0 fnt\n|-damage|p2b: Gengar|72\/100\n|faint|p2a: Dugtrio\n|\n|-weather|none\n|upkeep\n|-message|WBKRAD12022 forfeited.\n|\n|win|Prototype2.O\n|raw|Prototype2.O's rating: 1067 &rarr; <strong>1094<\/strong><br \/>(+27 for winning)\n|raw|WBKRAD12022's rating: 1034 &rarr; <strong>1020<\/strong><br \/>(-14 for losing)\n|l|\u2606WBKRAD12022\n","uploadtime":1697112039,"views":13,"p1id":"prototype2o","p2id":"wbkrad12022","formatid":"gen9nationaldexdoubles","rating":1020,"private":0,"password":""}