{"id":"gen9nationaldexdoubles-1976305924","p1":"gbyukjhuiokl","p2":"Brick_Enjoyer_144","format":"[Gen 9] National Dex Doubles","log":"|j|\u2606gbyukjhuiokl\n|j|\u2606Brick_Enjoyer_144\n|t:|1698284578\n|gametype|doubles\n|player|p1|gbyukjhuiokl|clay|1047\n|player|p2|Brick_Enjoyer_144|shauntal|1196\n|teamsize|p1|6\n|teamsize|p2|6\n|gen|9\n|tier|[Gen 9] National Dex Doubles\n|rated|\n|rule|HP Percentage Mod: HP is shown in percentages\n|rule|Endless Battle Clause: Forcing endless battles is banned\n|rule|OHKO Clause: OHKO moves are banned\n|rule|Evasion Moves Clause: Evasion moves are banned\n|rule|Evasion Abilities Clause: Evasion abilities are banned\n|rule|Species Clause: Limit one of each Pok\u00e9mon\n|rule|Gravity Sleep Clause: The combination of sleep-inducing moves with imperfect accuracy and Gravity or Gigantamax Orbeetle are banned\n|clearpoke\n|poke|p1|Slaking, M|\n|poke|p1|Weezing-Galar, F|\n|poke|p1|Koffing, M|\n|poke|p1|Incineroar, M|\n|poke|p1|Regigigas|\n|poke|p1|Dragapult, M|\n|poke|p2|Espeon, M|\n|poke|p2|Gallade, M|\n|poke|p2|Illumise, F|\n|poke|p2|Urshifu-*, M|\n|poke|p2|Ogerpon-Hearthflame, F|\n|poke|p2|Heatran, F|\n|teampreview\n|inactive|Battle timer is ON: inactive players will automatically lose when time's up. (requested by Brick_Enjoyer_144)\n|\n|t:|1698284593\n|start\n|switch|p1a: Dragapult|Dragapult, M|100\/100\n|switch|p1b: Ejaculation Salt|Incineroar, M|100\/100\n|switch|p2a: Illumise|Illumise, F|100\/100\n|switch|p2b: Heatran|Heatran, F|100\/100\n|-ability|p1b: Ejaculation Salt|Intimidate|boost\n|-unboost|p2a: Illumise|atk|1\n|-unboost|p2b: Heatran|atk|1\n|turn|1\n|\n|t:|1698284609\n|move|p1b: Ejaculation Salt|Fake Out|p2a: Illumise\n|-damage|p2a: Illumise|81\/100\n|cant|p2a: Illumise|flinch\n|move|p1a: Dragapult|Light Screen|p1a: Dragapult\n|-sidestart|p1: gbyukjhuiokl|move: Light Screen\n|move|p2b: Heatran|Stealth Rock|p1b: Ejaculation Salt\n|-sidestart|p1: gbyukjhuiokl|move: Stealth Rock\n|\n|-damage|p2a: Illumise|68\/100|[from] item: Sticky Barb\n|upkeep\n|turn|2\n|\n|t:|1698284628\n|switch|p1b: Big Stall\u2122|Koffing, M|100\/100\n|-ability|p1b: Big Stall\u2122|Neutralizing Gas\n|-damage|p1b: Big Stall\u2122|88\/100|[from] Stealth Rock\n|move|p1a: Dragapult|Reflect|p1a: Dragapult\n|-sidestart|p1: gbyukjhuiokl|Reflect\n|move|p2a: Illumise|Trick|p1a: Dragapult\n|-activate|p2a: Illumise|move: Trick|[of] p1a: Dragapult\n|-item|p1a: Dragapult|Sticky Barb|[from] move: Trick\n|-item|p2a: Illumise|Light Clay|[from] move: Trick\n|move|p2b: Heatran|Toxic|p1b: Big Stall\u2122\n|-immune|p1b: Big Stall\u2122\n|\n|-damage|p1a: Dragapult|88\/100|[from] item: Sticky Barb\n|upkeep\n|turn|3\n|\n|t:|1698284653\n|move|p1a: Dragapult|Dragon Darts|p2a: Illumise\n|-damage|p2a: Illumise|44\/100\n|-anim|p1a: Dragapult|Dragon Darts|p2b: Heatran\n|-resisted|p2b: Heatran\n|-damage|p2b: Heatran|93\/100\n|move|p2a: Illumise|Seismic Toss|p1b: Big Stall\u2122\n|-damage|p1b: Big Stall\u2122|53\/100\n|move|p2b: Heatran|Magma Storm|p1b: Big Stall\u2122\n|-damage|p1b: Big Stall\u2122|25\/100\n|-activate|p1b: Big Stall\u2122|move: Magma Storm|[of] p2b: Heatran\n|move|p1b: Big Stall\u2122|Toxic Spikes|p2a: Illumise\n|-sidestart|p2: Brick_Enjoyer_144|move: Toxic Spikes\n|\n|-heal|p2b: Heatran|99\/100|[from] item: Leftovers\n|-damage|p1b: Big Stall\u2122|13\/100|[from] move: Magma Storm|[partiallytrapped]\n|-damage|p1a: Dragapult|76\/100|[from] item: Sticky Barb\n|upkeep\n|turn|4\n|inactive|gbyukjhuiokl has 120 seconds left.\n|inactive|Brick_Enjoyer_144 has 120 seconds left.\n|\n|t:|1698284700\n|-terastallize|p1a: Dragapult|Ghost\n|move|p2b: Heatran|Protect|p2b: Heatran\n|-singleturn|p2b: Heatran|Protect\n|move|p1b: Big Stall\u2122|Protect|p1b: Big Stall\u2122\n|-singleturn|p1b: Big Stall\u2122|Protect\n|move|p1a: Dragapult|Tera Blast|p2a: Illumise|[anim] Tera Blast Ghost\n|-damage|p2a: Illumise|0 fnt\n|faint|p2a: Illumise\n|\n|-heal|p2b: Heatran|100\/100|[from] item: Leftovers\n|-damage|p1b: Big Stall\u2122|1\/100|[from] move: Magma Storm|[partiallytrapped]\n|-damage|p1a: Dragapult|63\/100|[from] item: Sticky Barb\n|upkeep\n|inactive|Brick_Enjoyer_144 has 120 seconds left.\n|\n|t:|1698284719\n|switch|p2a: Urshifu|Urshifu-Rapid-Strike, M|100\/100\n|-status|p2a: Urshifu|psn\n|turn|5\n|inactive|Brick_Enjoyer_144 has 120 seconds left.\n|\n|t:|1698284735\n|move|p1a: Dragapult|Tera Blast|p2b: Heatran|[anim] Tera Blast Ghost\n|-damage|p2b: Heatran|63\/100\n|move|p2a: Urshifu|Surging Strikes|p1a: Dragapult\n|-crit|p1a: Dragapult\n|-damage|p1a: Dragapult|25\/100\n|-crit|p1a: Dragapult\n|-damage|p1a: Dragapult|0 fnt\n|faint|p1a: Dragapult\n|-hitcount|p1: Dragapult|2\n|move|p2b: Heatran|Magma Storm|p1b: Big Stall\u2122\n|-damage|p1b: Big Stall\u2122|0 fnt\n|faint|p1b: Big Stall\u2122\n|-end|p1b: Big Stall\u2122|ability: Neutralizing Gas\n|\n|-heal|p2b: Heatran|69\/100|[from] item: Leftovers\n|-damage|p2a: Urshifu|88\/100 psn|[from] psn\n|upkeep\n|\n|t:|1698284745\n|switch|p1a: Bo'o'o'wo'ah|Weezing-Galar, F|100\/100\n|switch|p1b: I better get going|Regigigas, shiny|100\/100\n|-ability|p1a: Bo'o'o'wo'ah|Neutralizing Gas\n|-damage|p1b: I better get going|88\/100|[from] Stealth Rock\n|-damage|p1a: Bo'o'o'wo'ah|88\/100|[from] Stealth Rock\n|-item|p1a: Bo'o'o'wo'ah|Air Balloon\n|turn|6\n|\n|t:|1698284770\n|move|p1b: I better get going|Return|p2a: Urshifu\n|-damage|p2a: Urshifu|0 fnt\n|faint|p2a: Urshifu\n|move|p2b: Heatran|Toxic|p1b: I better get going\n|-status|p1b: I better get going|tox\n|move|p1a: Bo'o'o'wo'ah|Toxic Spikes|p2b: Heatran\n|-sidestart|p2: Brick_Enjoyer_144|move: Toxic Spikes\n|\n|-heal|p2b: Heatran|76\/100|[from] item: Leftovers\n|-damage|p1b: I better get going|82\/100 tox|[from] psn\n|upkeep\n|\n|t:|1698284784\n|switch|p2a: Espeon|Espeon, M|100\/100\n|-status|p2a: Espeon|tox\n|turn|7\n|\n|t:|1698284797\n|move|p2b: Heatran|Protect|p2b: Heatran\n|-singleturn|p2b: Heatran|Protect\n|move|p1a: Bo'o'o'wo'ah|Protect|p1a: Bo'o'o'wo'ah\n|-singleturn|p1a: Bo'o'o'wo'ah|Protect\n|move|p2a: Espeon|Grass Knot|p1b: I better get going\n|-crit|p1b: I better get going\n|-damage|p1b: I better get going|4\/100 tox\n|move|p1b: I better get going|Return|p2a: Espeon\n|-damage|p2a: Espeon|0 fnt\n|faint|p2a: Espeon\n|\n|-heal|p2b: Heatran|82\/100|[from] item: Leftovers\n|-damage|p1b: I better get going|0 fnt|[from] psn\n|faint|p1b: I better get going\n|-end|p1b: I better get going|Slow Start|[silent]\n|upkeep\n|\n|t:|1698284817\n|switch|p2a: Gallade|Gallade, M|100\/100\n|switch|p1b: Bread|Slaking, M|100\/100\n|-damage|p1b: Bread|88\/100|[from] Stealth Rock\n|-status|p2a: Gallade|tox\n|turn|8\n|\n|t:|1698284837\n|-end|p1a: Bo'o'o'wo'ah|ability: Neutralizing Gas\n|switch|p1a: Ejaculation Salt|Incineroar, M|100\/100\n|-damage|p1a: Ejaculation Salt|76\/100|[from] Stealth Rock\n|-ability|p1a: Ejaculation Salt|Intimidate|boost\n|-unboost|p2a: Gallade|atk|1\n|-unboost|p2b: Heatran|atk|1\n|move|p1b: Bread|Protect|p1b: Bread\n|-singleturn|p1b: Bread|Protect\n|move|p2a: Gallade|Agility|p2a: Gallade\n|-boost|p2a: Gallade|spe|2\n|move|p2b: Heatran|Magma Storm|p1a: Ejaculation Salt\n|-resisted|p1a: Ejaculation Salt\n|-damage|p1a: Ejaculation Salt|66\/100\n|-activate|p1a: Ejaculation Salt|move: Magma Storm|[of] p2b: Heatran\n|\n|-heal|p1b: Bread|94\/100|[from] item: Leftovers\n|-heal|p2b: Heatran|88\/100|[from] item: Leftovers\n|-damage|p2a: Gallade|94\/100 tox|[from] psn\n|-damage|p1a: Ejaculation Salt|54\/100|[from] move: Magma Storm|[partiallytrapped]\n|-sideend|p1: gbyukjhuiokl|move: Light Screen\n|upkeep\n|turn|9\n|\n|t:|1698284865\n|move|p2b: Heatran|Protect|p2b: Heatran\n|-singleturn|p2b: Heatran|Protect\n|move|p1a: Ejaculation Salt|Fake Out|p2a: Gallade\n|-damage|p2a: Gallade|71\/100 tox\n|cant|p2a: Gallade|flinch\n|cant|p1b: Bread|ability: Truant\n|\n|-heal|p1b: Bread|99\/100|[from] item: Leftovers\n|-heal|p2b: Heatran|94\/100|[from] item: Leftovers\n|-damage|p2a: Gallade|58\/100 tox|[from] psn\n|-damage|p1a: Ejaculation Salt|41\/100|[from] move: Magma Storm|[partiallytrapped]\n|-sideend|p1: gbyukjhuiokl|Reflect\n|upkeep\n|turn|10\n|\n|t:|1698284885\n|move|p2a: Gallade|Sacred Sword|p1b: Bread\n|-supereffective|p1b: Bread\n|-damage|p1b: Bread|7\/100\n|-damage|p2a: Gallade|49\/100 tox|[from] item: Life Orb\n|move|p1b: Bread|Bulk Up|p1b: Bread\n|-boost|p1b: Bread|atk|1\n|-boost|p1b: Bread|def|1\n|move|p2b: Heatran|Magma Storm|p1b: Bread\n|-damage|p1b: Bread|0 fnt\n|faint|p1b: Bread\n|move|p1a: Ejaculation Salt|U-turn|p2a: Gallade\n|-damage|p2a: Gallade|3\/100 tox\n|-message|gbyukjhuiokl forfeited.\n|\n|win|Brick_Enjoyer_144\n|raw|gbyukjhuiokl's rating: 1047 &rarr; <strong>1037<\/strong><br \/>(-10 for losing)\n|raw|Brick_Enjoyer_144's rating: 1196 &rarr; <strong>1211<\/strong><br \/>(+15 for winning)\n|l|\u2606gbyukjhuiokl\n","uploadtime":1698284896,"views":6,"p1id":"gbyukjhuiokl","p2id":"brickenjoyer144","formatid":"gen9nationaldexdoubles","rating":1037,"private":0,"password":""}