{"id":"gen9nationaldexdoubles-1999794153","p1":"Test Botz","p2":"Silverblaze22oz","format":"[Gen 9] National Dex Doubles","log":"|j|\u2606Test Botz\n|j|\u2606Silverblaze22oz\n|t:|1701117291\n|gametype|doubles\n|player|p1|Test Botz|irida|\n|player|p2|Silverblaze22oz|alder|\n|teamsize|p1|6\n|teamsize|p2|6\n|gen|9\n|tier|[Gen 9] National Dex Doubles\n|rated|Tournament battle\n|rule|HP Percentage Mod: HP is shown in percentages\n|rule|Endless Battle Clause: Forcing endless battles is banned\n|rule|OHKO Clause: OHKO moves are banned\n|rule|Evasion Moves Clause: Evasion moves are banned\n|rule|Evasion Abilities Clause: Evasion abilities are banned\n|rule|Species Clause: Limit one of each Pok\u00e9mon\n|rule|Gravity Sleep Clause: The combination of sleep-inducing moves with imperfect accuracy and Gravity or Gigantamax Orbeetle are banned\n|clearpoke\n|poke|p1|Metagross|\n|poke|p1|Flutter Mane|\n|poke|p1|Arcanine-Hisui, M|\n|poke|p1|Rillaboom, M|\n|poke|p1|Urshifu-*, F|\n|poke|p1|Tornadus, M|\n|poke|p2|Grimmsnarl, M|\n|poke|p2|Clefable, F|\n|poke|p2|Manectric, M|\n|poke|p2|Palafin, M|\n|poke|p2|Pelipper, M|\n|poke|p2|Urshifu-*, F|\n|teampreview\n|j| orange overhaul\n|\n|t:|1701117307\n|start\n|switch|p1a: Rillaboom|Rillaboom, M|100\/100\n|switch|p1b: Urshifu|Urshifu-Rapid-Strike, F|100\/100\n|switch|p2a: Grimmsnarl|Grimmsnarl, M|100\/100\n|switch|p2b: Palafin|Palafin, M|100\/100\n|-fieldstart|move: Grassy Terrain|[from] ability: Grassy Surge|[of] p1a: Rillaboom\n|turn|1\n|\n|t:|1701117317\n|detailschange|p2b: Palafin|Palafin-Hero, M\n|switch|p2b: Clefable|Clefable, F|100\/100\n|move|p1a: Rillaboom|Fake Out|p2a: Grimmsnarl\n|-damage|p2a: Grimmsnarl|82\/100\n|cant|p2a: Grimmsnarl|flinch\n|move|p1b: Urshifu|Surging Strikes|p2a: Grimmsnarl\n|-crit|p2a: Grimmsnarl\n|-damage|p2a: Grimmsnarl|56\/100\n|-crit|p2a: Grimmsnarl\n|-damage|p2a: Grimmsnarl|27\/100\n|-crit|p2a: Grimmsnarl\n|-damage|p2a: Grimmsnarl|2\/100\n|-hitcount|p2a: Grimmsnarl|3\n|\n|-heal|p2a: Grimmsnarl|8\/100|[from] Grassy Terrain\n|upkeep\n|turn|2\n|\n|t:|1701117370\n|switch|p1b: Inspired by QSNS|Arcanine-Hisui, M|100\/100\n|-ability|p1b: Inspired by QSNS|Intimidate|boost\n|-unboost|p2a: Grimmsnarl|atk|1\n|-unboost|p2b: Clefable|atk|1\n|move|p2b: Clefable|Follow Me|p2b: Clefable\n|-singleturn|p2b: Clefable|move: Follow Me\n|move|p1a: Rillaboom|Grassy Glide|p2b: Clefable\n|-damage|p2b: Clefable|55\/100\n|-enditem|p2b: Clefable|Red Card|[of] p1a: Rillaboom\n|drag|p1a: Tornadus|Tornadus, M|100\/100\n|move|p2a: Grimmsnarl|Reflect|p2a: Grimmsnarl\n|-sidestart|p2: Silverblaze22oz|Reflect\n|\n|-heal|p2b: Clefable|61\/100|[from] Grassy Terrain\n|-heal|p2a: Grimmsnarl|14\/100|[from] Grassy Terrain\n|upkeep\n|turn|3\n|\n|t:|1701117406\n|switch|p2b: Pelipper|Pelipper, M|100\/100\n|-weather|RainDance|[from] ability: Drizzle|[of] p2b: Pelipper\n|move|p1a: Tornadus|Tailwind|p1a: Tornadus\n|-sidestart|p1: Test Botz|move: Tailwind\n|move|p2a: Grimmsnarl|Light Screen|p2a: Grimmsnarl\n|-sidestart|p2: Silverblaze22oz|move: Light Screen\n|move|p1b: Inspired by QSNS|Rock Slide|p2a: Grimmsnarl|[spread] p2a,p2b\n|-supereffective|p2b: Pelipper\n|-damage|p2a: Grimmsnarl|0 fnt\n|-damage|p2b: Pelipper|58\/100\n|faint|p2a: Grimmsnarl\n|\n|-weather|RainDance|[upkeep]\n|upkeep\n|\n|t:|1701117423\n|switch|p2a: Manectric|Manectric, M|100\/100\n|turn|4\n|\n|t:|1701117438\n|detailschange|p2a: Manectric|Manectric-Mega, M\n|-mega|p2a: Manectric|Manectric|Manectite\n|-ability|p2a: Manectric|Intimidate|boost\n|-unboost|p1a: Tornadus|atk|1\n|-unboost|p1b: Inspired by QSNS|atk|1\n|-zpower|p1a: Tornadus\n|move|p1a: Tornadus|Supersonic Skystrike|p2b: Pelipper|[zeffect]\n|-damage|p2b: Pelipper|0 fnt\n|faint|p2b: Pelipper\n|move|p1b: Inspired by QSNS|Rock Slide|p2a: Manectric\n|-damage|p2a: Manectric|59\/100\n|move|p2a: Manectric|Thunder|p1b: Inspired by QSNS\n|-damage|p1b: Inspired by QSNS|38\/100\n|\n|-weather|RainDance|[upkeep]\n|-heal|p1b: Inspired by QSNS|44\/100|[from] Grassy Terrain\n|-heal|p2a: Manectric|65\/100|[from] Grassy Terrain\n|upkeep\n|\n|t:|1701117457\n|switch|p2b: Palafin|Palafin-Hero, M|100\/100\n|-activate|p2b: Palafin|ability: Zero to Hero\n|turn|5\n|\n|t:|1701117471\n|switch|p1b: Rillaboom|Rillaboom, M|100\/100\n|move|p1a: Tornadus|Protect|p1a: Tornadus\n|-singleturn|p1a: Tornadus|Protect\n|move|p2b: Palafin|Flip Turn|p1b: Rillaboom\n|-resisted|p1b: Rillaboom\n|-damage|p1b: Rillaboom|74\/100\n|\n|t:|1701117481\n|switch|p2b: Urshifu|Urshifu-Rapid-Strike, F|100\/100|[from] Flip Turn\n|move|p2a: Manectric|Volt Switch|p1a: Tornadus\n|-activate|p1a: Tornadus|move: Protect\n|\n|-weather|RainDance|[upkeep]\n|-heal|p1b: Rillaboom|81\/100|[from] Grassy Terrain\n|-heal|p2a: Manectric|71\/100|[from] Grassy Terrain\n|-fieldend|move: Grassy Terrain\n|upkeep\n|turn|6\n|\n|t:|1701117546\n|switch|p1a: Inspired by QSNS|Arcanine-Hisui, M|44\/100\n|-ability|p1a: Inspired by QSNS|Intimidate|boost\n|-unboost|p2a: Manectric|atk|1\n|-unboost|p2b: Urshifu|atk|1\n|switch|p2a: Clefable|Clefable, F|61\/100\n|move|p1b: Rillaboom|Wood Hammer|p2b: Urshifu\n|-supereffective|p2b: Urshifu\n|-damage|p2b: Urshifu|15\/100\n|-damage|p1b: Rillaboom|57\/100|[from] Recoil\n|move|p2b: Urshifu|Surging Strikes|p1a: Inspired by QSNS\n|-supereffective|p1a: Inspired by QSNS\n|-crit|p1a: Inspired by QSNS\n|-damage|p1a: Inspired by QSNS|0 fnt\n|faint|p1a: Inspired by QSNS\n|-hitcount|p1: Inspired by QSNS|1\n|\n|-weather|RainDance|[upkeep]\n|-sideend|p1: Test Botz|move: Tailwind\n|upkeep\n|\n|t:|1701117569\n|switch|p1a: Urshifu|Urshifu-Rapid-Strike, F|100\/100\n|turn|7\n|\n|t:|1701117579\n|switch|p2b: Manectric|Manectric-Mega, M|71\/100\n|-ability|p2b: Manectric|Intimidate|boost\n|-unboost|p1a: Urshifu|atk|1\n|-unboost|p1b: Rillaboom|atk|1\n|move|p2a: Clefable|Follow Me|p2a: Clefable\n|-singleturn|p2a: Clefable|move: Follow Me\n|move|p1a: Urshifu|Surging Strikes|p2a: Clefable\n|-crit|p2a: Clefable\n|-damage|p2a: Clefable|26\/100\n|-crit|p2a: Clefable\n|-damage|p2a: Clefable|0 fnt\n|faint|p2a: Clefable\n|-hitcount|p2: Clefable|2\n|move|p1b: Rillaboom|U-turn|p2b: Manectric\n|-damage|p2b: Manectric|53\/100\n|\n|t:|1701117599\n|switch|p1b: Tornadus|Tornadus, M|100\/100|[from] U-turn\n|\n|-weather|RainDance|[upkeep]\n|upkeep\n|\n|t:|1701117611\n|switch|p2a: Urshifu|Urshifu-Rapid-Strike, F|15\/100\n|turn|8\n|\n|t:|1701117626\n|move|p1b: Tornadus|Tailwind|p1b: Tornadus\n|-sidestart|p1: Test Botz|move: Tailwind\n|move|p1a: Urshifu|Surging Strikes|p2b: Manectric\n|-crit|p2b: Manectric\n|-damage|p2b: Manectric|8\/100\n|-crit|p2b: Manectric\n|-damage|p2b: Manectric|0 fnt\n|faint|p2b: Manectric\n|-hitcount|p2: Manectric|2\n|move|p2a: Urshifu|Surging Strikes|p1b: Tornadus\n|-crit|p1b: Tornadus\n|-damage|p1b: Tornadus|49\/100\n|-crit|p1b: Tornadus\n|-damage|p1b: Tornadus|0 fnt\n|faint|p1b: Tornadus\n|-hitcount|p1: Tornadus|2\n|\n|-weather|RainDance|[upkeep]\n|upkeep\n|\n|t:|1701117642\n|switch|p2b: Palafin|Palafin-Hero, M|100\/100\n|switch|p1b: Rillaboom|Rillaboom, M|57\/100\n|-fieldstart|move: Grassy Terrain|[from] ability: Grassy Surge|[of] p1b: Rillaboom\n|turn|9\n|\n|t:|1701117665\n|move|p1b: Rillaboom|Fake Out|p2b: Palafin\n|-damage|p2b: Palafin|90\/100\n|move|p1a: Urshifu|Surging Strikes|p2a: Urshifu\n|-resisted|p2a: Urshifu\n|-crit|p2a: Urshifu\n|-damage|p2a: Urshifu|0 fnt\n|faint|p2a: Urshifu\n|-hitcount|p2: Urshifu|1\n|cant|p2b: Palafin|flinch\n|\n|-weather|RainDance|[upkeep]\n|-heal|p2b: Palafin|96\/100|[from] Grassy Terrain\n|-heal|p1b: Rillaboom|63\/100|[from] Grassy Terrain\n|-sideend|p2: Silverblaze22oz|Reflect\n|upkeep\n|turn|10\n|\n|t:|1701117683\n|move|p1b: Rillaboom|Grassy Glide|p2b: Palafin\n|-supereffective|p2b: Palafin\n|-damage|p2b: Palafin|7\/100\n|move|p1a: Urshifu|Surging Strikes|p2b: Palafin\n|-resisted|p2b: Palafin\n|-crit|p2b: Palafin\n|-damage|p2b: Palafin|0 fnt\n|faint|p2b: Palafin\n|-hitcount|p2: Palafin|1\n|\n|win|Test Botz\n|n|\u2606Test Botz|testbotz\n|n|\u2606Silverblaze22oz|silverblaze22oz\n|n| orange overhaul|orangeoverhaul\n|c|\u2606Test Botz|gg\n|c|\u2606Silverblaze22oz|Gg\n|l|\u2606Silverblaze22oz\n","uploadtime":1701117701,"views":0,"p1id":"testbotz","p2id":"silverblaze22oz","formatid":"gen9nationaldexdoubles","rating":0,"private":0,"password":""}