{"id":"gen9nationaldexdoubles-1971580985","p1":"decidoustree","p2":"ralca 1","format":"[Gen 9] National Dex Doubles","log":"|j|\u2606decidoustree\n|j|\u2606ralca 1\n|t:|1697750310\n|gametype|doubles\n|player|p1|decidoustree|irida|1000\n|player|p2|ralca 1|steven|1094\n|teamsize|p1|6\n|teamsize|p2|6\n|gen|9\n|tier|[Gen 9] National Dex Doubles\n|rated|\n|rule|HP Percentage Mod: HP is shown in percentages\n|rule|Endless Battle Clause: Forcing endless battles is banned\n|rule|OHKO Clause: OHKO moves are banned\n|rule|Evasion Moves Clause: Evasion moves are banned\n|rule|Evasion Abilities Clause: Evasion abilities are banned\n|rule|Species Clause: Limit one of each Pok\u00e9mon\n|rule|Gravity Sleep Clause: The combination of sleep-inducing moves with imperfect accuracy and Gravity or Gigantamax Orbeetle are banned\n|clearpoke\n|poke|p1|Jirachi|\n|poke|p1|Mismagius, F|\n|poke|p1|Audino, F|\n|poke|p1|Delphox, F|\n|poke|p1|Mienshao, M|\n|poke|p1|Altaria, F|\n|poke|p2|Pelipper, F|\n|poke|p2|Azumarill, F|\n|poke|p2|Amoonguss, M|\n|poke|p2|Iron Hands|\n|poke|p2|Flutter Mane|\n|poke|p2|Arcanine, F|\n|teampreview\n|\n|t:|1697750385\n|start\n|switch|p1a: Audino|Audino, F|100\/100\n|switch|p1b: Mienshao|Mienshao, M|100\/100\n|switch|p2a: Pelipper|Pelipper, F|100\/100\n|switch|p2b: Flutter Mane|Flutter Mane|100\/100\n|-weather|RainDance|[from] ability: Drizzle|[of] p2a: Pelipper\n|-enditem|p2b: Flutter Mane|Booster Energy\n|-activate|p2b: Flutter Mane|ability: Protosynthesis|[fromitem]\n|-start|p2b: Flutter Mane|protosynthesisspa\n|turn|1\n|\n|t:|1697750402\n|move|p1a: Audino|Helping Hand|p1b: Mienshao\n|-singleturn|p1b: Mienshao|Helping Hand|[of] p1a: Audino\n|move|p1b: Mienshao|Knock Off|p2b: Flutter Mane\n|-crit|p2b: Flutter Mane\n|-damage|p2b: Flutter Mane|0 fnt\n|faint|p2b: Flutter Mane\n|-end|p2b: Flutter Mane|Protosynthesis|[silent]\n|-damage|p1b: Mienshao|91\/100|[from] item: Life Orb\n|move|p2a: Pelipper|Hydro Pump|p1b: Mienshao|[miss]\n|-miss|p2a: Pelipper|p1b: Mienshao\n|\n|-weather|RainDance|[upkeep]\n|upkeep\n|\n|t:|1697750421\n|switch|p2b: Iron Hands|Iron Hands|100\/100\n|turn|2\n|\n|t:|1697750445\n|move|p1a: Audino|Helping Hand|p1b: Mienshao\n|-singleturn|p1b: Mienshao|Helping Hand|[of] p1a: Audino\n|move|p2b: Iron Hands|Fake Out|p1b: Mienshao\n|-damage|p1b: Mienshao|61\/100\n|cant|p1b: Mienshao|flinch\n|move|p2a: Pelipper|Hydro Pump|p1b: Mienshao\n|-damage|p1b: Mienshao|0 fnt\n|faint|p1b: Mienshao\n|\n|-weather|RainDance|[upkeep]\n|upkeep\n|\n|t:|1697750468\n|switch|p1b: Sriracha|Jirachi|100\/100\n|turn|3\n|\n|t:|1697750484\n|move|p1b: Sriracha|Stealth Rock|p2b: Iron Hands\n|-sidestart|p2: ralca 1|move: Stealth Rock\n|move|p2a: Pelipper|Hydro Pump|p1b: Sriracha\n|-damage|p1b: Sriracha|58\/100\n|move|p2b: Iron Hands|Volt Switch|p1b: Sriracha\n|-damage|p1b: Sriracha|50\/100\n|\n|t:|1697750499\n|-end|p2b: Iron Hands|Quark Drive|[silent]\n|switch|p2b: Arcanine|Arcanine, F|100\/100|[from] Volt Switch\n|-damage|p2b: Arcanine|75\/100|[from] Stealth Rock\n|-ability|p2b: Arcanine|Intimidate|boost\n|-unboost|p1a: Audino|atk|1\n|-unboost|p1b: Sriracha|atk|1\n|move|p1a: Audino|Blizzard|p2b: Arcanine|[spread] p2a,p2b\n|-resisted|p2b: Arcanine\n|-damage|p2a: Pelipper|80\/100\n|-damage|p2b: Arcanine|69\/100\n|\n|-weather|RainDance|[upkeep]\n|-heal|p1b: Sriracha|57\/100|[from] item: Leftovers\n|upkeep\n|turn|4\n|\n|t:|1697750553\n|move|p2b: Arcanine|Flare Blitz|p1b: Sriracha\n|-supereffective|p1b: Sriracha\n|-damage|p1b: Sriracha|14\/100\n|-damage|p2b: Arcanine|54\/100|[from] Recoil\n|move|p1b: Sriracha|Ice Punch|p2a: Pelipper\n|-damage|p2a: Pelipper|66\/100\n|move|p2a: Pelipper|Hydro Pump|p1a: Audino\n|-damage|p1a: Audino|32\/100\n|move|p1a: Audino|Reflect|p1a: Audino\n|-sidestart|p1: decidoustree|Reflect\n|\n|-weather|RainDance|[upkeep]\n|-heal|p1b: Sriracha|20\/100|[from] item: Leftovers\n|upkeep\n|turn|5\n|\n|t:|1697750586\n|switch|p1b: Delphox|Delphox, F|100\/100\n|move|p2b: Arcanine|Extreme Speed|p1b: Delphox\n|-damage|p1b: Delphox|78\/100\n|move|p2a: Pelipper|Hydro Pump|p1a: Audino|[miss]\n|-miss|p2a: Pelipper|p1a: Audino\n|move|p1a: Audino|Blizzard|p2a: Pelipper|[spread] p2a,p2b\n|-resisted|p2b: Arcanine\n|-damage|p2a: Pelipper|44\/100\n|-damage|p2b: Arcanine|48\/100\n|\n|-weather|none\n|upkeep\n|turn|6\n|\n|t:|1697750616\n|move|p1a: Audino|Helping Hand|p1b: Delphox\n|-singleturn|p1b: Delphox|Helping Hand|[of] p1a: Audino\n|move|p2b: Arcanine|Extreme Speed|p1a: Audino\n|-damage|p1a: Audino|20\/100\n|-damage|p2b: Arcanine|31\/100|[from] item: Rocky Helmet|[of] p1a: Audino\n|move|p1b: Delphox|Heat Wave|p2b: Arcanine|[spread] p2a\n|-miss|p1b: Delphox|p2b: Arcanine\n|-resisted|p2a: Pelipper\n|-damage|p2a: Pelipper|0 fnt\n|faint|p2a: Pelipper\n|-damage|p1b: Delphox|68\/100|[from] item: Life Orb\n|\n|upkeep\n|\n|t:|1697750634\n|switch|p2a: Iron Hands|Iron Hands|100\/100\n|-damage|p2a: Iron Hands|94\/100|[from] Stealth Rock\n|turn|7\n|\n|t:|1697750654\n|switch|p1b: Sriracha|Jirachi|20\/100\n|move|p2a: Iron Hands|Fake Out|p1b: Sriracha\n|-resisted|p1b: Sriracha\n|-damage|p1b: Sriracha|15\/100\n|move|p2b: Arcanine|Flare Blitz|p1a: Audino\n|-damage|p1a: Audino|0 fnt\n|-damage|p2b: Arcanine|14\/100|[from] item: Rocky Helmet|[of] p1a: Audino\n|faint|p1a: Audino\n|-damage|p2b: Arcanine|9\/100|[from] Recoil\n|\n|-heal|p1b: Sriracha|22\/100|[from] item: Leftovers\n|upkeep\n|\n|t:|1697750671\n|switch|p1a: Delphox|Delphox, F|68\/100\n|turn|8\n|\n|t:|1697750709\n|move|p2b: Arcanine|Extreme Speed|p1b: Sriracha\n|-resisted|p1b: Sriracha\n|-damage|p1b: Sriracha|15\/100\n|move|p1a: Delphox|Heat Wave|p2b: Arcanine|[spread] p2a,p2b\n|-resisted|p2b: Arcanine\n|-damage|p2a: Iron Hands|70\/100\n|-damage|p2b: Arcanine|0 fnt\n|faint|p2b: Arcanine\n|-damage|p1a: Delphox|58\/100|[from] item: Life Orb\n|move|p1b: Sriracha|Zen Headbutt|p2a: Iron Hands\n|-supereffective|p2a: Iron Hands\n|-damage|p2a: Iron Hands|32\/100\n|cant|p2a: Iron Hands|flinch\n|\n|-heal|p1b: Sriracha|21\/100|[from] item: Leftovers\n|-sideend|p1: decidoustree|Reflect\n|upkeep\n|\n|t:|1697750728\n|switch|p2b: Azumarill|Azumarill, F, shiny|100\/100\n|-damage|p2b: Azumarill|88\/100|[from] Stealth Rock\n|turn|9\n|l|\u2606ralca 1\n|player|p2|\n|\n|t:|1697750778\n|-end|p2a: Iron Hands|Quark Drive|[silent]\n|switch|p2a: Amoonguss|Amoonguss, M|100\/100\n|-damage|p2a: Amoonguss|88\/100|[from] Stealth Rock\n|-terastallize|p2b: Azumarill|Water\n|move|p2b: Azumarill|Aqua Jet|p1a: Delphox\n|-supereffective|p1a: Delphox\n|-damage|p1a: Delphox|0 fnt\n|faint|p1a: Delphox\n|-damage|p2b: Azumarill|78\/100|[from] item: Life Orb\n|move|p1b: Sriracha|Zen Headbutt|p2a: Amoonguss\n|-supereffective|p2a: Amoonguss\n|-damage|p2a: Amoonguss|47\/100\n|-enditem|p2a: Amoonguss|Sitrus Berry|[eat]\n|-heal|p2a: Amoonguss|72\/100|[from] item: Sitrus Berry\n|\n|-heal|p1b: Sriracha|27\/100|[from] item: Leftovers\n|upkeep\n|\n|t:|1697750794\n|switch|p1a: Mismagius|Mismagius, F|100\/100\n|turn|10\n|inactive|Battle timer is ON: inactive players will automatically lose when time's up. (requested by decidoustree)\n|inactive|ralca 1 has 30 seconds to reconnect!\n|inactive|ralca 1 has 20 seconds to reconnect!\n|inactive|ralca 1 has 15 seconds to reconnect!\n|inactive|ralca 1 has 10 seconds to reconnect!\n|inactive|ralca 1 has 5 seconds to reconnect!\n|-message|ralca 1 lost due to inactivity.\n|\n|win|decidoustree\n|raw|decidoustree's rating: 1000 &rarr; <strong>1049<\/strong><br \/>(+49 for winning)\n|raw|ralca 1's rating: 1076 &rarr; <strong>1050<\/strong><br \/>(-26 for losing)\n","uploadtime":1697751179,"views":4,"p1id":"decidoustree","p2id":"ralca1","formatid":"gen9nationaldexdoubles","rating":1049,"private":0,"password":""}