{"id":"gen9nationaldexdoubles-1981131209","p1":"Octolockr","p2":"Mexzoto","format":"[Gen 9] National Dex Doubles","log":"|j|\u2606Octolockr\n|j|\u2606Mexzoto\n|t:|1698866049\n|gametype|doubles\n|player|p1|Octolockr|blackbelt-gen4dp|1122\n|player|p2|Mexzoto|hilbert|1125\n|teamsize|p1|6\n|teamsize|p2|6\n|gen|9\n|tier|[Gen 9] National Dex Doubles\n|rated|\n|rule|HP Percentage Mod: HP is shown in percentages\n|rule|Endless Battle Clause: Forcing endless battles is banned\n|rule|OHKO Clause: OHKO moves are banned\n|rule|Evasion Moves Clause: Evasion moves are banned\n|rule|Evasion Abilities Clause: Evasion abilities are banned\n|rule|Species Clause: Limit one of each Pok\u00e9mon\n|rule|Gravity Sleep Clause: The combination of sleep-inducing moves with imperfect accuracy and Gravity or Gigantamax Orbeetle are banned\n|clearpoke\n|poke|p1|Excadrill, F|\n|poke|p1|Togekiss, M|\n|poke|p1|Quaquaval, M|\n|poke|p1|Lopunny, F|\n|poke|p1|Ninetales-Alola, F|\n|poke|p1|Zangoose, F|\n|poke|p2|Raichu, M|\n|poke|p2|Pidgeot, M|\n|poke|p2|Blaziken, M|\n|poke|p2|Torterra, M|\n|poke|p2|Inteleon, M|\n|poke|p2|Zoroark, M|\n|teampreview\n|inactive|Battle timer is ON: inactive players will automatically lose when time's up. (requested by Mexzoto)\n|\n|t:|1698866074\n|start\n|switch|p1a: Excadrill|Excadrill, F|100\/100\n|switch|p1b: Ninetales|Ninetales-Alola, F|100\/100\n|switch|p2a: Pidgeot|Pidgeot, M|100\/100\n|switch|p2b: Blaziken|Blaziken, M|100\/100\n|-weather|Snow|[from] ability: Snow Warning|[of] p1b: Ninetales\n|-ability|p1a: Excadrill|Mold Breaker\n|turn|1\n|\n|t:|1698866099\n|detailschange|p2a: Pidgeot|Pidgeot-Mega, M\n|-mega|p2a: Pidgeot|Pidgeot|Pidgeotite\n|move|p1b: Ninetales|Protect|p1b: Ninetales\n|-singleturn|p1b: Ninetales|Protect\n|move|p2a: Pidgeot|Heat Wave|p1b: Ninetales|[spread] p1a\n|-activate|p1b: Ninetales|move: Protect\n|-supereffective|p1a: Excadrill\n|-damage|p1a: Excadrill|28\/100\n|move|p1a: Excadrill|Rock Slide|p2b: Blaziken|[spread] p2a,p2b\n|-supereffective|p2a: Pidgeot\n|-crit|p2a: Pidgeot\n|-damage|p2a: Pidgeot|19\/100\n|-damage|p2b: Blaziken|69\/100\n|move|p2b: Blaziken|Rock Slide|p1a: Excadrill|[spread] \n|-activate|p1b: Ninetales|move: Protect\n|-miss|p2b: Blaziken|p1a: Excadrill\n|\n|-weather|Snow|[upkeep]\n|-ability|p2b: Blaziken|Speed Boost|boost\n|-boost|p2b: Blaziken|spe|1\n|upkeep\n|turn|2\n|inactive|Octolockr has 120 seconds left.\n|\n|t:|1698866131\n|switch|p1b: Lopunny|Lopunny, F|100\/100\n|switch|p1a: Quaquaval|Quaquaval, M|100\/100\n|move|p2b: Blaziken|Rock Slide|p1b: Lopunny|[spread] p1b\n|-miss|p2b: Blaziken|p1a: Quaquaval\n|-damage|p1b: Lopunny|68\/100\n|move|p2a: Pidgeot|Heat Wave|p1b: Lopunny|[spread] p1a,p1b\n|-resisted|p1a: Quaquaval\n|-damage|p1a: Quaquaval|82\/100\n|-damage|p1b: Lopunny|36\/100\n|\n|-weather|Snow|[upkeep]\n|-ability|p2b: Blaziken|Speed Boost|boost\n|-boost|p2b: Blaziken|spe|1\n|upkeep\n|turn|3\n|\n|t:|1698866151\n|move|p1b: Lopunny|Fake Out|p2a: Pidgeot\n|-damage|p2a: Pidgeot|0 fnt\n|faint|p2a: Pidgeot\n|move|p1a: Quaquaval|Aqua Jet|p2b: Blaziken\n|-supereffective|p2b: Blaziken\n|-damage|p2b: Blaziken|0 fnt\n|faint|p2b: Blaziken\n|-ability|p1a: Quaquaval|Moxie|boost\n|-boost|p1a: Quaquaval|atk|1\n|\n|-weather|Snow|[upkeep]\n|upkeep\n|\n|t:|1698866159\n|switch|p2a: Raichu|Raichu, M|100\/100\n|switch|p2b: Torterra|Torterra, M|100\/100\n|turn|4\n|\n|t:|1698866177\n|detailschange|p1b: Lopunny|Lopunny-Mega, F\n|-mega|p1b: Lopunny|Lopunny|Lopunnite\n|move|p2a: Raichu|Fake Out|p1b: Lopunny\n|-damage|p1b: Lopunny|22\/100\n|cant|p1b: Lopunny|flinch\n|move|p2b: Torterra|Psychic|p1a: Quaquaval\n|-supereffective|p1a: Quaquaval\n|-damage|p1a: Quaquaval|0 fnt\n|faint|p1a: Quaquaval\n|\n|-weather|Snow|[upkeep]\n|upkeep\n|\n|t:|1698866194\n|switch|p1a: Ninetales|Ninetales-Alola, F|100\/100\n|turn|5\n|\n|t:|1698866214\n|move|p1b: Lopunny|Return|p2a: Raichu\n|-enditem|p2a: Raichu|Focus Sash\n|-damage|p2a: Raichu|1\/100\n|move|p2a: Raichu|Brick Break|p1a: Ninetales\n|-damage|p1a: Ninetales|82\/100\n|move|p1a: Ninetales|Blizzard|p2a: Raichu|[spread] p2a,p2b\n|-damage|p2a: Raichu|0 fnt\n|-damage|p2b: Torterra|44\/100\n|replace|p2b: Zoroark|Zoroark, M\n|-end|p2b: Zoroark|Illusion\n|faint|p2a: Raichu\n|move|p2b: Zoroark|Flamethrower|p1a: Ninetales\n|-supereffective|p1a: Ninetales\n|-damage|p1a: Ninetales|16\/100\n|-status|p1a: Ninetales|brn\n|\n|-weather|none\n|-damage|p1a: Ninetales|10\/100 brn|[from] brn\n|upkeep\n|\n|t:|1698866223\n|switch|p2a: Inteleon|Inteleon, M|100\/100\n|turn|6\n|\n|t:|1698866238\n|move|p1b: Lopunny|Quick Attack|p2b: Zoroark\n|-damage|p2b: Zoroark|4\/100\n|move|p2a: Inteleon|Snipe Shot|p1b: Lopunny\n|-crit|p1b: Lopunny\n|-damage|p1b: Lopunny|0 fnt\n|faint|p1b: Lopunny\n|move|p1a: Ninetales|Blizzard|p2b: Zoroark|[spread] p2b\n|-miss|p1a: Ninetales|p2a: Inteleon\n|-damage|p2b: Zoroark|0 fnt\n|faint|p2b: Zoroark\n|\n|-damage|p1a: Ninetales|4\/100 brn|[from] brn\n|upkeep\n|\n|t:|1698866254\n|switch|p1b: Zangoose|Zangoose, F|100\/100\n|switch|p2b: Torterra|Torterra, M|100\/100\n|turn|7\n|\n|t:|1698866267\n|-terastallize|p1b: Zangoose|Ghost\n|move|p2a: Inteleon|Snipe Shot|p1a: Ninetales\n|-damage|p1a: Ninetales|0 fnt\n|faint|p1a: Ninetales\n|move|p1b: Zangoose|Shadow Claw|p2a: Inteleon\n|-damage|p2a: Inteleon|45\/100\n|move|p2b: Torterra|Shell Smash|p2b: Torterra\n|-unboost|p2b: Torterra|def|1\n|-unboost|p2b: Torterra|spd|1\n|-boost|p2b: Torterra|atk|2\n|-boost|p2b: Torterra|spa|2\n|-boost|p2b: Torterra|spe|2\n|\n|-status|p1b: Zangoose|tox|[from] item: Toxic Orb\n|upkeep\n|\n|t:|1698866283\n|switch|p1a: Togekiss|Togekiss, M|100\/100\n|turn|8\n|\n|t:|1698866292\n|move|p2b: Torterra|Bullet Seed|p1b: Zangoose\n|-damage|p1b: Zangoose|58\/100 tox\n|-damage|p1b: Zangoose|12\/100 tox\n|-damage|p1b: Zangoose|0 fnt\n|faint|p1b: Zangoose\n|-hitcount|p1: Zangoose|3\n|move|p2a: Inteleon|Ice Beam|p1a: Togekiss\n|-supereffective|p1a: Togekiss\n|-damage|p1a: Togekiss|46\/100\n|move|p1a: Togekiss|Air Slash|p2b: Torterra\n|-supereffective|p2b: Torterra\n|-damage|p2b: Torterra|0 fnt\n|faint|p2b: Torterra\n|\n|-heal|p1a: Togekiss|53\/100|[from] item: Leftovers\n|upkeep\n|-message|Mexzoto forfeited.\n|\n|win|Octolockr\n|raw|Octolockr's rating: 1122 &rarr; <strong>1147<\/strong><br \/>(+25 for winning)\n|raw|Mexzoto's rating: 1125 &rarr; <strong>1100<\/strong><br \/>(-25 for losing)\n|l|\u2606Mexzoto\n","uploadtime":1698866321,"views":12,"p1id":"octolockr","p2id":"mexzoto","formatid":"gen9nationaldexdoubles","rating":1100,"private":0,"password":""}