{"id":"gen9nationaldexdoubles-1954521202","p1":"harteteam","p2":"UncleKars","format":"[Gen 9] National Dex Doubles","log":"|j|\u2606harteteam\n|j|\u2606UncleKars\n|t:|1695905251\n|gametype|doubles\n|player|p1|harteteam|2|\n|player|p2|UncleKars|silver|\n|teamsize|p1|6\n|teamsize|p2|6\n|gen|9\n|tier|[Gen 9] National Dex Doubles\n|rule|HP Percentage Mod: HP is shown in percentages\n|rule|Endless Battle Clause: Forcing endless battles is banned\n|rule|OHKO Clause: OHKO moves are banned\n|rule|Evasion Moves Clause: Evasion moves are banned\n|rule|Evasion Abilities Clause: Evasion abilities are banned\n|rule|Species Clause: Limit one of each Pok\u00e9mon\n|rule|Gravity Sleep Clause: The combination of sleep-inducing moves with imperfect accuracy and Gravity or Gigantamax Orbeetle are banned\n|clearpoke\n|poke|p1|Camerupt, F|\n|poke|p1|Flygon, M|\n|poke|p1|Quagsire, M|\n|poke|p1|Torterra, M|\n|poke|p1|Palossand, F|\n|poke|p1|Crobat, F|\n|poke|p2|Camerupt, F|\n|poke|p2|Torkoal, M|\n|poke|p2|Houndoom, M|\n|poke|p2|Vileplume, M|\n|poke|p2|Chandelure, F|\n|poke|p2|Venusaur, F|\n|teampreview\n|\n|t:|1695905279\n|start\n|switch|p1a: Palossand|Palossand, F|100\/100\n|switch|p1b: Quagsire|Quagsire, M, shiny|100\/100\n|switch|p2a: Torkoal|Torkoal, M|100\/100\n|switch|p2b: Chandelure|Chandelure, F|100\/100\n|-weather|SunnyDay|[from] ability: Drought|[of] p2a: Torkoal\n|turn|1\n|\n|t:|1695905301\n|move|p2a: Torkoal|Protect|p2a: Torkoal\n|-singleturn|p2a: Torkoal|Protect\n|move|p2b: Chandelure|Energy Ball|p1a: Palossand\n|-supereffective|p1a: Palossand\n|-damage|p1a: Palossand|0 fnt\n|faint|p1a: Palossand\n|-damage|p2b: Chandelure|91\/100|[from] item: Life Orb\n|move|p1b: Quagsire|Muddy Water|p2a: Torkoal|[spread] p2b\n|-activate|p2a: Torkoal|move: Protect\n|-supereffective|p2b: Chandelure\n|-damage|p2b: Chandelure|70\/100\n|\n|-weather|SunnyDay|[upkeep]\n|upkeep\n|\n|t:|1695905331\n|switch|p1a: Crobat|Crobat, F|100\/100\n|turn|2\n|\n|t:|1695905347\n|move|p1a: Crobat|Brave Bird|p2a: Torkoal\n|-damage|p2a: Torkoal|68\/100\n|-damage|p1a: Crobat|91\/100|[from] Recoil\n|move|p2b: Chandelure|Energy Ball|p1b: Quagsire\n|-supereffective|p1b: Quagsire\n|-damage|p1b: Quagsire|0 fnt\n|faint|p1b: Quagsire\n|-damage|p2b: Chandelure|60\/100|[from] item: Life Orb\n|move|p2a: Torkoal|Heat Wave|p1a: Crobat\n|-damage|p1a: Crobat|46\/100\n|\n|-weather|SunnyDay|[upkeep]\n|-heal|p1a: Crobat|52\/100|[from] item: Black Sludge\n|-heal|p2a: Torkoal|74\/100|[from] item: Leftovers\n|upkeep\n|\n|t:|1695905369\n|switch|p1b: Camerupt|Camerupt, F|100\/100\n|turn|3\n|\n|t:|1695905388\n|detailschange|p1b: Camerupt|Camerupt-Mega, F\n|-mega|p1b: Camerupt|Camerupt|Cameruptite\n|move|p2a: Torkoal|Protect|p2a: Torkoal\n|-singleturn|p2a: Torkoal|Protect\n|move|p1a: Crobat|Brave Bird|p2a: Torkoal\n|-activate|p2a: Torkoal|move: Protect\n|move|p2b: Chandelure|Will-O-Wisp|p1a: Crobat\n|-status|p1a: Crobat|brn\n|move|p1b: Camerupt|Earthquake|p2b: Chandelure|[spread] p2b\n|-activate|p2a: Torkoal|move: Protect\n|-immune|p1a: Crobat\n|-supereffective|p2b: Chandelure\n|-damage|p2b: Chandelure|0 fnt\n|faint|p2b: Chandelure\n|\n|-weather|SunnyDay|[upkeep]\n|-heal|p1a: Crobat|59\/100 brn|[from] item: Black Sludge\n|-heal|p2a: Torkoal|80\/100|[from] item: Leftovers\n|-damage|p1a: Crobat|52\/100 brn|[from] brn\n|upkeep\n|\n|t:|1695905409\n|switch|p2b: Houndoom|Houndoom, M|100\/100\n|turn|4\n|\n|t:|1695905435\n|switch|p1a: Flygon|Flygon, M|100\/100\n|detailschange|p2b: Houndoom|Houndoom-Mega, M\n|-mega|p2b: Houndoom|Houndoom|Houndoominite\n|move|p2b: Houndoom|Thunder Fang|p1a: Flygon\n|-immune|p1a: Flygon\n|move|p1b: Camerupt|Double-Edge|p2a: Torkoal\n|-damage|p2a: Torkoal|54\/100\n|-damage|p1b: Camerupt|92\/100|[from] Recoil\n|move|p2a: Torkoal|Toxic|p1b: Camerupt\n|-status|p1b: Camerupt|tox\n|\n|-weather|SunnyDay|[upkeep]\n|-damage|p2b: Houndoom|88\/100|[from] ability: Solar Power|[of] p2b: Houndoom\n|-heal|p2a: Torkoal|60\/100|[from] item: Leftovers\n|-damage|p1b: Camerupt|86\/100 tox|[from] psn\n|upkeep\n|turn|5\n|\n|t:|1695905467\n|move|p2a: Torkoal|Protect|p2a: Torkoal\n|-singleturn|p2a: Torkoal|Protect\n|move|p1a: Flygon|First Impression|p2b: Houndoom\n|-damage|p2b: Houndoom|51\/100\n|move|p2b: Houndoom|Crunch|p1a: Flygon\n|-damage|p1a: Flygon|52\/100\n|move|p1b: Camerupt|Earthquake|p2b: Houndoom|[spread] p2b\n|-activate|p2a: Torkoal|move: Protect\n|-immune|p1a: Flygon|[from] ability: Levitate\n|-supereffective|p2b: Houndoom\n|-damage|p2b: Houndoom|0 fnt\n|faint|p2b: Houndoom\n|\n|-weather|none\n|-heal|p2a: Torkoal|66\/100|[from] item: Leftovers\n|-damage|p1b: Camerupt|73\/100 tox|[from] psn\n|upkeep\n|\n|t:|1695905484\n|switch|p2b: Venusaur|Venusaur, F|100\/100\n|turn|6\n|\n|t:|1695905503\n|move|p1a: Flygon|Dragon Dance|p1a: Flygon\n|-boost|p1a: Flygon|atk|1\n|-boost|p1a: Flygon|spe|1\n|move|p2b: Venusaur|Sludge Bomb|p1b: Camerupt\n|-resisted|p1b: Camerupt\n|-damage|p1b: Camerupt|52\/100 tox\n|move|p2a: Torkoal|Sunny Day|p2a: Torkoal\n|-weather|SunnyDay\n|move|p1b: Camerupt|Heat Crash|p2b: Venusaur\n|-supereffective|p2b: Venusaur\n|-enditem|p2b: Venusaur|Occa Berry|[eat]\n|-enditem|p2b: Venusaur|Occa Berry|[weaken]\n|-damage|p2b: Venusaur|0 fnt\n|faint|p2b: Venusaur\n|\n|-weather|SunnyDay|[upkeep]\n|-heal|p2a: Torkoal|73\/100|[from] item: Leftovers\n|-damage|p1b: Camerupt|34\/100 tox|[from] psn\n|upkeep\n|\n|t:|1695905527\n|switch|p2b: Camerupt|Camerupt, F|100\/100\n|turn|7\n|\n|t:|1695905547\n|switch|p2a: Vileplume|Vileplume, M|100\/100\n|move|p1a: Flygon|Dragon Claw|p2a: Vileplume\n|-damage|p2a: Vileplume|22\/100\n|move|p2b: Camerupt|Rock Slide|p1b: Camerupt|[spread] p1a,p1b\n|-resisted|p1a: Flygon\n|-damage|p1a: Flygon|44\/100\n|-damage|p1b: Camerupt|21\/100 tox\n|cant|p1b: Camerupt|flinch\n|\n|-weather|SunnyDay|[upkeep]\n|-damage|p1b: Camerupt|0 fnt|[from] psn\n|faint|p1b: Camerupt\n|upkeep\n|\n|t:|1695905562\n|switch|p1b: Torterra|Torterra, M|100\/100\n|turn|8\n|\n|t:|1695905585\n|move|p1a: Flygon|Dragon Claw|p2b: Camerupt\n|-damage|p2b: Camerupt|18\/100\n|move|p2a: Vileplume|Synthesis|p2a: Vileplume\n|-heal|p2a: Vileplume|88\/100\n|move|p1b: Torterra|Headlong Rush|p2b: Camerupt\n|-supereffective|p2b: Camerupt\n|-damage|p2b: Camerupt|0 fnt\n|-unboost|p1b: Torterra|def|1\n|-unboost|p1b: Torterra|spd|1\n|faint|p2b: Camerupt\n|\n|-weather|SunnyDay|[upkeep]\n|upkeep\n|\n|t:|1695905597\n|switch|p2b: Torkoal|Torkoal, M|73\/100\n|turn|9\n|\n|t:|1695905626\n|switch|p1b: Crobat|Crobat, F|52\/100 brn\n|move|p1a: Flygon|Dragon Claw|p2b: Torkoal\n|-damage|p2b: Torkoal|35\/100\n|move|p2a: Vileplume|Sludge Bomb|p1b: Crobat\n|-resisted|p1b: Crobat\n|-damage|p1b: Crobat|28\/100 brn\n|move|p2b: Torkoal|Heat Wave|p1b: Crobat|[spread] p1a,p1b\n|-resisted|p1a: Flygon\n|-damage|p1a: Flygon|21\/100\n|-damage|p1b: Crobat|0 fnt\n|faint|p1b: Crobat\n|\n|-weather|SunnyDay|[upkeep]\n|-heal|p2b: Torkoal|41\/100|[from] item: Leftovers\n|upkeep\n|\n|t:|1695905639\n|switch|p1b: Torterra|Torterra, M|100\/100\n|turn|10\n|\n|t:|1695905658\n|move|p2b: Torkoal|Protect|p2b: Torkoal\n|-singleturn|p2b: Torkoal|Protect\n|move|p1a: Flygon|Dragon Claw|p2a: Vileplume\n|-damage|p2a: Vileplume|0 fnt\n|faint|p2a: Vileplume\n|move|p1b: Torterra|Headlong Rush|p2b: Torkoal\n|-activate|p2b: Torkoal|move: Protect\n|\n|-weather|none\n|-heal|p2b: Torkoal|47\/100|[from] item: Leftovers\n|upkeep\n|turn|11\n|\n|t:|1695905691\n|move|p1a: Flygon|Dragon Claw|p2b: Torkoal\n|-damage|p2b: Torkoal|8\/100\n|move|p1b: Torterra|Headlong Rush|p2b: Torkoal\n|-supereffective|p2b: Torkoal\n|-damage|p2b: Torkoal|0 fnt\n|-unboost|p1b: Torterra|def|1\n|-unboost|p1b: Torterra|spd|1\n|faint|p2b: Torkoal\n|\n|win|harteteam\n","uploadtime":1695905706,"views":14,"p1id":"harteteam","p2id":"unclekars","formatid":"gen9nationaldexdoubles","rating":0,"private":0,"password":""}