{"id":"gen9nationaldexdoubles-1964796080","p1":"Silvverrr","p2":"Balazs1102","format":"[Gen 9] National Dex Doubles","log":"|j|\u2606Silvverrr\n|j|\u2606Balazs1102\n|t:|1697010194\n|gametype|doubles\n|player|p1|Silvverrr|silver|1166\n|player|p2|Balazs1102|jogger|1073\n|teamsize|p1|6\n|teamsize|p2|6\n|gen|9\n|tier|[Gen 9] National Dex Doubles\n|rated|\n|rule|HP Percentage Mod: HP is shown in percentages\n|rule|Endless Battle Clause: Forcing endless battles is banned\n|rule|OHKO Clause: OHKO moves are banned\n|rule|Evasion Moves Clause: Evasion moves are banned\n|rule|Evasion Abilities Clause: Evasion abilities are banned\n|rule|Species Clause: Limit one of each Pok\u00e9mon\n|rule|Gravity Sleep Clause: The combination of sleep-inducing moves with imperfect accuracy and Gravity or Gigantamax Orbeetle are banned\n|clearpoke\n|poke|p1|Murkrow, F|\n|poke|p1|Ambipom, F|\n|poke|p1|Farigiraf, F|\n|poke|p1|Great Tusk|\n|poke|p1|Walking Wake|\n|poke|p1|Skarmory, F|\n|poke|p2|Mawile, F|\n|poke|p2|Ribombee, F|\n|poke|p2|Tapu Fini|\n|poke|p2|Mimikyu, M|\n|poke|p2|Hatterene, F|\n|poke|p2|Enamorus-Therian, F|\n|teampreview\n|inactive|Battle timer is ON: inactive players will automatically lose when time's up. (requested by Balazs1102)\n|c|\u2606Balazs1102|gl gl\n|inactive|Silvverrr has 120 seconds left.\n|\n|t:|1697010248\n|start\n|switch|p1a: Ambipom|Ambipom, F|100\/100\n|switch|p1b: Walking Wake|Walking Wake|100\/100\n|switch|p2a: Ribombee|Ribombee, F|100\/100\n|switch|p2b: Alactria|Mawile, F|100\/100\n|-ability|p2b: Alactria|Intimidate|boost\n|-unboost|p1a: Ambipom|atk|1\n|-unboost|p1b: Walking Wake|atk|1\n|-enditem|p1b: Walking Wake|White Herb\n|-clearnegativeboost|p1b: Walking Wake|[silent]\n|turn|1\n|inactive|Silvverrr has 120 seconds left.\n|\n|t:|1697010298\n|detailschange|p2b: Alactria|Mawile-Mega, F\n|-mega|p2b: Alactria|Mawile|Mawilite\n|-terastallize|p1b: Walking Wake|Fire\n|move|p1a: Ambipom|Fake Out|p2a: Ribombee\n|-damage|p2a: Ribombee|63\/100\n|move|p2a: Ribombee|Tailwind|p2a: Ribombee\n|-sidestart|p2: Balazs1102|move: Tailwind\n|move|p1b: Walking Wake|Flamethrower|p2b: Alactria\n|-supereffective|p2b: Alactria\n|-damage|p2b: Alactria|7\/100\n|move|p2b: Alactria|Play Rough|p1b: Walking Wake\n|-resisted|p1b: Walking Wake\n|-damage|p1b: Walking Wake|53\/100\n|\n|upkeep\n|turn|2\n|c|\u2606Balazs1102|ohgod\n|inactive|Silvverrr has 120 seconds left.\n|c|\u2606Balazs1102|wait'\n|c|\u2606Balazs1102|tme maws live!\n|\n|t:|1697010324\n|switch|p2a: Tapu Fini|Tapu Fini|100\/100\n|-fieldstart|move: Misty Terrain|[from] ability: Misty Surge|[of] p2a: Tapu Fini\n|switch|p2b: Hatterene|Hatterene, F|100\/100\n|move|p1a: Ambipom|U-turn|p2b: Hatterene\n|-damage|p2b: Hatterene|84\/100\n|\n|t:|1697010334\n|switch|p1a: Great Tusk|Great Tusk|100\/100|[from] U-turn\n|move|p1b: Walking Wake|Flamethrower|p2a: Tapu Fini\n|-resisted|p2a: Tapu Fini\n|-damage|p2a: Tapu Fini|84\/100\n|\n|-heal|p2a: Tapu Fini|90\/100|[from] item: Leftovers\n|-heal|p2b: Hatterene|90\/100|[from] item: Leftovers\n|upkeep\n|turn|3\n|inactive|Silvverrr has 120 seconds left.\n|\n|t:|1697010351\n|move|p1b: Walking Wake|Protect|p1b: Walking Wake\n|-singleturn|p1b: Walking Wake|Protect\n|move|p2a: Tapu Fini|Calm Mind|p2a: Tapu Fini\n|-boost|p2a: Tapu Fini|spa|1\n|-boost|p2a: Tapu Fini|spd|1\n|move|p1a: Great Tusk|Earthquake|p2a: Tapu Fini|[spread] p2a,p2b\n|-activate|p1b: Walking Wake|move: Protect\n|-damage|p2a: Tapu Fini|37\/100\n|-damage|p2b: Hatterene|25\/100\n|-damage|p1a: Great Tusk|91\/100|[from] item: Life Orb\n|move|p2b: Hatterene|Trick Room|p2b: Hatterene\n|-fieldstart|move: Trick Room|[of] p2b: Hatterene\n|\n|-heal|p2b: Hatterene|31\/100|[from] item: Leftovers\n|-heal|p2a: Tapu Fini|43\/100|[from] item: Leftovers\n|upkeep\n|turn|4\n|inactive|Silvverrr has 120 seconds left.\n|\n|t:|1697010379\n|-end|p1b: Walking Wake|Protosynthesis|[silent]\n|switch|p1b: Ambipom|Ambipom, F|100\/100\n|move|p2b: Hatterene|Draining Kiss|p1a: Great Tusk\n|-supereffective|p1a: Great Tusk\n|-damage|p1a: Great Tusk|19\/100\n|-heal|p2b: Hatterene|100\/100|[from] drain|[of] p1a: Great Tusk\n|move|p1a: Great Tusk|Earthquake|p2a: Tapu Fini|[spread] p1b,p2a,p2b\n|-crit|p2a: Tapu Fini\n|-damage|p1b: Ambipom|9\/100\n|-damage|p2a: Tapu Fini|0 fnt\n|-damage|p2b: Hatterene|34\/100\n|-enditem|p1b: Ambipom|Figy Berry|[eat]\n|-heal|p1b: Ambipom|43\/100|[from] item: Figy Berry\n|faint|p2a: Tapu Fini\n|-damage|p1a: Great Tusk|9\/100|[from] item: Life Orb\n|\n|-heal|p2b: Hatterene|40\/100|[from] item: Leftovers\n|-sideend|p2: Balazs1102|move: Tailwind\n|upkeep\n|inactive|Balazs1102 has 120 seconds left.\n|\n|t:|1697010396\n|switch|p2a: Enamorus|Enamorus-Therian, F|100\/100\n|turn|5\n|inactive|Silvverrr has 120 seconds left.\n|\n|t:|1697010425\n|-end|p1a: Great Tusk|Protosynthesis|[silent]\n|switch|p1a: Farigiraf|Farigiraf, F|100\/100\n|move|p1b: Ambipom|Fake Out|p2a: Enamorus\n|-damage|p2a: Enamorus|76\/100\n|move|p2b: Hatterene|Healing Wish|p2b: Hatterene\n|faint|p2b: Hatterene\n|cant|p2a: Enamorus|flinch\n|\n|upkeep\n|\n|t:|1697010433\n|switch|p2b: Alactria|Mawile-Mega, F|7\/100\n|-heal|p2b: Alactria|100\/100|[from] move: Healing Wish\n|turn|6\n|c|\u2606Balazs1102|mawile round 2!\n|\n|t:|1697010453\n|move|p2a: Enamorus|Calm Mind|p2a: Enamorus\n|-boost|p2a: Enamorus|spa|1\n|-boost|p2a: Enamorus|spd|1\n|move|p2b: Alactria|Play Rough|p1a: Farigiraf\n|-damage|p1a: Farigiraf|12\/100\n|move|p1a: Farigiraf|Reflect|p1a: Farigiraf\n|-sidestart|p1: Silvverrr|Reflect\n|move|p1b: Ambipom|U-turn|p2a: Enamorus\n|-resisted|p2a: Enamorus\n|-damage|p2a: Enamorus|71\/100\n|\n|t:|1697010462\n|switch|p1b: Walking Wake|Walking Wake, tera:Fire|53\/100|[from] U-turn\n|\n|-fieldend|Misty Terrain\n|upkeep\n|turn|7\n|\n|t:|1697010476\n|move|p1b: Walking Wake|Protect|p1b: Walking Wake\n|-singleturn|p1b: Walking Wake|Protect\n|move|p2a: Enamorus|Earth Power|p1b: Walking Wake\n|-activate|p1b: Walking Wake|move: Protect\n|move|p2b: Alactria|Play Rough|p1a: Farigiraf\n|-crit|p1a: Farigiraf\n|-damage|p1a: Farigiraf|0 fnt\n|faint|p1a: Farigiraf\n|\n|-fieldend|move: Trick Room\n|upkeep\n|\n|t:|1697010488\n|switch|p1a: Ambipom|Ambipom, F|43\/100\n|turn|8\n|\n|t:|1697010498\n|switch|p2b: Mimikyu|Mimikyu, M|100\/100\n|move|p1a: Ambipom|Fake Out|p2a: Enamorus\n|-damage|p2a: Enamorus|49\/100\n|move|p1b: Walking Wake|Flamethrower|p2b: Mimikyu\n|-activate|p2b: Mimikyu|ability: Disguise\n|-damage|p2b: Mimikyu|100\/100\n|detailschange|p2b: Mimikyu|Mimikyu-Busted, M\n|-damage|p2b: Mimikyu|88\/100|[from] pokemon: Mimikyu-Busted\n|cant|p2a: Enamorus|flinch\n|\n|upkeep\n|turn|9\n|inactive|Silvverrr has 120 seconds left.\n|\n|t:|1697010529\n|-terastallize|p2a: Enamorus|Fairy\n|move|p1a: Ambipom|U-turn|p2b: Mimikyu\n|-resisted|p2b: Mimikyu\n|-damage|p2b: Mimikyu|80\/100\n|inactive|Silvverrr has 120 seconds left.\n|\n|t:|1697010538\n|switch|p1a: Skarmory|Skarmory, F|100\/100|[from] U-turn\n|move|p1b: Walking Wake|Flamethrower|p2a: Enamorus\n|-damage|p2a: Enamorus|20\/100\n|-zpower|p2b: Mimikyu\n|move|p2b: Mimikyu|Let's Snuggle Forever|p1a: Skarmory|[zeffect]\n|-resisted|p1a: Skarmory\n|-damage|p1a: Skarmory|86\/100\n|-damage|p2b: Mimikyu|63\/100|[from] item: Rocky Helmet|[of] p1a: Skarmory\n|-ability|p1a: Skarmory|Weak Armor|boost\n|-unboost|p1a: Skarmory|def|1\n|-boost|p1a: Skarmory|spe|2\n|move|p2a: Enamorus|Dazzling Gleam|p1b: Walking Wake|[spread] p1a,p1b\n|-resisted|p1a: Skarmory\n|-resisted|p1b: Walking Wake\n|-damage|p1a: Skarmory|24\/100\n|-damage|p1b: Walking Wake|5\/100\n|-damage|p2a: Enamorus|10\/100|[from] item: Life Orb\n|\n|upkeep\n|turn|10\n|inactive|Silvverrr has 120 seconds left.\n|\n|t:|1697010572\n|move|p2b: Mimikyu|Shadow Sneak|p1b: Walking Wake\n|-damage|p1b: Walking Wake|0 fnt\n|faint|p1b: Walking Wake\n|-end|p1b: Walking Wake|Protosynthesis|[silent]\n|move|p1a: Skarmory|Body Press|p2a: Enamorus\n|-resisted|p2a: Enamorus\n|-damage|p2a: Enamorus|1\/100\n|move|p2a: Enamorus|Dazzling Gleam|p1a: Skarmory\n|-resisted|p1a: Skarmory\n|-damage|p1a: Skarmory|0 fnt\n|faint|p1a: Skarmory\n|-damage|p2a: Enamorus|0 fnt|[from] item: Life Orb\n|faint|p2a: Enamorus\n|\n|upkeep\n|\n|t:|1697010584\n|switch|p1b: Murkrow|Murkrow, F|100\/100\n|switch|p1a: Great Tusk|Great Tusk|9\/100\n|switch|p2a: Ribombee|Ribombee, F|63\/100\n|turn|11\n|\n|t:|1697010597\n|move|p1a: Great Tusk|Protect|p1a: Great Tusk\n|-singleturn|p1a: Great Tusk|Protect\n|move|p2a: Ribombee|Moonblast|p1b: Murkrow\n|-supereffective|p1b: Murkrow\n|-damage|p1b: Murkrow|2\/100\n|move|p2b: Mimikyu|Play Rough|p1a: Great Tusk\n|-activate|p1a: Great Tusk|move: Protect\n|move|p1b: Murkrow|Foul Play|p2b: Mimikyu\n|-damage|p2b: Mimikyu|0 fnt\n|faint|p2b: Mimikyu\n|\n|upkeep\n|\n|t:|1697010608\n|switch|p2b: Alactria|Mawile-Mega, F|100\/100\n|turn|12\n|\n|t:|1697010617\n|move|p1b: Murkrow|Tailwind|p1b: Murkrow\n|-sidestart|p1: Silvverrr|move: Tailwind\n|move|p1a: Great Tusk|Earthquake|p2a: Ribombee|[spread] p2a,p2b\n|-immune|p1b: Murkrow\n|-resisted|p2a: Ribombee\n|-supereffective|p2b: Alactria\n|-damage|p2a: Ribombee|6\/100\n|-damage|p2b: Alactria|0 fnt\n|faint|p2b: Alactria\n|-damage|p1a: Great Tusk|0 fnt|[from] item: Life Orb\n|faint|p1a: Great Tusk\n|-end|p1a: Great Tusk|Protosynthesis|[silent]\n|move|p2a: Ribombee|Moonblast|p1b: Murkrow\n|-supereffective|p1b: Murkrow\n|-damage|p1b: Murkrow|0 fnt\n|faint|p1b: Murkrow\n|\n|upkeep\n|c|\u2606Balazs1102|wow\n|c|\u2606Balazs1102|you win this one bro\n|\n|t:|1697010633\n|switch|p1b: Ambipom|Ambipom, F|43\/100\n|turn|13\n|\n|t:|1697010638\n|move|p1b: Ambipom|Fake Out|p2a: Ribombee\n|-damage|p2a: Ribombee|0 fnt\n|faint|p2a: Ribombee\n|\n|win|Silvverrr\n|raw|Silvverrr's rating: 1166 &rarr; <strong>1184<\/strong><br \/>(+18 for winning)\n|raw|Balazs1102's rating: 1073 &rarr; <strong>1058<\/strong><br \/>(-15 for losing)\n|c|\u2606Balazs1102|gg\n|c|\u2606Silvverrr|gg\n|l|\u2606Balazs1102\n","uploadtime":1697010649,"views":7,"p1id":"silvverrr","p2id":"balazs1102","formatid":"gen9nationaldexdoubles","rating":1058,"private":0,"password":""}