{"id":"gen9nationaldexdoubles-1990111368","p1":"PhantuXisDe","p2":"Supernevan6","format":"[Gen 9] National Dex Doubles","log":"|j|\u2606PhantuXisDe\n|j|\u2606Supernevan6\n|t:|1699925744\n|gametype|doubles\n|player|p1|PhantuXisDe|1|1000\n|player|p2|Supernevan6|2|1057\n|teamsize|p1|6\n|teamsize|p2|6\n|gen|9\n|tier|[Gen 9] National Dex Doubles\n|rated|\n|rule|HP Percentage Mod: HP is shown in percentages\n|rule|Endless Battle Clause: Forcing endless battles is banned\n|rule|OHKO Clause: OHKO moves are banned\n|rule|Evasion Moves Clause: Evasion moves are banned\n|rule|Evasion Abilities Clause: Evasion abilities are banned\n|rule|Species Clause: Limit one of each Pok\u00e9mon\n|rule|Gravity Sleep Clause: The combination of sleep-inducing moves with imperfect accuracy and Gravity or Gigantamax Orbeetle are banned\n|clearpoke\n|poke|p1|Gyarados, M|\n|poke|p1|Raichu, F|\n|poke|p1|Tapu Fini|\n|poke|p1|Heatran, M|\n|poke|p1|Whimsicott, F|\n|poke|p1|Landorus-Therian, M|\n|poke|p2|Charizard, F|\n|poke|p2|Meowscarada, M|\n|poke|p2|Greninja-*, M|\n|poke|p2|Blissey, F|\n|poke|p2|Dunsparce, F|\n|poke|p2|Jirachi|\n|teampreview\n|\n|t:|1699925761\n|start\n|switch|p1a: Raichu|Raichu, F|100\/100\n|switch|p1b: Gyarados|Gyarados, M|100\/100\n|switch|p2a: Charizard|Charizard, F|100\/100\n|switch|p2b: Greninja|Greninja, M|100\/100\n|-ability|p1b: Gyarados|Intimidate|boost\n|-unboost|p2a: Charizard|atk|1\n|-unboost|p2b: Greninja|atk|1\n|turn|1\n|\n|t:|1699925790\n|move|p2b: Greninja|Water Pledge|p1a: Raichu\n|-waiting|p2b: Greninja|p2a: Charizard\n|move|p2a: Charizard|Fire Pledge|p1a: Raichu|[from]move: Water Pledge\n|-combine\n|-damage|p1a: Raichu|0 fnt\n|-sidestart|p2: Supernevan6|Water Pledge\n|faint|p1a: Raichu\n|move|p1b: Gyarados|Dragon Dance|p1b: Gyarados\n|-boost|p1b: Gyarados|atk|1\n|-boost|p1b: Gyarados|spe|1\n|\n|upkeep\n|\n|t:|1699925810\n|switch|p1a: Heatran|Heatran, M|100\/100\n|turn|2\n|\n|t:|1699925833\n|switch|p1a: Tapu Fini|Tapu Fini|100\/100\n|-fieldstart|move: Misty Terrain|[from] ability: Misty Surge|[of] p1a: Tapu Fini\n|detailschange|p1b: Gyarados|Gyarados-Mega, M\n|-mega|p1b: Gyarados|Gyarados|Gyaradosite\n|-ability|p1b: Gyarados|Mold Breaker\n|move|p1b: Gyarados|Waterfall|p2a: Charizard\n|-supereffective|p2a: Charizard\n|-damage|p2a: Charizard|0 fnt\n|faint|p2a: Charizard\n|move|p2b: Greninja|Hydro Pump|p1a: Tapu Fini\n|-resisted|p1a: Tapu Fini\n|-damage|p1a: Tapu Fini|71\/100\n|\n|upkeep\n|\n|t:|1699925846\n|switch|p2a: Meowscarada|Meowscarada, M|100\/100\n|turn|3\n|\n|t:|1699925877\n|move|p1b: Gyarados|Waterfall|p2a: Meowscarada\n|-resisted|p2a: Meowscarada\n|-damage|p2a: Meowscarada|34\/100\n|move|p2a: Meowscarada|Grass Pledge|p1b: Gyarados\n|-waiting|p2a: Meowscarada|p2b: Greninja\n|move|p2b: Greninja|Water Pledge|p1b: Gyarados|[from]move: Grass Pledge\n|-combine\n|-supereffective|p1b: Gyarados\n|-damage|p1b: Gyarados|0 fnt\n|-sidestart|p1: PhantuXisDe|Grass Pledge\n|faint|p1b: Gyarados\n|-ability|p2b: Greninja|Battle Bond|boost\n|-boost|p2b: Greninja|atk|1\n|-boost|p2b: Greninja|spa|1\n|-boost|p2b: Greninja|spe|1\n|-activate|p2b: Greninja|ability: Battle Bond\n|move|p1a: Tapu Fini|Moonblast|p2b: Greninja\n|-supereffective|p2b: Greninja\n|-damage|p2b: Greninja|0 fnt\n|faint|p2b: Greninja\n|\n|-heal|p2a: Meowscarada|40\/100|[from] item: Leftovers\n|upkeep\n|\n|t:|1699925905\n|switch|p2b: Dunsparce|Dunsparce, F, shiny|100\/100\n|switch|p1b: Landorus|Landorus-Therian, M|100\/100\n|-ability|p1b: Landorus|Intimidate|boost\n|-unboost|p2a: Meowscarada|atk|1\n|-unboost|p2b: Dunsparce|atk|1\n|turn|4\n|\n|t:|1699925921\n|switch|p1b: Heatran|Heatran, M|100\/100\n|move|p2a: Meowscarada|Flower Trick|p1b: Heatran\n|-start|p2a: Meowscarada|typechange|Grass|[from] ability: Protean\n|-resisted|p1b: Heatran\n|-crit|p1b: Heatran\n|-damage|p1b: Heatran|89\/100\n|move|p2b: Dunsparce|Ancient Power|p1a: Tapu Fini\n|-damage|p1a: Tapu Fini|57\/100\n|-boost|p2b: Dunsparce|atk|1\n|-boost|p2b: Dunsparce|def|1\n|-boost|p2b: Dunsparce|spa|1\n|-boost|p2b: Dunsparce|spd|1\n|-boost|p2b: Dunsparce|spe|1\n|move|p1a: Tapu Fini|Moonblast|p2a: Meowscarada\n|-damage|p2a: Meowscarada|0 fnt\n|faint|p2a: Meowscarada\n|\n|-heal|p1b: Heatran|95\/100|[from] item: Leftovers\n|-sideend|p2: Supernevan6|Water Pledge\n|upkeep\n|\n|t:|1699925941\n|switch|p2a: Jirachi|Jirachi|100\/100\n|turn|5\n|\n|t:|1699925949\n|move|p2a: Jirachi|Follow Me|p2a: Jirachi\n|-singleturn|p2a: Jirachi|move: Follow Me\n|move|p2b: Dunsparce|Ancient Power|p1b: Heatran\n|-damage|p1b: Heatran|74\/100\n|move|p1a: Tapu Fini|Moonblast|p2a: Jirachi\n|-resisted|p2a: Jirachi\n|-damage|p2a: Jirachi|81\/100\n|move|p1b: Heatran|Heat Wave|p2a: Jirachi|[spread] p2a,p2b\n|-supereffective|p2a: Jirachi\n|-damage|p2a: Jirachi|29\/100\n|-damage|p2b: Dunsparce|78\/100\n|-enditem|p2a: Jirachi|Weakness Policy\n|-boost|p2a: Jirachi|atk|2|[from] item: Weakness Policy\n|-boost|p2a: Jirachi|spa|2|[from] item: Weakness Policy\n|\n|-heal|p1b: Heatran|81\/100|[from] item: Leftovers\n|upkeep\n|turn|6\n|\n|t:|1699925970\n|move|p2a: Jirachi|Zen Headbutt|p1b: Heatran\n|-resisted|p1b: Heatran\n|-damage|p1b: Heatran|54\/100\n|move|p2b: Dunsparce|Calm Mind|p2b: Dunsparce\n|-boost|p2b: Dunsparce|spa|1\n|-boost|p2b: Dunsparce|spd|1\n|move|p1a: Tapu Fini|Moonblast|p2a: Jirachi\n|-resisted|p2a: Jirachi\n|-damage|p2a: Jirachi|11\/100\n|move|p1b: Heatran|Heat Wave|p2a: Jirachi|[spread] p2b\n|-miss|p1b: Heatran|p2a: Jirachi\n|-damage|p2b: Dunsparce|62\/100\n|\n|-heal|p1b: Heatran|60\/100|[from] item: Leftovers\n|-sideend|p1: PhantuXisDe|Grass Pledge\n|-fieldend|Misty Terrain\n|upkeep\n|turn|7\n|\n|t:|1699926001\n|move|p1a: Tapu Fini|Moonblast|p2a: Jirachi\n|-resisted|p2a: Jirachi\n|-damage|p2a: Jirachi|0 fnt\n|faint|p2a: Jirachi\n|move|p1b: Heatran|Heat Wave|p2b: Dunsparce\n|-damage|p2b: Dunsparce|39\/100\n|move|p2b: Dunsparce|Ancient Power|p1b: Heatran\n|-damage|p1b: Heatran|32\/100\n|-boost|p2b: Dunsparce|atk|1\n|-boost|p2b: Dunsparce|def|1\n|-boost|p2b: Dunsparce|spa|1\n|-boost|p2b: Dunsparce|spd|1\n|-boost|p2b: Dunsparce|spe|1\n|\n|-heal|p1b: Heatran|38\/100|[from] item: Leftovers\n|upkeep\n|\n|t:|1699926016\n|switch|p2a: Blissey|Blissey, F|100\/100\n|turn|8\n|\n|t:|1699926026\n|move|p1a: Tapu Fini|Moonblast|p2b: Dunsparce\n|-damage|p2b: Dunsparce|21\/100\n|move|p2b: Dunsparce|Stored Power|p1b: Heatran\n|-resisted|p1b: Heatran\n|-damage|p1b: Heatran|0 fnt\n|faint|p1b: Heatran\n|move|p2a: Blissey|Heal Pulse|p2b: Dunsparce\n|-heal|p2b: Dunsparce|71\/100\n|\n|upkeep\n|\n|t:|1699926037\n|switch|p1b: Whimsicott|Whimsicott, F|100\/100\n|turn|9\n|\n|t:|1699926049\n|move|p1b: Whimsicott|Encore|p2a: Blissey\n|-start|p2a: Blissey|Encore\n|move|p1a: Tapu Fini|Moonblast|p2b: Dunsparce\n|-damage|p2b: Dunsparce|51\/100\n|move|p2b: Dunsparce|Stored Power|p1a: Tapu Fini\n|-damage|p1a: Tapu Fini|0 fnt\n|faint|p1a: Tapu Fini\n|move|p2a: Blissey|Heal Pulse|p2b: Dunsparce\n|-heal|p2b: Dunsparce|100\/100\n|\n|upkeep\n|\n|t:|1699926061\n|switch|p1a: Landorus|Landorus-Therian, M|100\/100\n|-ability|p1a: Landorus|Intimidate|boost\n|-unboost|p2a: Blissey|atk|1\n|-unboost|p2b: Dunsparce|atk|1\n|turn|10\n|\n|t:|1699926081\n|move|p1b: Whimsicott|Taunt|p2a: Blissey\n|-start|p2a: Blissey|move: Taunt\n|move|p1a: Landorus|Earthquake|p2b: Dunsparce|[spread] p1b,p2a,p2b\n|-resisted|p1b: Whimsicott\n|-damage|p1b: Whimsicott|82\/100\n|-damage|p2a: Blissey|9\/100\n|-damage|p2b: Dunsparce|84\/100\n|move|p2b: Dunsparce|Ancient Power|p1a: Landorus\n|-damage|p1a: Landorus|70\/100\n|cant|p2a: Blissey|move: Taunt|Heal Pulse\n|\n|upkeep\n|turn|11\n|\n|t:|1699926106\n|move|p1b: Whimsicott|Encore|p2b: Dunsparce\n|-start|p2b: Dunsparce|Encore\n|move|p1a: Landorus|Earthquake|p2b: Dunsparce|[spread] p1b,p2a,p2b\n|-resisted|p1b: Whimsicott\n|-damage|p1b: Whimsicott|65\/100\n|-damage|p2a: Blissey|0 fnt\n|-damage|p2b: Dunsparce|67\/100\n|faint|p2a: Blissey\n|move|p2b: Dunsparce|Ancient Power|p1a: Landorus\n|-damage|p1a: Landorus|41\/100\n|\n|upkeep\n|turn|12\n|\n|t:|1699926123\n|move|p1b: Whimsicott|Nature Power|p2b: Dunsparce\n|move|p1b: Whimsicott|Tri Attack|p2b: Dunsparce|[from]move: Nature Power\n|-damage|p2b: Dunsparce|61\/100\n|move|p1a: Landorus|Superpower|p2b: Dunsparce\n|-supereffective|p2b: Dunsparce\n|-damage|p2b: Dunsparce|25\/100\n|-unboost|p1a: Landorus|atk|1\n|-unboost|p1a: Landorus|def|1\n|move|p2b: Dunsparce|Ancient Power|p1a: Landorus\n|-damage|p1a: Landorus|11\/100\n|-boost|p2b: Dunsparce|atk|1\n|-boost|p2b: Dunsparce|def|1\n|-boost|p2b: Dunsparce|spa|1\n|-boost|p2b: Dunsparce|spd|1\n|-boost|p2b: Dunsparce|spe|1\n|\n|upkeep\n|turn|13\n|\n|t:|1699926145\n|move|p1b: Whimsicott|Nature Power|p2b: Dunsparce\n|move|p1b: Whimsicott|Tri Attack|p2b: Dunsparce|[from]move: Nature Power\n|-crit|p2b: Dunsparce\n|-damage|p2b: Dunsparce|7\/100\n|move|p2b: Dunsparce|Ancient Power|p1a: Landorus\n|-damage|p1a: Landorus|0 fnt\n|faint|p1a: Landorus\n|\n|-end|p2b: Dunsparce|Encore\n|upkeep\n|turn|14\n|\n|t:|1699926168\n|move|p1b: Whimsicott|Nature Power|p2b: Dunsparce\n|move|p1b: Whimsicott|Tri Attack|p2b: Dunsparce|[from]move: Nature Power\n|-damage|p2b: Dunsparce|2\/100\n|move|p2b: Dunsparce|Air Slash|p1b: Whimsicott\n|-supereffective|p1b: Whimsicott\n|-damage|p1b: Whimsicott|0 fnt\n|faint|p1b: Whimsicott\n|\n|win|Supernevan6\n|raw|PhantuXisDe's rating: 1000 &rarr; <strong>1000<\/strong><br \/>(+0 for losing)\n|raw|Supernevan6's rating: 1057 &rarr; <strong>1083<\/strong><br \/>(+26 for winning)\n","uploadtime":1699926180,"views":6,"p1id":"phantuxisde","p2id":"supernevan6","formatid":"gen9nationaldexdoubles","rating":1000,"private":0,"password":""}