{"id":"gen9nationaldexdoubles-1952607639","p1":"ButterDeButtery","p2":"Mascara De Planta","format":"[Gen 9] National Dex Doubles","log":"|j|\u2606ButterDeButtery\n|j|\u2606Mascara De Planta\n|t:|1695703010\n|gametype|doubles\n|player|p1|ButterDeButtery|waitress|1228\n|player|p2|Mascara De Planta|170|1197\n|teamsize|p1|6\n|teamsize|p2|6\n|gen|9\n|tier|[Gen 9] National Dex Doubles\n|rated|\n|rule|HP Percentage Mod: HP is shown in percentages\n|rule|Endless Battle Clause: Forcing endless battles is banned\n|rule|OHKO Clause: OHKO moves are banned\n|rule|Evasion Moves Clause: Evasion moves are banned\n|rule|Evasion Abilities Clause: Evasion abilities are banned\n|rule|Species Clause: Limit one of each Pok\u00e9mon\n|rule|Gravity Sleep Clause: The combination of sleep-inducing moves with imperfect accuracy and Gravity or Gigantamax Orbeetle are banned\n|clearpoke\n|poke|p1|Cyclizar, M|\n|poke|p1|Sneasler, M|\n|poke|p1|Dragonite, F|\n|poke|p1|Chesnaught, F|\n|poke|p1|Goodra-Hisui, F|\n|poke|p1|Murkrow, M|\n|poke|p2|Torkoal, M|\n|poke|p2|Flutter Mane|\n|poke|p2|Walking Wake|\n|poke|p2|Volcanion|\n|poke|p2|Chien-Pao|\n|poke|p2|Kingambit, M|\n|teampreview\n|\n|t:|1695703025\n|start\n|switch|p1a: Sneasler|Sneasler, M|100\/100\n|switch|p1b: Dragonite|Dragonite, F|100\/100\n|switch|p2a: Pana Zulia|Torkoal, M|100\/100\n|switch|p2b: PeloeQk|Flutter Mane|100\/100\n|-weather|SunnyDay|[from] ability: Drought|[of] p2a: Pana Zulia\n|-activate|p2b: PeloeQk|ability: Protosynthesis\n|-start|p2b: PeloeQk|protosynthesisspe\n|turn|1\n|\n|t:|1695703040\n|move|p2b: PeloeQk|Dazzling Gleam|p1a: Sneasler|[spread] p1a,p1b\n|-supereffective|p1b: Dragonite\n|-damage|p1a: Sneasler|53\/100\n|-damage|p1b: Dragonite|66\/100\n|-damage|p2b: PeloeQk|90\/100|[from] item: Life Orb\n|move|p1a: Sneasler|Dire Claw|p2b: PeloeQk\n|-damage|p2b: PeloeQk|8\/100\n|move|p1b: Dragonite|Rock Slide|p2b: PeloeQk|[spread] p2a,p2b\n|-supereffective|p2a: Pana Zulia\n|-damage|p2a: Pana Zulia|72\/100\n|-damage|p2b: PeloeQk|0 fnt\n|faint|p2b: PeloeQk\n|-end|p2b: PeloeQk|Protosynthesis|[silent]\n|cant|p2a: Pana Zulia|flinch\n|\n|-weather|SunnyDay|[upkeep]\n|-heal|p1b: Dragonite|72\/100|[from] item: Leftovers\n|upkeep\n|\n|t:|1695703057\n|switch|p2b: Agua Potable|Walking Wake|100\/100\n|-activate|p2b: Agua Potable|ability: Protosynthesis\n|-start|p2b: Agua Potable|protosynthesisspe\n|turn|2\n|\n|t:|1695703097\n|move|p2b: Agua Potable|Hydro Steam|p1a: Sneasler\n|-damage|p1a: Sneasler|0 fnt\n|faint|p1a: Sneasler\n|move|p1b: Dragonite|Rock Slide|p2a: Pana Zulia|[spread] p2a,p2b\n|-supereffective|p2a: Pana Zulia\n|-damage|p2a: Pana Zulia|42\/100\n|-damage|p2b: Agua Potable|77\/100\n|cant|p2a: Pana Zulia|flinch\n|\n|-weather|SunnyDay|[upkeep]\n|-heal|p1b: Dragonite|78\/100|[from] item: Leftovers\n|upkeep\n|\n|t:|1695703129\n|switch|p1a: Goodra|Goodra-Hisui, F|100\/100\n|turn|3\n|\n|t:|1695703140\n|move|p1b: Dragonite|Extreme Speed|p2b: Agua Potable\n|-damage|p2b: Agua Potable|43\/100\n|move|p2b: Agua Potable|Hydro Steam|p1b: Dragonite\n|-resisted|p1b: Dragonite\n|-damage|p1b: Dragonite|38\/100\n|move|p1a: Goodra|Dragon Pulse|p2b: Agua Potable\n|-supereffective|p2b: Agua Potable\n|-damage|p2b: Agua Potable|0 fnt\n|faint|p2b: Agua Potable\n|-end|p2b: Agua Potable|Protosynthesis|[silent]\n|move|p2a: Pana Zulia|Stealth Rock|p1b: Dragonite\n|-sidestart|p1: ButterDeButtery|move: Stealth Rock\n|\n|-weather|SunnyDay|[upkeep]\n|-heal|p1b: Dragonite|44\/100|[from] item: Leftovers\n|upkeep\n|\n|t:|1695703155\n|switch|p2b: Cheems-Pao|Chien-Pao|100\/100\n|-ability|p2b: Cheems-Pao|Sword of Ruin\n|turn|4\n|\n|t:|1695703165\n|move|p2b: Cheems-Pao|Ice Spinner|p1b: Dragonite\n|-supereffective|p1b: Dragonite\n|-damage|p1b: Dragonite|0 fnt\n|faint|p1b: Dragonite\n|move|p1a: Goodra|Flash Cannon|p2b: Cheems-Pao\n|-supereffective|p2b: Cheems-Pao\n|-enditem|p2b: Cheems-Pao|Focus Sash\n|-damage|p2b: Cheems-Pao|1\/100\n|move|p2a: Pana Zulia|Yawn|p1a: Goodra\n|-start|p1a: Goodra|move: Yawn|[of] p2a: Pana Zulia\n|\n|-weather|SunnyDay|[upkeep]\n|upkeep\n|\n|t:|1695703170\n|switch|p1b: Chesnaught|Chesnaught, F|100\/100\n|-damage|p1b: Chesnaught|94\/100|[from] Stealth Rock\n|turn|5\n|\n|t:|1695703181\n|switch|p1a: Murkrow|Murkrow, M|100\/100\n|-damage|p1a: Murkrow|76\/100|[from] Stealth Rock\n|move|p1b: Chesnaught|Spiky Shield|p1b: Chesnaught\n|-singleturn|p1b: Chesnaught|move: Protect\n|move|p2b: Cheems-Pao|Sacred Sword|p1a: Murkrow\n|-damage|p1a: Murkrow|17\/100\n|move|p2a: Pana Zulia|Lava Plume|p1a: Murkrow|[spread] p2b,p1a\n|-activate|p1b: Chesnaught|move: Protect\n|-supereffective|p2b: Cheems-Pao\n|-damage|p2b: Cheems-Pao|0 fnt\n|-damage|p1a: Murkrow|0 fnt\n|faint|p2b: Cheems-Pao\n|faint|p1a: Murkrow\n|\n|-weather|none\n|-heal|p1b: Chesnaught|100\/100|[from] item: Leftovers\n|upkeep\n|\n|t:|1695703213\n|switch|p2b: Volcanion|Volcanion|100\/100\n|switch|p1a: Cyclizar|Cyclizar, M|100\/100\n|-damage|p1a: Cyclizar|88\/100|[from] Stealth Rock\n|turn|6\n|\n|t:|1695703223\n|move|p1a: Cyclizar|Rapid Spin|p2a: Pana Zulia\n|-damage|p2a: Pana Zulia|32\/100\n|-boost|p1a: Cyclizar|spe|1\n|-sideend|p1: ButterDeButtery|Stealth Rock|[from] move: Rapid Spin|[of] p1a: Cyclizar\n|move|p2b: Volcanion|Heat Wave|p1b: Chesnaught|[spread] p1b\n|-miss|p2b: Volcanion|p1a: Cyclizar\n|-supereffective|p1b: Chesnaught\n|-crit|p1b: Chesnaught\n|-damage|p1b: Chesnaught|0 fnt\n|faint|p1b: Chesnaught\n|move|p2a: Pana Zulia|Lava Plume|p1a: Cyclizar|[spread] p2b,p1a\n|-resisted|p2b: Volcanion\n|-resisted|p1a: Cyclizar\n|-damage|p2b: Volcanion|97\/100\n|-damage|p1a: Cyclizar|76\/100\n|-status|p1a: Cyclizar|brn\n|\n|-heal|p2b: Volcanion|100\/100|[from] item: Leftovers\n|-damage|p1a: Cyclizar|70\/100 brn|[from] brn\n|upkeep\n|\n|t:|1695703226\n|switch|p1b: Goodra|Goodra-Hisui, F|100\/100\n|turn|7\n|\n|t:|1695703246\n|move|p1a: Cyclizar|Knock Off|p2b: Volcanion\n|-damage|p2b: Volcanion|93\/100\n|-enditem|p2b: Volcanion|Leftovers|[from] move: Knock Off|[of] p1a: Cyclizar\n|move|p2b: Volcanion|Heat Wave|p1b: Goodra|[spread] p1a,p1b\n|-resisted|p1a: Cyclizar\n|-damage|p1a: Cyclizar|47\/100 brn\n|-damage|p1b: Goodra|87\/100\n|-enditem|p1a: Cyclizar|Sitrus Berry|[eat]\n|-heal|p1a: Cyclizar|71\/100 brn|[from] item: Sitrus Berry\n|move|p1b: Goodra|Dragon Pulse|p2a: Pana Zulia\n|-damage|p2a: Pana Zulia|0 fnt\n|faint|p2a: Pana Zulia\n|\n|-damage|p1a: Cyclizar|65\/100 brn|[from] brn\n|upkeep\n|\n|t:|1695703260\n|switch|p2a: Kingambit|Kingambit, M|100\/100\n|-activate|p2a: Kingambit|ability: Supreme Overlord\n|-start|p2a: Kingambit|fallen4|[silent]\n|turn|8\n|\n|t:|1695703278\n|move|p1a: Cyclizar|Knock Off|p2a: Kingambit\n|-resisted|p2a: Kingambit\n|-damage|p2a: Kingambit|96\/100\n|-enditem|p2a: Kingambit|Assault Vest|[from] move: Knock Off|[of] p1a: Cyclizar\n|move|p2b: Volcanion|Steam Eruption|p1a: Cyclizar\n|-resisted|p1a: Cyclizar\n|-damage|p1a: Cyclizar|32\/100 brn\n|move|p2a: Kingambit|Kowtow Cleave|p1b: Goodra\n|-damage|p1b: Goodra|19\/100\n|move|p1b: Goodra|Fire Blast|p2a: Kingambit\n|-supereffective|p2a: Kingambit\n|-damage|p2a: Kingambit|18\/100\n|-status|p2a: Kingambit|brn\n|\n|-damage|p1a: Cyclizar|26\/100 brn|[from] brn\n|-damage|p2a: Kingambit|12\/100 brn|[from] brn\n|upkeep\n|turn|9\n|\n|t:|1695703297\n|move|p2a: Kingambit|Sucker Punch|p1a: Cyclizar\n|-damage|p1a: Cyclizar|0 fnt\n|faint|p1a: Cyclizar\n|move|p2b: Volcanion|Scorching Sands|p1b: Goodra\n|-supereffective|p1b: Goodra\n|-damage|p1b: Goodra|1\/100\n|move|p1b: Goodra|Dragon Pulse|p2b: Volcanion\n|-damage|p2b: Volcanion|59\/100\n|\n|-damage|p2a: Kingambit|6\/100 brn|[from] brn\n|upkeep\n|turn|10\n|\n|t:|1695703311\n|move|p2a: Kingambit|Sucker Punch|p1b: Goodra\n|-damage|p1b: Goodra|0 fnt\n|faint|p1b: Goodra\n|\n|win|Mascara De Planta\n|raw|ButterDeButtery's rating: 1246 &rarr; <strong>1217<\/strong><br \/>(-29 for losing)\n|raw|Mascara De Planta's rating: 1197 &rarr; <strong>1226<\/strong><br \/>(+29 for winning)\n","uploadtime":1695703321,"views":9,"p1id":"butterdebuttery","p2id":"mascaradeplanta","formatid":"gen9nationaldexdoubles","rating":1217,"private":0,"password":""}