{"id":"gen9nationaldexdoubles-1972187493","p1":"Haterouka","p2":"Beyond Subzero","format":"[Gen 9] National Dex Doubles","log":"|j|\u2606Haterouka\n|j|\u2606Beyond Subzero\n|t:|1697819897\n|gametype|doubles\n|player|p1|Haterouka|101|1267\n|player|p2|Beyond Subzero|2|1435\n|teamsize|p1|6\n|teamsize|p2|6\n|gen|9\n|tier|[Gen 9] National Dex Doubles\n|rated|\n|rule|HP Percentage Mod: HP is shown in percentages\n|rule|Endless Battle Clause: Forcing endless battles is banned\n|rule|OHKO Clause: OHKO moves are banned\n|rule|Evasion Moves Clause: Evasion moves are banned\n|rule|Evasion Abilities Clause: Evasion abilities are banned\n|rule|Species Clause: Limit one of each Pok\u00e9mon\n|rule|Gravity Sleep Clause: The combination of sleep-inducing moves with imperfect accuracy and Gravity or Gigantamax Orbeetle are banned\n|clearpoke\n|poke|p1|Sceptile, M|\n|poke|p1|Xurkitree|\n|poke|p1|Torkoal, F|\n|poke|p1|Walking Wake|\n|poke|p1|Scizor, F|\n|poke|p1|Ogerpon-Hearthflame, F|\n|poke|p2|Ninetales-Alola, F|\n|poke|p2|Latias, F|\n|poke|p2|Volcanion|\n|poke|p2|Kyurem-Black|\n|poke|p2|Whimsicott, F|\n|poke|p2|Zamazenta-*|\n|teampreview\n|\n|t:|1697819914\n|start\n|switch|p1a: Sceptile|Sceptile, M|100\/100\n|switch|p1b: Xurkitree|Xurkitree|100\/100\n|switch|p2a: Volcanion|Volcanion|100\/100\n|switch|p2b: Zamazenta|Zamazenta|100\/100\n|-ability|p2b: Zamazenta|Dauntless Shield|boost\n|-boost|p2b: Zamazenta|def|1\n|turn|1\n|\n|t:|1697819937\n|switch|p2a: Whimsicott|Whimsicott, F|100\/100\n|detailschange|p1a: Sceptile|Sceptile-Mega, M\n|-mega|p1a: Sceptile|Sceptile|Sceptilite\n|-terastallize|p1b: Xurkitree|Electric\n|move|p1b: Xurkitree|Discharge|p2b: Zamazenta|[spread] p2a,p2b\n|-ability|p1a: Sceptile|Lightning Rod|boost\n|-boost|p1a: Sceptile|spa|1\n|-resisted|p2a: Whimsicott\n|-damage|p2a: Whimsicott|62\/100\n|-damage|p2b: Zamazenta|61\/100\n|-status|p2a: Whimsicott|par\n|-status|p2b: Zamazenta|par\n|move|p1a: Sceptile|Energy Ball|p2a: Whimsicott\n|-resisted|p2a: Whimsicott\n|-damage|p2a: Whimsicott|0 fnt\n|faint|p2a: Whimsicott\n|cant|p2b: Zamazenta|par\n|\n|upkeep\n|\n|t:|1697819956\n|switch|p2a: Latias|Latias, F|100\/100\n|turn|2\n|\n|t:|1697819963\n|detailschange|p2a: Latias|Latias-Mega, F\n|-mega|p2a: Latias|Latias|Latiasite\n|move|p2b: Zamazenta|Wide Guard|p2b: Zamazenta\n|-singleturn|p2b: Zamazenta|Wide Guard\n|move|p1b: Xurkitree|Discharge|p2b: Zamazenta|[spread] \n|-activate|p2a: Latias|move: Wide Guard\n|-activate|p2b: Zamazenta|move: Wide Guard\n|-ability|p1a: Sceptile|Lightning Rod|boost\n|-boost|p1a: Sceptile|spa|1\n|move|p1a: Sceptile|Dragon Pulse|p2a: Latias\n|-supereffective|p2a: Latias\n|-damage|p2a: Latias|0 fnt\n|faint|p2a: Latias\n|\n|upkeep\n|\n|t:|1697819976\n|switch|p2a: Ninetales|Ninetales-Alola, F|100\/100\n|-weather|Snow|[from] ability: Snow Warning|[of] p2a: Ninetales\n|turn|3\n|\n|t:|1697819985\n|move|p2b: Zamazenta|Wide Guard|p2b: Zamazenta\n|-singleturn|p2b: Zamazenta|Wide Guard\n|move|p1b: Xurkitree|Discharge|p2a: Ninetales|[spread] \n|-activate|p2a: Ninetales|move: Wide Guard\n|-activate|p2b: Zamazenta|move: Wide Guard\n|-ability|p1a: Sceptile|Lightning Rod|boost\n|-boost|p1a: Sceptile|spa|1\n|move|p1a: Sceptile|Focus Blast|p2a: Ninetales|[miss]\n|-miss|p1a: Sceptile|p2a: Ninetales\n|move|p2a: Ninetales|Blizzard|p1b: Xurkitree|[spread] p1a,p1b\n|-supereffective|p1a: Sceptile\n|-damage|p1a: Sceptile|0 fnt\n|-damage|p1b: Xurkitree|54\/100\n|faint|p1a: Sceptile\n|\n|-weather|Snow|[upkeep]\n|upkeep\n|\n|t:|1697820001\n|switch|p1a: Scizor|Scizor, F|100\/100\n|turn|4\n|\n|t:|1697820010\n|switch|p1b: Torkoal|Torkoal, F|100\/100\n|-weather|SunnyDay|[from] ability: Drought|[of] p1b: Torkoal\n|-terastallize|p2a: Ninetales|Water\n|move|p2b: Zamazenta|Wide Guard|p2b: Zamazenta\n|-singleturn|p2b: Zamazenta|Wide Guard\n|move|p1a: Scizor|Bullet Punch|p2a: Ninetales\n|-resisted|p2a: Ninetales\n|-damage|p2a: Ninetales|81\/100\n|move|p2a: Ninetales|Blizzard|p1a: Scizor|[spread] p1a,p1b\n|-resisted|p1a: Scizor\n|-resisted|p1b: Torkoal\n|-damage|p1a: Scizor|79\/100\n|-damage|p1b: Torkoal|80\/100\n|\n|-weather|SunnyDay|[upkeep]\n|upkeep\n|turn|5\n|\n|t:|1697820038\n|switch|p2a: Volcanion|Volcanion|100\/100\n|move|p2b: Zamazenta|Body Press|p1a: Scizor\n|-damage|p1a: Scizor|36\/100\n|move|p1a: Scizor|Swords Dance|p1a: Scizor\n|-boost|p1a: Scizor|atk|2\n|move|p1b: Torkoal|Body Press|p2a: Volcanion\n|-damage|p2a: Volcanion|75\/100\n|\n|-weather|SunnyDay|[upkeep]\n|upkeep\n|turn|6\n|\n|t:|1697820064\n|move|p1a: Scizor|Bullet Punch|p2a: Volcanion\n|-resisted|p2a: Volcanion\n|-damage|p2a: Volcanion|64\/100\n|cant|p2b: Zamazenta|par\n|move|p2a: Volcanion|Heat Wave|p1a: Scizor|[spread] p1a,p1b\n|-supereffective|p1a: Scizor\n|-resisted|p1b: Torkoal\n|-damage|p1a: Scizor|0 fnt\n|-damage|p1b: Torkoal|37\/100\n|faint|p1a: Scizor\n|move|p1b: Torkoal|Body Press|p2a: Volcanion\n|-damage|p2a: Volcanion|36\/100\n|\n|-weather|SunnyDay|[upkeep]\n|upkeep\n|\n|t:|1697820068\n|switch|p1a: Walking Wake|Walking Wake|100\/100\n|-activate|p1a: Walking Wake|ability: Protosynthesis\n|-start|p1a: Walking Wake|protosynthesisspa\n|turn|7\n|\n|t:|1697820087\n|move|p1a: Walking Wake|Hydro Steam|p2a: Volcanion\n|-heal|p2a: Volcanion|61\/100|[from] ability: Water Absorb|[of] p1a: Walking Wake\n|move|p2b: Zamazenta|Play Rough|p1a: Walking Wake\n|-supereffective|p1a: Walking Wake\n|-damage|p1a: Walking Wake|49\/100\n|move|p2a: Volcanion|Heat Wave|p1b: Torkoal|[spread] p1a,p1b\n|-resisted|p1a: Walking Wake\n|-resisted|p1b: Torkoal\n|-damage|p1a: Walking Wake|31\/100\n|-damage|p1b: Torkoal|0 fnt\n|faint|p1b: Torkoal\n|\n|-weather|SunnyDay|[upkeep]\n|upkeep\n|\n|t:|1697820093\n|switch|p1b: Ogerpon|Ogerpon-Hearthflame, F|100\/100\n|-ability|p1b: Ogerpon|Mold Breaker\n|turn|8\n|\n|t:|1697820120\n|move|p1b: Ogerpon|Swords Dance|p1b: Ogerpon\n|-boost|p1b: Ogerpon|atk|2\n|move|p1a: Walking Wake|Draco Meteor|p2a: Volcanion\n|-damage|p2a: Volcanion|0 fnt\n|-unboost|p1a: Walking Wake|spa|2\n|faint|p2a: Volcanion\n|-damage|p1a: Walking Wake|22\/100|[from] item: Life Orb\n|move|p2b: Zamazenta|Body Press|p1b: Ogerpon\n|-damage|p1b: Ogerpon|34\/100\n|\n|-weather|SunnyDay|[upkeep]\n|upkeep\n|\n|t:|1697820131\n|switch|p2a: Ninetales|Ninetales-Alola, F, tera:Water|81\/100\n|-weather|Snow|[from] ability: Snow Warning|[of] p2a: Ninetales\n|-end|p1a: Walking Wake|Protosynthesis\n|turn|9\n|\n|t:|1697820141\n|move|p2a: Ninetales|Protect|p2a: Ninetales\n|-singleturn|p2a: Ninetales|Protect\n|move|p1b: Ogerpon|Horn Leech|p2a: Ninetales\n|-activate|p2a: Ninetales|move: Protect\n|move|p1a: Walking Wake|Flip Turn|p2a: Ninetales\n|-activate|p2a: Ninetales|move: Protect\n|move|p2b: Zamazenta|Body Press|p1b: Ogerpon\n|-damage|p1b: Ogerpon|0 fnt\n|faint|p1b: Ogerpon\n|\n|-weather|Snow|[upkeep]\n|upkeep\n|\n|t:|1697820145\n|switch|p1b: Xurkitree|Xurkitree, tera:Electric|54\/100\n|turn|10\n|-message|Haterouka forfeited.\n|\n|win|Beyond Subzero\n|raw|Haterouka's rating: 1267 &rarr; <strong>1253<\/strong><br \/>(-14 for losing)\n|raw|Beyond Subzero's rating: 1435 &rarr; <strong>1446<\/strong><br \/>(+11 for winning)\n|l|\u2606Haterouka\n|c|\u2606Beyond Subzero|log off\n","uploadtime":1697820184,"views":5,"p1id":"haterouka","p2id":"beyondsubzero","formatid":"gen9nationaldexdoubles","rating":1253,"private":0,"password":""}