{"id":"gen9nationaldexdoubles-1972376905","p1":"AutumnCookie","p2":"kpoc12","format":"[Gen 9] National Dex Doubles","log":"|j|\u2606AutumnCookie\n|j|\u2606kpoc12\n|t:|1697836370\n|gametype|doubles\n|player|p1|AutumnCookie|red|\n|player|p2|kpoc12|giovanni-masters|\n|teamsize|p1|6\n|teamsize|p2|6\n|gen|9\n|tier|[Gen 9] National Dex Doubles\n|rule|HP Percentage Mod: HP is shown in percentages\n|rule|Endless Battle Clause: Forcing endless battles is banned\n|rule|OHKO Clause: OHKO moves are banned\n|rule|Evasion Moves Clause: Evasion moves are banned\n|rule|Evasion Abilities Clause: Evasion abilities are banned\n|rule|Species Clause: Limit one of each Pok\u00e9mon\n|rule|Gravity Sleep Clause: The combination of sleep-inducing moves with imperfect accuracy and Gravity or Gigantamax Orbeetle are banned\n|clearpoke\n|poke|p1|Pikachu, F|\n|poke|p1|Charizard, M|\n|poke|p1|Venusaur, F|\n|poke|p1|Blastoise, M|\n|poke|p1|Lapras, F|\n|poke|p1|Snorlax, M|\n|poke|p2|Rhyperior, F|\n|poke|p2|Garchomp, M|\n|poke|p2|Gliscor, F|\n|poke|p2|Salamence, F|\n|poke|p2|Arcanine, F|\n|poke|p2|Torterra, M|\n|teampreview\n|\n|t:|1697836390\n|start\n|switch|p1a: Pikachu|Pikachu, F|100\/100\n|switch|p1b: Blastoise|Blastoise, M|100\/100\n|switch|p2a: Torterra|Torterra, M|100\/100\n|switch|p2b: Arcanine|Arcanine, F|100\/100\n|-ability|p2b: Arcanine|Intimidate|boost\n|-unboost|p1a: Pikachu|atk|1\n|-unboost|p1b: Blastoise|atk|1\n|turn|1\n|\n|t:|1697836425\n|move|p1b: Blastoise|Fake Out|p2a: Torterra\n|-damage|p2a: Torterra|93\/100\n|move|p2b: Arcanine|Extreme Speed|p1b: Blastoise\n|-damage|p1b: Blastoise|79\/100\n|move|p1a: Pikachu|Extreme Speed|p2b: Arcanine\n|-damage|p2b: Arcanine|72\/100\n|cant|p2a: Torterra|flinch\n|\n|-heal|p2b: Arcanine|79\/100|[from] item: Leftovers\n|-heal|p2a: Torterra|99\/100|[from] item: Leftovers\n|-heal|p1b: Blastoise|85\/100|[from] item: Leftovers\n|upkeep\n|turn|2\n|c|\u2606kpoc12|THE SPEEDERS\n|\n|t:|1697836491\n|switch|p2b: Garchomp|Garchomp, M|100\/100\n|switch|p1a: Snorlax|Snorlax, M|100\/100\n|move|p2a: Torterra|Shell Smash|p2a: Torterra\n|-unboost|p2a: Torterra|def|1\n|-unboost|p2a: Torterra|spd|1\n|-boost|p2a: Torterra|atk|2\n|-boost|p2a: Torterra|spa|2\n|-boost|p2a: Torterra|spe|2\n|move|p1b: Blastoise|Aqua Tail|p2b: Garchomp\n|-damage|p2b: Garchomp|77\/100\n|-damage|p1b: Blastoise|72\/100|[from] ability: Rough Skin|[of] p2b: Garchomp\n|\n|-heal|p2a: Torterra|100\/100|[from] item: Leftovers\n|-heal|p1b: Blastoise|78\/100|[from] item: Leftovers\n|upkeep\n|turn|3\n|\n|t:|1697836548\n|move|p2a: Torterra|Wood Hammer|p1b: Blastoise\n|-supereffective|p1b: Blastoise\n|-damage|p1b: Blastoise|0 fnt\n|faint|p1b: Blastoise\n|-damage|p2a: Torterra|72\/100|[from] Recoil\n|move|p2b: Garchomp|Rock Slide|p1a: Snorlax\n|-damage|p1a: Snorlax|77\/100\n|move|p1a: Snorlax|Double-Edge|p2a: Torterra\n|-damage|p2a: Torterra|0 fnt\n|faint|p2a: Torterra\n|-damage|p1a: Snorlax|62\/100|[from] Recoil\n|-damage|p1a: Snorlax|52\/100|[from] item: Life Orb\n|\n|upkeep\n|\n|t:|1697836564\n|switch|p2a: Arcanine|Arcanine, F|79\/100\n|switch|p1b: Lapras|Lapras, F|100\/100\n|-ability|p2a: Arcanine|Intimidate|boost\n|-unboost|p1a: Snorlax|atk|1\n|-unboost|p1b: Lapras|atk|1\n|turn|4\n|\n|t:|1697836590\n|move|p2a: Arcanine|Close Combat|p1b: Lapras\n|-supereffective|p1b: Lapras\n|-damage|p1b: Lapras|33\/100\n|-unboost|p2a: Arcanine|def|1\n|-unboost|p2a: Arcanine|spd|1\n|move|p2b: Garchomp|Outrage|p1a: Snorlax\n|-damage|p1a: Snorlax|0 fnt\n|faint|p1a: Snorlax\n|move|p1b: Lapras|Ice Beam|p2b: Garchomp\n|-supereffective|p2b: Garchomp\n|-damage|p2b: Garchomp|0 fnt\n|faint|p2b: Garchomp\n|\n|-heal|p2a: Arcanine|85\/100|[from] item: Leftovers\n|upkeep\n|\n|t:|1697836627\n|switch|p2b: Salamence|Salamence, F, shiny|100\/100\n|switch|p1a: Venusaur|Venusaur, F|100\/100\n|-ability|p2b: Salamence|Intimidate|boost\n|-unboost|p1a: Venusaur|atk|1\n|-unboost|p1b: Lapras|atk|1\n|turn|5\n|\n|t:|1697836676\n|switch|p1b: Charizard|Charizard, M|100\/100\n|detailschange|p2b: Salamence|Salamence-Mega, F, shiny\n|-mega|p2b: Salamence|Salamence|Salamencite\n|move|p2b: Salamence|Return|p1a: Venusaur\n|-supereffective|p1a: Venusaur\n|-crit|p1a: Venusaur\n|-damage|p1a: Venusaur|0 fnt\n|faint|p1a: Venusaur\n|move|p2a: Arcanine|Close Combat|p1b: Charizard\n|-resisted|p1b: Charizard\n|-damage|p1b: Charizard|76\/100\n|-unboost|p2a: Arcanine|def|1\n|-unboost|p2a: Arcanine|spd|1\n|\n|-heal|p2a: Arcanine|91\/100|[from] item: Leftovers\n|upkeep\n|\n|t:|1697836703\n|switch|p1a: Pikachu|Pikachu, F|100\/100\n|turn|6\n|j| cassinidivision\n|c| cassinidivision|told u id make itttt\n|\n|t:|1697836716\n|move|p1a: Pikachu|Extreme Speed|p2b: Salamence\n|-damage|p2b: Salamence|74\/100\n|move|p2b: Salamence|Dragon Claw|p1b: Charizard\n|-damage|p1b: Charizard|11\/100\n|move|p2a: Arcanine|Flare Blitz|p1a: Pikachu\n|-damage|p1a: Pikachu|0 fnt\n|faint|p1a: Pikachu\n|-damage|p2a: Arcanine|69\/100|[from] Recoil\n|move|p1b: Charizard|Dragon Dance|p1b: Charizard\n|-boost|p1b: Charizard|atk|1\n|-boost|p1b: Charizard|spe|1\n|\n|-heal|p2a: Arcanine|76\/100|[from] item: Leftovers\n|upkeep\n|\n|t:|1697836734\n|switch|p1a: Lapras|Lapras, F|33\/100\n|turn|7\n|\n|t:|1697836774\n|detailschange|p1b: Charizard|Charizard-Mega-X, M\n|-mega|p1b: Charizard|Charizard|Charizardite X\n|move|p1b: Charizard|Dragon Claw|p2b: Salamence\n|-supereffective|p2b: Salamence\n|-damage|p2b: Salamence|0 fnt\n|faint|p2b: Salamence\n|move|p2a: Arcanine|Close Combat|p1a: Lapras\n|-supereffective|p1a: Lapras\n|-damage|p1a: Lapras|0 fnt\n|-unboost|p2a: Arcanine|def|1\n|-unboost|p2a: Arcanine|spd|1\n|faint|p1a: Lapras\n|\n|-heal|p2a: Arcanine|82\/100|[from] item: Leftovers\n|upkeep\n|\n|t:|1697836790\n|switch|p2b: Gliscor|Gliscor, F|100\/100\n|turn|8\n|\n|t:|1697836822\n|move|p1b: Charizard|Dragon Claw|p2b: Gliscor\n|-crit|p2b: Gliscor\n|-damage|p2b: Gliscor|0 fnt\n|faint|p2b: Gliscor\n|move|p2a: Arcanine|Play Rough|p1b: Charizard\n|-damage|p1b: Charizard|0 fnt\n|faint|p1b: Charizard\n|\n|win|kpoc12\n|c|\u2606kpoc12|ggs\n|c|\u2606kpoc12|:]\n|c| cassinidivision|i think leaf might use her kabutops for her battle\n|c| cassinidivision|or eldegoss\n|c| cassinidivision|sorry i am looking at her okemon\n|c|\u2606AutumnCookie|REAL\n|l|\u2606kpoc12\n|c|\u2606AutumnCookie|Both Toterra AND Garchomp had him thinking about the battles with Cynthia...\n","uploadtime":1697836892,"views":9,"p1id":"autumncookie","p2id":"kpoc12","formatid":"gen9nationaldexdoubles","rating":0,"private":0,"password":""}