{"id":"gen9nationaldexdoubles-1947394081","p1":"Ccsxxfd","p2":"sawayoshi","format":"[Gen 9] National Dex Doubles","log":"|j|\u2606Ccsxxfd\n|j|\u2606sawayoshi\n|t:|1695156877\n|gametype|doubles\n|player|p1|Ccsxxfd|265|1000\n|player|p2|sawayoshi|266|1092\n|teamsize|p1|6\n|teamsize|p2|6\n|gen|9\n|tier|[Gen 9] National Dex Doubles\n|rated|\n|rule|HP Percentage Mod: HP is shown in percentages\n|rule|Endless Battle Clause: Forcing endless battles is banned\n|rule|OHKO Clause: OHKO moves are banned\n|rule|Evasion Moves Clause: Evasion moves are banned\n|rule|Evasion Abilities Clause: Evasion abilities are banned\n|rule|Species Clause: Limit one of each Pok\u00e9mon\n|rule|Gravity Sleep Clause: The combination of sleep-inducing moves with imperfect accuracy and Gravity or Gigantamax Orbeetle are banned\n|clearpoke\n|poke|p1|Ursaluna, M|\n|poke|p1|Charizard, M|\n|poke|p1|Alakazam, M|\n|poke|p1|Pidgeot, M|\n|poke|p1|Clodsire, F|\n|poke|p1|Primeape, F|\n|poke|p2|Garganacl, M|\n|poke|p2|Gengar, F|\n|poke|p2|Swampert, F|\n|poke|p2|Zapdos|\n|poke|p2|Zoroark, M|\n|poke|p2|Mimikyu, F|\n|teampreview\n|inactive|Battle timer is ON: inactive players will automatically lose when time's up. (requested by Ccsxxfd)\n|\n|t:|1695156897\n|start\n|switch|p1a: Ursaluna|Ursaluna, M|100\/100\n|switch|p1b: Pidgeot|Pidgeot, M|100\/100\n|switch|p2a: Garganacl|Garganacl, M|100\/100\n|switch|p2b: Gengar|Gengar, F|100\/100\n|turn|1\n|\n|t:|1695156912\n|move|p1b: Pidgeot|Tailwind|p1b: Pidgeot\n|-sidestart|p1: Ccsxxfd|move: Tailwind\n|move|p2b: Gengar|Encore||[still]\n|-fail|p2b: Gengar\n|move|p1a: Ursaluna|Hone Claws|p1a: Ursaluna\n|-boost|p1a: Ursaluna|atk|1\n|-boost|p1a: Ursaluna|accuracy|1\n|move|p2a: Garganacl|Stealth Rock|p1a: Ursaluna\n|-sidestart|p1: Ccsxxfd|move: Stealth Rock\n|\n|-status|p1a: Ursaluna|brn|[from] item: Flame Orb\n|upkeep\n|turn|2\n|\n|t:|1695156940\n|switch|p2b: Zapdos|Zapdos|100\/100\n|move|p2a: Garganacl|Protect|p2a: Garganacl\n|-singleturn|p2a: Garganacl|Protect\n|move|p1b: Pidgeot|Reflect|p1b: Pidgeot\n|-sidestart|p1: Ccsxxfd|Reflect\n|move|p1a: Ursaluna|Stone Edge|p2b: Zapdos\n|-supereffective|p2b: Zapdos\n|-damage|p2b: Zapdos|0 fnt\n|faint|p2b: Zapdos\n|\n|-damage|p1a: Ursaluna|94\/100 brn|[from] brn\n|upkeep\n|inactive|sawayoshi has 120 seconds left.\n|\n|t:|1695156950\n|switch|p2b: Swampert|Swampert, F|100\/100\n|turn|3\n|\n|t:|1695156965\n|switch|p1b: Primeape|Primeape, F|100\/100\n|move|p1a: Ursaluna|Drain Punch|p2a: Garganacl\n|-supereffective|p2a: Garganacl\n|-damage|p2a: Garganacl|39\/100\n|-heal|p1a: Ursaluna|100\/100 brn|[from] drain|[of] p2a: Garganacl\n|-damage|p1a: Ursaluna|84\/100 brn|[from] item: Rocky Helmet|[of] p2a: Garganacl\n|move|p2a: Garganacl|Salt Cure|p1b: Primeape\n|-resisted|p1b: Primeape\n|-damage|p1b: Primeape|91\/100\n|-start|p1b: Primeape|Salt Cure\n|move|p2b: Swampert|Roar|p1a: Ursaluna\n|drag|p1a: Alakazam|Alakazam, M|100\/100\n|\n|-damage|p1b: Primeape|79\/100|[from] Salt Cure\n|upkeep\n|turn|4\n|inactive|sawayoshi has 120 seconds left.\n|\n|t:|1695156996\n|move|p2a: Garganacl|Protect|p2a: Garganacl\n|-singleturn|p2a: Garganacl|Protect\n|move|p1a: Alakazam|Energy Ball|p2b: Swampert\n|-supereffective|p2b: Swampert\n|-damage|p2b: Swampert|0 fnt\n|faint|p2b: Swampert\n|move|p1b: Primeape|Cross Chop|p2a: Garganacl\n|-activate|p2a: Garganacl|move: Protect\n|\n|-damage|p1b: Primeape|67\/100|[from] Salt Cure\n|-sideend|p1: Ccsxxfd|move: Tailwind\n|upkeep\n|inactive|sawayoshi has 120 seconds left.\n|\n|t:|1695157014\n|switch|p2b: Gengar|Gengar, F|100\/100\n|turn|5\n|\n|t:|1695157025\n|switch|p2a: Mimikyu|Mimikyu, F|100\/100\n|move|p1a: Alakazam|Energy Ball|p2a: Mimikyu\n|-activate|p2a: Mimikyu|ability: Disguise\n|-damage|p2a: Mimikyu|100\/100\n|detailschange|p2a: Mimikyu|Mimikyu-Busted, F\n|-damage|p2a: Mimikyu|88\/100|[from] pokemon: Mimikyu-Busted\n|move|p2b: Gengar|Hex|p1a: Alakazam\n|-supereffective|p1a: Alakazam\n|-damage|p1a: Alakazam|0 fnt\n|faint|p1a: Alakazam\n|move|p1b: Primeape|Rage Fist|p2b: Gengar\n|-supereffective|p2b: Gengar\n|-crit|p2b: Gengar\n|-damage|p2b: Gengar|0 fnt\n|faint|p2b: Gengar\n|\n|-heal|p2a: Mimikyu|94\/100|[from] item: Leftovers\n|-damage|p1b: Primeape|54\/100|[from] Salt Cure\n|upkeep\n|\n|t:|1695157046\n|switch|p1a: Clodsire|Clodsire, F|100\/100\n|switch|p2b: Garganacl|Garganacl, M|39\/100\n|-damage|p1a: Clodsire|94\/100|[from] Stealth Rock\n|turn|6\n|\n|t:|1695157067\n|move|p2b: Garganacl|Protect|p2b: Garganacl\n|-singleturn|p2b: Garganacl|Protect\n|move|p2a: Mimikyu|Play Rough|p1b: Primeape\n|-supereffective|p1b: Primeape\n|-damage|p1b: Primeape|0 fnt\n|faint|p1b: Primeape\n|move|p1a: Clodsire|Yawn|p2b: Garganacl\n|-activate|p2b: Garganacl|move: Protect\n|\n|-heal|p2a: Mimikyu|99\/100|[from] item: Leftovers\n|-heal|p1a: Clodsire|100\/100|[from] item: Leftovers\n|-sideend|p1: Ccsxxfd|Reflect\n|upkeep\n|\n|t:|1695157075\n|switch|p1b: Ursaluna|Ursaluna, M|84\/100 brn\n|-damage|p1b: Ursaluna|78\/100 brn|[from] Stealth Rock\n|turn|7\n|inactive|sawayoshi has 120 seconds left.\n|\n|t:|1695157105\n|move|p2a: Mimikyu|Curse|p1b: Ursaluna\n|-start|p1b: Ursaluna|Curse|[of] p2a: Mimikyu\n|-damage|p2a: Mimikyu|50\/100\n|move|p2b: Garganacl|Recover|p2b: Garganacl\n|-heal|p2b: Garganacl|89\/100\n|move|p1a: Clodsire|Chilling Water|p2b: Garganacl\n|-supereffective|p2b: Garganacl\n|-damage|p2b: Garganacl|79\/100\n|-unboost|p2b: Garganacl|atk|1\n|move|p1b: Ursaluna|Avalanche|p2a: Mimikyu\n|-damage|p2a: Mimikyu|4\/100\n|\n|-heal|p2a: Mimikyu|10\/100|[from] item: Leftovers\n|-damage|p1b: Ursaluna|71\/100 brn|[from] brn\n|-damage|p1b: Ursaluna|46\/100 brn|[from] Curse\n|upkeep\n|turn|8\n|\n|t:|1695157129\n|switch|p1b: Pidgeot|Pidgeot, M|100\/100\n|-damage|p1b: Pidgeot|76\/100|[from] Stealth Rock\n|move|p2a: Mimikyu|Pain Split|p1a: Clodsire\n|-sethp|p1a: Clodsire|54\/100|[from] move: Pain Split|[silent]\n|-sethp|p2a: Mimikyu|79\/100|[from] move: Pain Split\n|move|p2b: Garganacl|Salt Cure|p1a: Clodsire\n|-resisted|p1a: Clodsire\n|-damage|p1a: Clodsire|48\/100\n|-start|p1a: Clodsire|Salt Cure\n|move|p1a: Clodsire|Counter|p2b: Garganacl\n|-damage|p2b: Garganacl|66\/100\n|-damage|p1a: Clodsire|32\/100|[from] item: Rocky Helmet|[of] p2b: Garganacl\n|\n|-heal|p2a: Mimikyu|85\/100|[from] item: Leftovers\n|-heal|p1a: Clodsire|38\/100|[from] item: Leftovers\n|-damage|p1a: Clodsire|25\/100|[from] Salt Cure\n|upkeep\n|turn|9\n|inactive|sawayoshi has 120 seconds left.\n|\n|t:|1695157162\n|move|p1b: Pidgeot|Tailwind|p1b: Pidgeot\n|-sidestart|p1: Ccsxxfd|move: Tailwind\n|move|p2a: Mimikyu|Curse|p1b: Pidgeot\n|-start|p1b: Pidgeot|Curse|[of] p2a: Mimikyu\n|-damage|p2a: Mimikyu|35\/100\n|move|p1a: Clodsire|Toxic Spikes|p2b: Garganacl\n|-sidestart|p2: sawayoshi|move: Toxic Spikes\n|move|p2b: Garganacl|Salt Cure|p1b: Pidgeot\n|-supereffective|p1b: Pidgeot\n|-damage|p1b: Pidgeot|50\/100\n|-start|p1b: Pidgeot|Salt Cure\n|\n|-heal|p2a: Mimikyu|41\/100|[from] item: Leftovers\n|-heal|p1a: Clodsire|32\/100|[from] item: Leftovers\n|-damage|p1b: Pidgeot|26\/100|[from] Curse\n|-damage|p1b: Pidgeot|13\/100|[from] Salt Cure\n|-damage|p1a: Clodsire|19\/100|[from] Salt Cure\n|upkeep\n|turn|10\n|inactive|sawayoshi has 120 seconds left.\n|\n|t:|1695157188\n|move|p2a: Mimikyu|Protect|p2a: Mimikyu\n|-singleturn|p2a: Mimikyu|Protect\n|move|p1b: Pidgeot|Air Slash|p2a: Mimikyu\n|-activate|p2a: Mimikyu|move: Protect\n|move|p1a: Clodsire|Yawn|p2a: Mimikyu\n|-activate|p2a: Mimikyu|move: Protect\n|move|p2b: Garganacl|Salt Cure|p1a: Clodsire\n|-resisted|p1a: Clodsire\n|-damage|p1a: Clodsire|14\/100\n|\n|-heal|p2a: Mimikyu|47\/100|[from] item: Leftovers\n|-heal|p1a: Clodsire|20\/100|[from] item: Leftovers\n|-damage|p1b: Pidgeot|0 fnt|[from] Curse\n|faint|p1b: Pidgeot\n|-damage|p1a: Clodsire|8\/100|[from] Salt Cure\n|upkeep\n|inactive|Ccsxxfd has 120 seconds left.\n|\n|t:|1695157203\n|switch|p1b: Ursaluna|Ursaluna, M|46\/100 brn\n|-damage|p1b: Ursaluna|40\/100 brn|[from] Stealth Rock\n|turn|11\n|\n|t:|1695157214\n|move|p2b: Garganacl|Protect|p2b: Garganacl\n|-singleturn|p2b: Garganacl|Protect\n|move|p2a: Mimikyu|Play Rough|p1b: Ursaluna\n|-damage|p1b: Ursaluna|18\/100 brn\n|move|p1b: Ursaluna|Drain Punch|p2b: Garganacl\n|-activate|p2b: Garganacl|move: Protect\n|move|p1a: Clodsire|Yawn|p2b: Garganacl\n|-activate|p2b: Garganacl|move: Protect\n|\n|-heal|p2a: Mimikyu|53\/100|[from] item: Leftovers\n|-heal|p1a: Clodsire|14\/100|[from] item: Leftovers\n|-damage|p1b: Ursaluna|12\/100 brn|[from] brn\n|-damage|p1a: Clodsire|2\/100|[from] Salt Cure\n|upkeep\n|turn|12\n|\n|t:|1695157242\n|move|p2a: Mimikyu|Play Rough|p1b: Ursaluna\n|-damage|p1b: Ursaluna|0 fnt\n|faint|p1b: Ursaluna\n|move|p1a: Clodsire|Yawn|p2b: Garganacl\n|-immune|p2b: Garganacl|[from] ability: Purifying Salt\n|move|p2b: Garganacl|Recover|p2b: Garganacl\n|-heal|p2b: Garganacl|100\/100\n|\n|-heal|p2a: Mimikyu|59\/100|[from] item: Leftovers\n|-heal|p1a: Clodsire|8\/100|[from] item: Leftovers\n|-damage|p1a: Clodsire|0 fnt|[from] Salt Cure\n|faint|p1a: Clodsire\n|-sideend|p1: Ccsxxfd|move: Tailwind\n|upkeep\n|\n|t:|1695157253\n|switch|p1b: Charizard|Charizard, M|100\/100\n|-damage|p1b: Charizard|50\/100|[from] Stealth Rock\n|turn|13\n|\n|t:|1695157265\n|detailschange|p1b: Charizard|Charizard-Mega-X, M\n|-mega|p1b: Charizard|Charizard|Charizardite X\n|move|p1b: Charizard|Earthquake|p2b: Garganacl|[spread] p2a,p2b\n|-supereffective|p2b: Garganacl\n|-damage|p2a: Mimikyu|23\/100\n|-damage|p2b: Garganacl|73\/100\n|move|p2a: Mimikyu|Curse|p1b: Charizard\n|-start|p1b: Charizard|Curse|[of] p2a: Mimikyu\n|-damage|p2a: Mimikyu|0 fnt\n|faint|p2a: Mimikyu\n|move|p2b: Garganacl|Salt Cure|p1b: Charizard\n|-supereffective|p1b: Charizard\n|-damage|p1b: Charizard|30\/100\n|-start|p1b: Charizard|Salt Cure\n|\n|-damage|p1b: Charizard|6\/100|[from] Curse\n|-damage|p1b: Charizard|0 fnt|[from] Salt Cure\n|faint|p1b: Charizard\n|\n|win|sawayoshi\n|upkeep\n|raw|Ccsxxfd's rating: 1000 &rarr; <strong>1000<\/strong><br \/>(+0 for losing)\n|raw|sawayoshi's rating: 1092 &rarr; <strong>1111<\/strong><br \/>(+19 for winning)\n|l|\u2606Ccsxxfd\n|c|\u2606sawayoshi|that was so mean im sorry\n","uploadtime":1695157291,"views":39,"p1id":"ccsxxfd","p2id":"sawayoshi","formatid":"gen9nationaldexdoubles","rating":1000,"private":0,"password":""}