{"id":"gen9nationaldexdoubles-1970690907","p1":"Pollylopy","p2":"Dyln_L33","format":"[Gen 9] National Dex Doubles","log":"|j|\u2606Pollylopy\n|j|\u2606Dyln_L33\n|t:|1697658552\n|gametype|doubles\n|player|p1|Pollylopy|waitress|1119\n|player|p2|Dyln_L33|candice|1076\n|teamsize|p1|6\n|teamsize|p2|6\n|gen|9\n|tier|[Gen 9] National Dex Doubles\n|rated|\n|rule|HP Percentage Mod: HP is shown in percentages\n|rule|Endless Battle Clause: Forcing endless battles is banned\n|rule|OHKO Clause: OHKO moves are banned\n|rule|Evasion Moves Clause: Evasion moves are banned\n|rule|Evasion Abilities Clause: Evasion abilities are banned\n|rule|Species Clause: Limit one of each Pok\u00e9mon\n|rule|Gravity Sleep Clause: The combination of sleep-inducing moves with imperfect accuracy and Gravity or Gigantamax Orbeetle are banned\n|clearpoke\n|poke|p1|Gengar, F|\n|poke|p1|Arcanine-Hisui, M|\n|poke|p1|Exeggutor, F|\n|poke|p1|Gallade, M|\n|poke|p1|Golduck, F|\n|poke|p1|Scizor, F|\n|poke|p2|Ninetales-Alola, M|\n|poke|p2|Garchomp, M|\n|poke|p2|Ogerpon-Wellspring, F|\n|poke|p2|Sandslash-Alola, M|\n|poke|p2|Indeedee-F, F|\n|poke|p2|Glaceon, F|\n|teampreview\n|inactive|Battle timer is ON: inactive players will automatically lose when time's up. (requested by Dyln_L33)\n|\n|t:|1697658566\n|start\n|switch|p1a: Gengar|Gengar, F, shiny|100\/100\n|switch|p1b: Arcanine|Arcanine-Hisui, M|100\/100\n|switch|p2a: Indeedee|Indeedee-F, F|100\/100\n|switch|p2b: Garchomp|Garchomp, M|100\/100\n|-fieldstart|move: Psychic Terrain|[from] ability: Psychic Surge|[of] p2a: Indeedee\n|-enditem|p2a: Indeedee|Psychic Seed\n|-boost|p2a: Indeedee|spd|1|[from] item: Psychic Seed\n|turn|1\n|inactive|Pollylopy has 120 seconds left.\n|inactive|Pollylopy has 90 seconds left.\n|\n|t:|1697658627\n|move|p2a: Indeedee|Follow Me|p2a: Indeedee\n|-singleturn|p2a: Indeedee|move: Follow Me\n|move|p1a: Gengar|Shadow Ball|p2a: Indeedee\n|-immune|p2a: Indeedee\n|move|p2b: Garchomp|Earthquake|p1b: Arcanine|[spread] p2a,p1a,p1b\n|-supereffective|p1a: Gengar\n|-supereffective|p1b: Arcanine\n|-damage|p2a: Indeedee|48\/100\n|-damage|p1a: Gengar|0 fnt\n|-damage|p1b: Arcanine|0 fnt\n|-start|p2b: Garchomp|Disable|Earthquake|[from] ability: Cursed Body|[of] p1a: Gengar\n|faint|p1a: Gengar\n|faint|p1b: Arcanine\n|\n|upkeep\n|inactive|Pollylopy has 90 seconds left.\n|\n|t:|1697658644\n|switch|p1a: Exeggutor|Exeggutor, F|100\/100\n|switch|p1b: Golduck|Golduck, F|100\/100\n|-ability|p1b: Golduck|Cloud Nine\n|turn|2\n|inactive|Pollylopy has 90 seconds left.\n|\n|t:|1697658660\n|switch|p2b: Ninetales|Ninetales-Alola, M|100\/100\n|-weather|Snow|[from] ability: Snow Warning|[of] p2b: Ninetales\n|move|p2a: Indeedee|Follow Me|p2a: Indeedee\n|-singleturn|p2a: Indeedee|move: Follow Me\n|move|p1b: Golduck|Calm Mind|p1b: Golduck\n|-boost|p1b: Golduck|spa|1\n|-boost|p1b: Golduck|spd|1\n|move|p1a: Exeggutor|Sleep Powder|p2a: Indeedee\n|-status|p2a: Indeedee|slp|[from] move: Sleep Powder\n|\n|-weather|Snow|[upkeep]\n|upkeep\n|turn|3\n|\n|t:|1697658681\n|switch|p2a: Glaceon|Glaceon, F|100\/100\n|move|p2b: Ninetales|Aurora Veil||[still]\n|-fail|p2b: Ninetales\n|move|p1b: Golduck|Calm Mind|p1b: Golduck\n|-boost|p1b: Golduck|spa|1\n|-boost|p1b: Golduck|spd|1\n|move|p1a: Exeggutor|Leech Seed|p2b: Ninetales\n|-start|p2b: Ninetales|move: Leech Seed\n|\n|-weather|Snow|[upkeep]\n|-damage|p2b: Ninetales|88\/100|[from] Leech Seed|[of] p1a: Exeggutor\n|upkeep\n|turn|4\n|\n|t:|1697658702\n|move|p1a: Exeggutor|Protect|p1a: Exeggutor\n|-singleturn|p1a: Exeggutor|Protect\n|move|p2b: Ninetales|Toxic|p1b: Golduck\n|-status|p1b: Golduck|tox\n|move|p1b: Golduck|Surf|p2a: Glaceon|[spread] p2a,p2b\n|-activate|p1a: Exeggutor|move: Protect\n|-damage|p2a: Glaceon|27\/100\n|-damage|p2b: Ninetales|9\/100\n|move|p2a: Glaceon|Icy Wind|p1a: Exeggutor|[spread] p1b\n|-activate|p1a: Exeggutor|move: Protect\n|-resisted|p1b: Golduck\n|-damage|p1b: Golduck|89\/100 tox\n|-unboost|p1b: Golduck|spe|1\n|\n|-weather|Snow|[upkeep]\n|-damage|p2b: Ninetales|0 fnt|[from] Leech Seed|[of] p1a: Exeggutor\n|faint|p2b: Ninetales\n|-damage|p1b: Golduck|83\/100 tox|[from] psn\n|upkeep\n|\n|t:|1697658713\n|switch|p2b: Ogerpon|Ogerpon-Wellspring, F|100\/100\n|turn|5\n|inactive|Pollylopy has 120 seconds left.\n|\n|t:|1697658752\n|move|p2b: Ogerpon|Ivy Cudgel|p1b: Golduck\n|-resisted|p1b: Golduck\n|-damage|p1b: Golduck|41\/100 tox\n|move|p1b: Golduck|Ice Beam|p2b: Ogerpon\n|-damage|p2b: Ogerpon|40\/100\n|move|p2a: Glaceon|Icy Wind|p1a: Exeggutor|[spread] p1a\n|-miss|p2a: Glaceon|p1b: Golduck\n|-supereffective|p1a: Exeggutor\n|-damage|p1a: Exeggutor|18\/100\n|-unboost|p1a: Exeggutor|spe|1\n|-enditem|p1a: Exeggutor|Sitrus Berry|[eat]\n|-heal|p1a: Exeggutor|43\/100|[from] item: Sitrus Berry\n|move|p1a: Exeggutor|Psychic|p2a: Glaceon\n|-crit|p2a: Glaceon\n|-damage|p2a: Glaceon|0 fnt\n|faint|p2a: Glaceon\n|\n|-weather|Snow|[upkeep]\n|-damage|p1b: Golduck|29\/100 tox|[from] psn\n|-fieldend|move: Psychic Terrain\n|upkeep\n|\n|t:|1697658762\n|switch|p2a: Sandslash|Sandslash-Alola, M|100\/100\n|turn|6\n|inactive|Pollylopy has 120 seconds left.\n|\n|t:|1697658780\n|move|p1a: Exeggutor|Protect|p1a: Exeggutor\n|-singleturn|p1a: Exeggutor|Protect\n|move|p2a: Sandslash|Ice Shard|p1a: Exeggutor\n|-activate|p1a: Exeggutor|move: Protect\n|move|p2b: Ogerpon|Ivy Cudgel|p1b: Golduck\n|-resisted|p1b: Golduck\n|-damage|p1b: Golduck|0 fnt\n|faint|p1b: Golduck\n|\n|-weather|none\n|-item|p1a: Exeggutor|Sitrus Berry|[from] ability: Harvest\n|upkeep\n|-enditem|p1a: Exeggutor|Sitrus Berry|[eat]\n|-heal|p1a: Exeggutor|68\/100|[from] item: Sitrus Berry\n|\n|t:|1697658796\n|switch|p1b: Gallade|Gallade, M|100\/100\n|turn|7\n|inactive|Pollylopy has 120 seconds left.\n|\n|t:|1697658812\n|switch|p1a: Scizor|Scizor, F|100\/100\n|-terastallize|p2b: Ogerpon|Water\n|detailschange|p2b: Ogerpon|Ogerpon-Wellspring-Tera, F, tera:Water\n|-ability|p2b: Ogerpon|Embody Aspect (Wellspring)|boost\n|-boost|p2b: Ogerpon|spd|1\n|move|p2a: Sandslash|Ice Shard|p1a: Scizor\n|-resisted|p1a: Scizor\n|-damage|p1a: Scizor|88\/100\n|move|p2b: Ogerpon|Ivy Cudgel|p1b: Gallade\n|-damage|p1b: Gallade|0 fnt\n|faint|p1b: Gallade\n|\n|upkeep\n|\n|t:|1697658832\n|switch|p1b: Exeggutor|Exeggutor, F|68\/100\n|turn|8\n|inactive|Pollylopy has 120 seconds left.\n|inactive|Pollylopy has 90 seconds left.\n|inactive|Pollylopy has 60 seconds left.\n|\n|t:|1697658920\n|move|p1b: Exeggutor|Protect|p1b: Exeggutor\n|-singleturn|p1b: Exeggutor|Protect\n|move|p2a: Sandslash|Ice Shard|p1b: Exeggutor\n|-activate|p1b: Exeggutor|move: Protect\n|move|p2b: Ogerpon|Ivy Cudgel|p1a: Scizor\n|-damage|p1a: Scizor|10\/100\n|move|p1a: Scizor|Swords Dance|p1a: Scizor\n|-boost|p1a: Scizor|atk|2\n|\n|-item|p1b: Exeggutor|Sitrus Berry|[from] ability: Harvest\n|upkeep\n|turn|9\n|inactive|Pollylopy has 60 seconds left.\n|\n|t:|1697658947\n|switch|p2a: Indeedee|Indeedee-F, F|48\/100 slp\n|-fieldstart|move: Psychic Terrain|[from] ability: Psychic Surge|[of] p2a: Indeedee\n|-terastallize|p1b: Exeggutor|Water\n|move|p1a: Scizor|Bullet Punch|p2b: Ogerpon\n|-activate|p2b: Ogerpon|move: Psychic Terrain\n|move|p2b: Ogerpon|Ivy Cudgel|p1a: Scizor\n|-damage|p1a: Scizor|0 fnt\n|faint|p1a: Scizor\n|move|p1b: Exeggutor|Sleep Powder|p2a: Indeedee|[miss]\n|-miss|p1b: Exeggutor|p2a: Indeedee\n|\n|upkeep\n|turn|10\n|inactive|Pollylopy has 60 seconds left.\n|-message|Pollylopy forfeited.\n|\n|win|Dyln_L33\n|raw|Pollylopy's rating: 1119 &rarr; <strong>1091<\/strong><br \/>(-28 for losing)\n|raw|Dyln_L33's rating: 1076 &rarr; <strong>1108<\/strong><br \/>(+32 for winning)\n|l|\u2606Pollylopy\n","uploadtime":1697658966,"views":14,"p1id":"pollylopy","p2id":"dylnl33","formatid":"gen9nationaldexdoubles","rating":1091,"private":0,"password":""}