{"id":"gen9nationaldexdoubles-1962435077","p1":"4 Senpai","p2":"Lilytheloudmouth","format":"[Gen 9] National Dex Doubles","log":"|j|\u26064 Senpai\n|j|\u2606Lilytheloudmouth\n|t:|1696746357\n|gametype|doubles\n|player|p1|4 Senpai|caitlin|1078\n|player|p2|Lilytheloudmouth|roxie|1158\n|teamsize|p1|6\n|teamsize|p2|6\n|gen|9\n|tier|[Gen 9] National Dex Doubles\n|rated|\n|rule|HP Percentage Mod: HP is shown in percentages\n|rule|Endless Battle Clause: Forcing endless battles is banned\n|rule|OHKO Clause: OHKO moves are banned\n|rule|Evasion Moves Clause: Evasion moves are banned\n|rule|Evasion Abilities Clause: Evasion abilities are banned\n|rule|Species Clause: Limit one of each Pok\u00e9mon\n|rule|Gravity Sleep Clause: The combination of sleep-inducing moves with imperfect accuracy and Gravity or Gigantamax Orbeetle are banned\n|clearpoke\n|poke|p1|Lopunny, M|\n|poke|p1|Vespiquen, F|\n|poke|p1|Gengar, M|\n|poke|p1|Spiritomb, M|\n|poke|p1|Regigigas|\n|poke|p1|Koffing, F|\n|poke|p2|Munkidori, M|\n|poke|p2|Grafaiai, M|\n|poke|p2|Slaking, M|\n|poke|p2|Rillaboom, M|\n|poke|p2|Infernape, M|\n|poke|p2|Simipour, F|\n|teampreview\n|inactive|Battle timer is ON: inactive players will automatically lose when time's up. (requested by 4 Senpai)\n|inactive|Lilytheloudmouth has 120 seconds left.\n|\n|t:|1696746397\n|start\n|switch|p1a: feelings <333|Gengar, M, shiny|100\/100\n|switch|p1b: TomnNBoom|Spiritomb, M, shiny|100\/100\n|switch|p2a: Big Monkey|Slaking, M|100\/100\n|switch|p2b: Smart monkey|Munkidori, M|100\/100\n|turn|1\n|\n|t:|1696746415\n|move|p1a: feelings <333|Protect|p1a: feelings <333\n|-singleturn|p1a: feelings <333|Protect\n|move|p2b: Smart monkey|Shadow Ball|p1a: feelings <333\n|-activate|p1a: feelings <333|move: Protect\n|move|p2a: Big Monkey|Knock Off|p1b: TomnNBoom\n|-damage|p1b: TomnNBoom|58\/100\n|-enditem|p1b: TomnNBoom|Mental Herb|[from] move: Knock Off|[of] p2a: Big Monkey\n|move|p1b: TomnNBoom|Trick Room|p1b: TomnNBoom\n|-fieldstart|move: Trick Room|[of] p1b: TomnNBoom\n|\n|upkeep\n|turn|2\n|\n|t:|1696746437\n|move|p1b: TomnNBoom|Will-O-Wisp|p2a: Big Monkey\n|-status|p2a: Big Monkey|brn\n|cant|p2a: Big Monkey|ability: Truant\n|move|p2b: Smart monkey|Shadow Ball|p1a: feelings <333\n|-supereffective|p1a: feelings <333\n|-damage|p1a: feelings <333|0 fnt\n|-start|p2b: Smart monkey|Disable|Shadow Ball|[from] ability: Cursed Body|[of] p1a: feelings <333\n|faint|p1a: feelings <333\n|-damage|p2b: Smart monkey|91\/100|[from] item: Life Orb\n|\n|-damage|p2a: Big Monkey|94\/100 brn|[from] brn\n|upkeep\n|\n|t:|1696746451\n|switch|p1a: Sensei-tional <3|Lopunny, M|100\/100\n|turn|3\n|\n|t:|1696746465\n|switch|p2b: Little Monkey|Grafaiai, M|100\/100\n|detailschange|p1a: Sensei-tional <3|Lopunny-Mega, M\n|-mega|p1a: Sensei-tional <3|Lopunny|Lopunnite\n|move|p1a: Sensei-tional <3|Fake Out|p2b: Little Monkey\n|-damage|p2b: Little Monkey|71\/100\n|move|p1b: TomnNBoom|Foul Play|p2a: Big Monkey\n|-damage|p2a: Big Monkey|48\/100 brn\n|move|p2a: Big Monkey|Drain Punch|p1a: Sensei-tional <3\n|-supereffective|p1a: Sensei-tional <3\n|-damage|p1a: Sensei-tional <3|61\/100\n|-heal|p2a: Big Monkey|60\/100 brn|[from] drain|[of] p1a: Sensei-tional <3\n|\n|-heal|p2b: Little Monkey|77\/100|[from] item: Black Sludge\n|-heal|p2a: Big Monkey|66\/100 brn|[from] item: Leftovers\n|-damage|p2a: Big Monkey|60\/100 brn|[from] brn\n|upkeep\n|turn|4\n|\n|t:|1696746492\n|move|p2b: Little Monkey|Doodle|p1a: Sensei-tional <3\n|-endability|p2a: Big Monkey|Truant|[from] move: Doodle\n|-ability|p2a: Big Monkey|Scrappy|[from] move: Doodle\n|-endability|p2b: Little Monkey|Prankster|[from] move: Doodle\n|-ability|p2b: Little Monkey|Scrappy|[from] move: Doodle\n|move|p1b: TomnNBoom|Will-O-Wisp|p2b: Little Monkey\n|-status|p2b: Little Monkey|brn\n|move|p2a: Big Monkey|Drain Punch|p1a: Sensei-tional <3\n|-supereffective|p1a: Sensei-tional <3\n|-damage|p1a: Sensei-tional <3|18\/100\n|-heal|p2a: Big Monkey|73\/100 brn|[from] drain|[of] p1a: Sensei-tional <3\n|move|p1a: Sensei-tional <3|Drain Punch|p2a: Big Monkey\n|-supereffective|p2a: Big Monkey\n|-damage|p2a: Big Monkey|10\/100 brn\n|-heal|p1a: Sensei-tional <3|70\/100|[from] drain|[of] p2a: Big Monkey\n|\n|-heal|p2b: Little Monkey|83\/100 brn|[from] item: Black Sludge\n|-heal|p2a: Big Monkey|16\/100 brn|[from] item: Leftovers\n|-damage|p2b: Little Monkey|77\/100 brn|[from] brn\n|-damage|p2a: Big Monkey|10\/100 brn|[from] brn\n|upkeep\n|turn|5\n|inactive|4 Senpai has 120 seconds left.\n|\n|t:|1696746525\n|switch|p1a: Ohhhh NOOOO >;3|Regigigas, shiny|100\/100\n|-start|p1a: Ohhhh NOOOO >;3|ability: Slow Start\n|move|p1b: TomnNBoom|Destiny Bond|p1b: TomnNBoom\n|-singlemove|p1b: TomnNBoom|Destiny Bond\n|move|p2b: Little Monkey|Toxic|p1b: TomnNBoom\n|-status|p1b: TomnNBoom|tox\n|move|p2a: Big Monkey|Drain Punch|p1a: Ohhhh NOOOO >;3\n|-supereffective|p1a: Ohhhh NOOOO >;3\n|-damage|p1a: Ohhhh NOOOO >;3|78\/100\n|-heal|p2a: Big Monkey|21\/100 brn|[from] drain|[of] p1a: Ohhhh NOOOO >;3\n|\n|-heal|p2b: Little Monkey|83\/100 brn|[from] item: Black Sludge\n|-heal|p2a: Big Monkey|27\/100 brn|[from] item: Leftovers\n|-damage|p1b: TomnNBoom|52\/100 tox|[from] psn\n|-damage|p2b: Little Monkey|77\/100 brn|[from] brn\n|-damage|p2a: Big Monkey|21\/100 brn|[from] brn\n|-fieldend|move: Trick Room\n|upkeep\n|turn|6\n|inactive|4 Senpai has 120 seconds left.\n|\n|t:|1696746550\n|move|p2a: Big Monkey|Drain Punch|p1a: Ohhhh NOOOO >;3\n|-supereffective|p1a: Ohhhh NOOOO >;3\n|-damage|p1a: Ohhhh NOOOO >;3|55\/100\n|-heal|p2a: Big Monkey|32\/100 brn|[from] drain|[of] p1a: Ohhhh NOOOO >;3\n|move|p2b: Little Monkey|Toxic|p1a: Ohhhh NOOOO >;3\n|-status|p1a: Ohhhh NOOOO >;3|tox\n|move|p1a: Ohhhh NOOOO >;3|Drain Punch|p2b: Little Monkey\n|-damage|p2b: Little Monkey|51\/100 brn\n|-heal|p1a: Ohhhh NOOOO >;3|66\/100 tox|[from] drain|[of] p2b: Little Monkey\n|move|p1b: TomnNBoom|Trick Room|p1b: TomnNBoom\n|-fieldstart|move: Trick Room|[of] p1b: TomnNBoom\n|\n|-heal|p2b: Little Monkey|57\/100 brn|[from] item: Black Sludge\n|-heal|p2a: Big Monkey|38\/100 brn|[from] item: Leftovers\n|-damage|p1b: TomnNBoom|40\/100 tox|[from] psn\n|-damage|p1a: Ohhhh NOOOO >;3|60\/100 tox|[from] psn\n|-damage|p2b: Little Monkey|51\/100 brn|[from] brn\n|-damage|p2a: Big Monkey|32\/100 brn|[from] brn\n|upkeep\n|turn|7\n|\n|t:|1696746575\n|move|p1b: TomnNBoom|Foul Play|p2a: Big Monkey\n|-damage|p2a: Big Monkey|0 fnt\n|faint|p2a: Big Monkey\n|move|p1a: Ohhhh NOOOO >;3|Facade|p2b: Little Monkey\n|-damage|p2b: Little Monkey|0 fnt\n|faint|p2b: Little Monkey\n|\n|-damage|p1b: TomnNBoom|22\/100 tox|[from] psn\n|-damage|p1a: Ohhhh NOOOO >;3|47\/100 tox|[from] psn\n|upkeep\n|\n|t:|1696746585\n|switch|p2b: Wet Monkey|Simipour, F|100\/100\n|switch|p2a: Hot Monkey|Infernape, M|100\/100\n|turn|8\n|\n|t:|1696746603\n|move|p1b: TomnNBoom|Will-O-Wisp|p2b: Wet Monkey|[miss]\n|-miss|p1b: TomnNBoom|p2b: Wet Monkey\n|move|p1a: Ohhhh NOOOO >;3|Facade|p2b: Wet Monkey\n|-damage|p2b: Wet Monkey|37\/100\n|move|p2b: Wet Monkey|Substitute|p2b: Wet Monkey\n|-start|p2b: Wet Monkey|Substitute\n|-damage|p2b: Wet Monkey|12\/100\n|move|p2a: Hot Monkey|Nasty Plot|p2a: Hot Monkey\n|-boost|p2a: Hot Monkey|spa|2\n|\n|-heal|p2b: Wet Monkey|18\/100|[from] item: Leftovers\n|-damage|p1b: TomnNBoom|0 fnt|[from] psn\n|faint|p1b: TomnNBoom\n|-damage|p1a: Ohhhh NOOOO >;3|29\/100 tox|[from] psn\n|upkeep\n|\n|t:|1696746620\n|switch|p1b: Sensei-tional <3|Lopunny-Mega, M|70\/100\n|turn|9\n|\n|t:|1696746644\n|move|p1b: Sensei-tional <3|Fake Out|p2a: Hot Monkey\n|-damage|p2a: Hot Monkey|70\/100\n|cant|p2a: Hot Monkey|flinch\n|move|p1a: Ohhhh NOOOO >;3|Darkest Lariat|p2b: Wet Monkey\n|-end|p2b: Wet Monkey|Substitute\n|move|p2b: Wet Monkey|Aqua Ring|p2b: Wet Monkey\n|-start|p2b: Wet Monkey|Aqua Ring\n|\n|-heal|p2b: Wet Monkey|24\/100|[from] item: Leftovers\n|-heal|p2b: Wet Monkey|30\/100|[from] Aqua Ring\n|-damage|p1a: Ohhhh NOOOO >;3|4\/100 tox|[from] psn\n|-end|p1a: Ohhhh NOOOO >;3|Slow Start\n|upkeep\n|turn|10\n|\n|t:|1696746670\n|move|p1b: Sensei-tional <3|Protect|p1b: Sensei-tional <3\n|-singleturn|p1b: Sensei-tional <3|Protect\n|move|p2a: Hot Monkey|Vacuum Wave|p1a: Ohhhh NOOOO >;3\n|-supereffective|p1a: Ohhhh NOOOO >;3\n|-damage|p1a: Ohhhh NOOOO >;3|0 fnt\n|faint|p1a: Ohhhh NOOOO >;3\n|-end|p1a: Ohhhh NOOOO >;3|Slow Start|[silent]\n|move|p2b: Wet Monkey|Ice Beam|p1b: Sensei-tional <3\n|-activate|p1b: Sensei-tional <3|move: Protect\n|\n|-heal|p2b: Wet Monkey|37\/100|[from] item: Leftovers\n|-heal|p2b: Wet Monkey|43\/100|[from] Aqua Ring\n|-fieldend|move: Trick Room\n|upkeep\n|\n|t:|1696746687\n|switch|p1a: QUEEN SLAE|Vespiquen, F, shiny|100\/100\n|-ability|p1a: QUEEN SLAE|Pressure\n|turn|11\n|\n|t:|1696746702\n|move|p1a: QUEEN SLAE|Protect|p1a: QUEEN SLAE\n|-singleturn|p1a: QUEEN SLAE|Protect\n|move|p1b: Sensei-tional <3|Drain Punch|p2b: Wet Monkey\n|-damage|p2b: Wet Monkey|0 fnt\n|-heal|p1b: Sensei-tional <3|97\/100|[from] drain|[of] p2b: Wet Monkey\n|faint|p2b: Wet Monkey\n|move|p2a: Hot Monkey|Flamethrower|p1a: QUEEN SLAE\n|-activate|p1a: QUEEN SLAE|move: Protect\n|\n|upkeep\n|\n|t:|1696746712\n|switch|p2b: Mossy Monkey|Rillaboom, M|100\/100\n|-fieldstart|move: Grassy Terrain|[from] ability: Grassy Surge|[of] p2b: Mossy Monkey\n|turn|12\n|\n|t:|1696746728\n|-terastallize|p1a: QUEEN SLAE|Flying\n|move|p1b: Sensei-tional <3|Protect|p1b: Sensei-tional <3\n|-singleturn|p1b: Sensei-tional <3|Protect\n|move|p2b: Mossy Monkey|Fake Out|p1b: Sensei-tional <3\n|-activate|p1b: Sensei-tional <3|move: Protect\n|move|p2a: Hot Monkey|Flamethrower|p1a: QUEEN SLAE\n|-damage|p1a: QUEEN SLAE|49\/100\n|move|p1a: QUEEN SLAE|Defend Order|p1a: QUEEN SLAE\n|-boost|p1a: QUEEN SLAE|def|1\n|-boost|p1a: QUEEN SLAE|spd|1\n|\n|-heal|p1b: Sensei-tional <3|100\/100|[from] Grassy Terrain\n|-heal|p2a: Hot Monkey|76\/100|[from] Grassy Terrain\n|upkeep\n|turn|13\n|\n|t:|1696746755\n|move|p1a: QUEEN SLAE|Protect|p1a: QUEEN SLAE\n|-singleturn|p1a: QUEEN SLAE|Protect\n|move|p1b: Sensei-tional <3|Facade|p2a: Hot Monkey\n|-damage|p2a: Hot Monkey|19\/100\n|move|p2a: Hot Monkey|Flamethrower|p1b: Sensei-tional <3\n|-damage|p1b: Sensei-tional <3|0 fnt\n|faint|p1b: Sensei-tional <3\n|move|p2b: Mossy Monkey|Drum Beating|p1a: QUEEN SLAE\n|-activate|p1a: QUEEN SLAE|move: Protect\n|\n|-heal|p2a: Hot Monkey|25\/100|[from] Grassy Terrain\n|upkeep\n|\n|t:|1696746767\n|switch|p1b: Win.CON.exe|Koffing, F, shiny|100\/100\n|turn|14\n|\n|t:|1696746786\n|move|p2a: Hot Monkey|Flamethrower|p1a: QUEEN SLAE\n|-damage|p1a: QUEEN SLAE|0 fnt\n|faint|p1a: QUEEN SLAE\n|move|p2b: Mossy Monkey|Knock Off|p1b: Win.CON.exe\n|-damage|p1b: Win.CON.exe|80\/100\n|-enditem|p1b: Win.CON.exe|Eviolite|[from] move: Knock Off|[of] p2b: Mossy Monkey\n|move|p1b: Win.CON.exe|Clear Smog|p2a: Hot Monkey\n|-damage|p2a: Hot Monkey|7\/100\n|-clearboost|p2a: Hot Monkey\n|\n|-heal|p2a: Hot Monkey|13\/100|[from] Grassy Terrain\n|upkeep\n|turn|15\n|\n|t:|1696746809\n|move|p2a: Hot Monkey|Nasty Plot|p2a: Hot Monkey\n|-boost|p2a: Hot Monkey|spa|2\n|move|p2b: Mossy Monkey|Drum Beating|p1b: Win.CON.exe\n|-resisted|p1b: Win.CON.exe\n|-damage|p1b: Win.CON.exe|56\/100\n|-unboost|p1b: Win.CON.exe|spe|1\n|move|p1b: Win.CON.exe|Gunk Shot|p2a: Hot Monkey\n|-damage|p2a: Hot Monkey|0 fnt\n|faint|p2a: Hot Monkey\n|\n|upkeep\n|\n|t:|1696746819\n|switch|p2a: Smart monkey|Munkidori, M|91\/100\n|turn|16\n|inactive|4 Senpai has 120 seconds left.\n|\n|t:|1696746853\n|move|p2a: Smart monkey|Psychic|p1b: Win.CON.exe\n|-supereffective|p1b: Win.CON.exe\n|-damage|p1b: Win.CON.exe|0 fnt\n|faint|p1b: Win.CON.exe\n|-damage|p2a: Smart monkey|81\/100|[from] item: Life Orb\n|\n|win|Lilytheloudmouth\n|raw|4 Senpai's rating: 1078 &rarr; <strong>1061<\/strong><br \/>(-17 for losing)\n|raw|Lilytheloudmouth's rating: 1158 &rarr; <strong>1177<\/strong><br \/>(+19 for winning)\n","uploadtime":1696746866,"views":11,"p1id":"4senpai","p2id":"lilytheloudmouth","formatid":"gen9nationaldexdoubles","rating":1061,"private":0,"password":""}