{"id":"gen9nationaldexdoubles-1990969447","p1":"AceCoyoteNK","p2":"Xlander_99","format":"[Gen 9] National Dex Doubles","log":"|j|\u2606AceCoyoteNK\n|j|\u2606Xlander_99\n|t:|1700021271\n|gametype|doubles\n|player|p1|AceCoyoteNK|clair|1156\n|player|p2|Xlander_99|1|1299\n|teamsize|p1|6\n|teamsize|p2|6\n|gen|9\n|tier|[Gen 9] National Dex Doubles\n|rated|\n|rule|HP Percentage Mod: HP is shown in percentages\n|rule|Endless Battle Clause: Forcing endless battles is banned\n|rule|OHKO Clause: OHKO moves are banned\n|rule|Evasion Moves Clause: Evasion moves are banned\n|rule|Evasion Abilities Clause: Evasion abilities are banned\n|rule|Species Clause: Limit one of each Pok\u00e9mon\n|rule|Gravity Sleep Clause: The combination of sleep-inducing moves with imperfect accuracy and Gravity or Gigantamax Orbeetle are banned\n|clearpoke\n|poke|p1|Rotom-Wash|\n|poke|p1|Tyranitar, M|\n|poke|p1|Goodra-Hisui, M|\n|poke|p1|Ninetales-Alola, F|\n|poke|p1|Iron Hands|\n|poke|p1|Amoonguss, F|\n|poke|p2|Bronzong|\n|poke|p2|Avalugg-Hisui, F|\n|poke|p2|Cresselia, F|\n|poke|p2|Ursaluna, M|\n|poke|p2|Crawdaunt, M|\n|poke|p2|Kingambit, M|\n|teampreview\n|inactive|Battle timer is ON: inactive players will automatically lose when time's up. (requested by AceCoyoteNK)\n|\n|t:|1700021297\n|start\n|switch|p1a: Goodra|Goodra-Hisui, M|100\/100\n|switch|p1b: Amoonguss|Amoonguss, F|100\/100\n|switch|p2a: Bronzong|Bronzong|100\/100\n|switch|p2b: Avalugg|Avalugg-Hisui, F|100\/100\n|turn|1\n|inactive|Xlander_99 has 120 seconds left.\n|\n|t:|1700021338\n|move|p1a: Goodra|Acid Armor|p1a: Goodra\n|-boost|p1a: Goodra|def|2\n|move|p2b: Avalugg|Ice Fang|p1b: Amoonguss\n|-supereffective|p1b: Amoonguss\n|-damage|p1b: Amoonguss|0 fnt\n|faint|p1b: Amoonguss\n|-damage|p2b: Avalugg|91\/100|[from] item: Life Orb\n|move|p2a: Bronzong|Trick Room|p2a: Bronzong\n|-fieldstart|move: Trick Room|[of] p2a: Bronzong\n|\n|upkeep\n|\n|t:|1700021351\n|switch|p1b: Iron Hands|Iron Hands|100\/100\n|turn|2\n|\n|t:|1700021362\n|move|p1b: Iron Hands|Fake Out|p2b: Avalugg\n|-resisted|p2b: Avalugg\n|-damage|p2b: Avalugg|87\/100\n|move|p2a: Bronzong|Stealth Rock|p1b: Iron Hands\n|-sidestart|p1: AceCoyoteNK|move: Stealth Rock\n|cant|p2b: Avalugg|flinch\n|move|p1a: Goodra|Heavy Slam|p2b: Avalugg\n|-supereffective|p2b: Avalugg\n|-damage|p2b: Avalugg|61\/100\n|\n|upkeep\n|turn|3\n|\n|t:|1700021385\n|-terastallize|p1a: Goodra|Water\n|move|p2a: Bronzong|Ice Spinner|p1a: Goodra\n|-resisted|p1a: Goodra\n|-damage|p1a: Goodra|98\/100\n|move|p2b: Avalugg|High Horsepower|p1b: Iron Hands\n|-supereffective|p1b: Iron Hands\n|-damage|p1b: Iron Hands|44\/100\n|-damage|p2b: Avalugg|52\/100|[from] item: Life Orb\n|move|p1b: Iron Hands|Drain Punch|p2b: Avalugg\n|-supereffective|p2b: Avalugg\n|-damage|p2b: Avalugg|0 fnt\n|-heal|p1b: Iron Hands|63\/100|[from] drain|[of] p2b: Avalugg\n|faint|p2b: Avalugg\n|move|p1a: Goodra|Acid Armor|p1a: Goodra\n|-boost|p1a: Goodra|def|2\n|\n|-heal|p1a: Goodra|100\/100|[from] item: Leftovers\n|upkeep\n|inactive|Xlander_99 has 120 seconds left.\n|\n|t:|1700021407\n|switch|p2b: Ursaluna|Ursaluna, M|100\/100\n|turn|4\n|\n|t:|1700021429\n|-terastallize|p2b: Ursaluna|Normal\n|move|p2b: Ursaluna|Protect|p2b: Ursaluna\n|-singleturn|p2b: Ursaluna|Protect\n|move|p2a: Bronzong|Gyro Ball|p1a: Goodra\n|-resisted|p1a: Goodra\n|-damage|p1a: Goodra|98\/100\n|move|p1b: Iron Hands|Ice Punch|p2b: Ursaluna\n|-activate|p2b: Ursaluna|move: Protect\n|move|p1a: Goodra|Acid Armor|p1a: Goodra\n|-boost|p1a: Goodra|def|2\n|\n|-heal|p1a: Goodra|100\/100|[from] item: Leftovers\n|-status|p2b: Ursaluna|brn|[from] item: Flame Orb\n|upkeep\n|turn|5\n|\n|t:|1700021451\n|switch|p2a: Cresselia|Cresselia, F|100\/100\n|move|p2b: Ursaluna|Facade|p1a: Goodra\n|-damage|p1a: Goodra|69\/100\n|move|p1b: Iron Hands|Drain Punch|p2b: Ursaluna\n|-supereffective|p2b: Ursaluna\n|-damage|p2b: Ursaluna|35\/100 brn\n|-heal|p1b: Iron Hands|93\/100|[from] drain|[of] p2b: Ursaluna\n|move|p1a: Goodra|Body Press|p2b: Ursaluna\n|-supereffective|p2b: Ursaluna\n|-damage|p2b: Ursaluna|0 fnt\n|faint|p2b: Ursaluna\n|\n|-heal|p1a: Goodra|75\/100|[from] item: Leftovers\n|-fieldend|move: Trick Room\n|upkeep\n|\n|t:|1700021463\n|switch|p2b: Crawdaunt|Crawdaunt, M|100\/100\n|turn|6\n|\n|t:|1700021476\n|move|p1a: Goodra|Protect|p1a: Goodra\n|-singleturn|p1a: Goodra|Protect\n|move|p1b: Iron Hands|Drain Punch|p2b: Crawdaunt\n|-supereffective|p2b: Crawdaunt\n|-damage|p2b: Crawdaunt|0 fnt\n|-heal|p1b: Iron Hands|100\/100|[from] drain|[of] p2b: Crawdaunt\n|faint|p2b: Crawdaunt\n|move|p2a: Cresselia|Trick Room|p2a: Cresselia\n|-fieldstart|move: Trick Room|[of] p2a: Cresselia\n|\n|-heal|p1a: Goodra|81\/100|[from] item: Leftovers\n|upkeep\n|inactive|Xlander_99 has 120 seconds left.\n|inactive|Xlander_99 has 90 seconds left.\n|inactive|Xlander_99 has 60 seconds left.\n|c|\u2606AceCoyoteNK|Outplayed?\n|inactive|Xlander_99 has 30 seconds left.\n|inactive|Xlander_99 has 20 seconds left.\n|inactive|Xlander_99 has 15 seconds left.\n|inactive|Xlander_99 has 10 seconds left.\n|inactive|Xlander_99 has 5 seconds left.\n|-message|Xlander_99 lost due to inactivity.\n|\n|win|AceCoyoteNK\n|raw|AceCoyoteNK's rating: 1156 &rarr; <strong>1191<\/strong><br \/>(+35 for winning)\n|raw|Xlander_99's rating: 1299 &rarr; <strong>1264<\/strong><br \/>(-35 for losing)\n","uploadtime":1700021629,"views":5,"p1id":"acecoyotenk","p2id":"xlander99","formatid":"gen9nationaldexdoubles","rating":1191,"private":0,"password":""}