{"id":"gen9nationaldexdoubles-1994517613","p1":"Ryan1Baek","p2":"Shiny_Hero64","format":"[Gen 9] National Dex Doubles","log":"|j|\u2606Ryan1Baek\n|j|\u2606Shiny_Hero64\n|t:|1700453511\n|gametype|doubles\n|player|p1|Ryan1Baek|carmine|\n|player|p2|Shiny_Hero64|n-masters3|\n|teamsize|p1|6\n|teamsize|p2|6\n|gen|9\n|tier|[Gen 9] National Dex Doubles\n|rule|HP Percentage Mod: HP is shown in percentages\n|rule|Endless Battle Clause: Forcing endless battles is banned\n|rule|OHKO Clause: OHKO moves are banned\n|rule|Evasion Moves Clause: Evasion moves are banned\n|rule|Evasion Abilities Clause: Evasion abilities are banned\n|rule|Species Clause: Limit one of each Pok\u00e9mon\n|rule|Gravity Sleep Clause: The combination of sleep-inducing moves with imperfect accuracy and Gravity or Gigantamax Orbeetle are banned\n|clearpoke\n|poke|p1|Farigiraf, F|\n|poke|p1|Diancie|\n|poke|p1|Torkoal, F|\n|poke|p1|Venusaur, F|\n|poke|p1|Tornadus, M|\n|poke|p1|Walking Wake|\n|poke|p2|Farigiraf, F|\n|poke|p2|Ursaluna, M|\n|poke|p2|Camerupt, M|\n|poke|p2|Hatterene, F|\n|poke|p2|Iron Hands|\n|poke|p2|Enamorus-Therian, F|\n|teampreview\n|j| Eliminathan\n|j| TestudoJK\n|\n|t:|1700453547\n|start\n|switch|p1a: Farigiraf|Farigiraf, F|100\/100\n|switch|p1b: Walking Wake|Walking Wake|100\/100\n|switch|p2a: Azzoe|Hatterene, F, shiny|100\/100\n|switch|p2b: Normal neck|Farigiraf, F|100\/100\n|turn|1\n|\n|t:|1700453572\n|move|p1b: Walking Wake|Flip Turn|p2a: Azzoe\n|-damage|p2a: Azzoe|82\/100\n|\n|t:|1700453582\n|-end|p1b: Walking Wake|Protosynthesis|[silent]\n|switch|p1b: Venusaur|Venusaur, F, shiny|100\/100|[from] Flip Turn\n|move|p2b: Normal neck|Hyper Voice|p1b: Venusaur|[spread] p1a,p1b\n|-crit|p1a: Farigiraf\n|-damage|p1a: Farigiraf|51\/100\n|-damage|p1b: Venusaur|60\/100\n|move|p1a: Farigiraf|Imprison|p1a: Farigiraf\n|-start|p1a: Farigiraf|move: Imprison\n|-zpower|p2a: Azzoe\n|move|p2a: Azzoe|Twinkle Tackle|p1a: Farigiraf|[zeffect]\n|-damage|p1a: Farigiraf|0 fnt\n|faint|p1a: Farigiraf\n|\n|upkeep\n|\n|t:|1700453594\n|switch|p1a: Torkoal|Torkoal, F, shiny|100\/100\n|-weather|SunnyDay|[from] ability: Drought|[of] p1a: Torkoal\n|turn|2\n|\n|t:|1700453605\n|move|p1b: Venusaur|Sleep Powder|p2b: Normal neck|[miss]\n|-miss|p1b: Venusaur|p2b: Normal neck\n|move|p2a: Azzoe|Expanding Force|p1b: Venusaur\n|-supereffective|p1b: Venusaur\n|-damage|p1b: Venusaur|0 fnt\n|faint|p1b: Venusaur\n|move|p1a: Torkoal|Heat Wave|p2b: Normal neck|[spread] p2a,p2b\n|-damage|p2a: Azzoe|33\/100\n|-damage|p2b: Normal neck|50\/100\n|move|p2b: Normal neck|Trick Room|p2b: Normal neck\n|-fieldstart|move: Trick Room|[of] p2b: Normal neck\n|\n|-weather|SunnyDay|[upkeep]\n|upkeep\n|\n|t:|1700453615\n|switch|p1b: Diancie|Diancie|100\/100\n|turn|3\n|\n|t:|1700453622\n|move|p1a: Torkoal|Eruption|p2b: Normal neck|[spread] p2a,p2b\n|-damage|p2a: Azzoe|0 fnt\n|-damage|p2b: Normal neck|0 fnt\n|faint|p2a: Azzoe\n|faint|p2b: Normal neck\n|move|p1b: Diancie|Diamond Storm|p2: Azzoe|[notarget]\n|-fail|p1b: Diancie\n|\n|-weather|SunnyDay|[upkeep]\n|upkeep\n|\n|t:|1700453627\n|switch|p2a: Camerupt|Camerupt, M|100\/100\n|switch|p2b: Iron Hands|Iron Hands|100\/100\n|-enditem|p2b: Iron Hands|Booster Energy\n|-activate|p2b: Iron Hands|ability: Quark Drive|[fromitem]\n|-start|p2b: Iron Hands|quarkdriveatk\n|turn|4\n|c| TestudoJK|mmmmmmmmmmmmmmmmmmmmmmmmmmmm\n|c| TestudoJK|m\n|c| TestudoJK|m\n|c| TestudoJK|m\n|c| TestudoJK|m\n|c| TestudoJK|m\n|c| TestudoJK|m\n|c| TestudoJK|m\n|\n|t:|1700453640\n|detailschange|p2a: Camerupt|Camerupt-Mega, M\n|-mega|p2a: Camerupt|Camerupt|Cameruptite\n|move|p1a: Torkoal|Protect|p1a: Torkoal\n|-singleturn|p1a: Torkoal|Protect\n|move|p1b: Diancie|Protect|p1b: Diancie\n|-singleturn|p1b: Diancie|Protect\n|move|p2b: Iron Hands|Fake Out|p1a: Torkoal\n|-activate|p1a: Torkoal|move: Protect\n|move|p2a: Camerupt|Earth Power|p1a: Torkoal\n|-activate|p1a: Torkoal|move: Protect\n|\n|-weather|SunnyDay|[upkeep]\n|upkeep\n|turn|5\n|\n|t:|1700453657\n|move|p2a: Camerupt|Protect|p2a: Camerupt\n|-singleturn|p2a: Camerupt|Protect\n|move|p1a: Torkoal|Eruption|p2b: Iron Hands|[spread] p2b\n|-activate|p2a: Camerupt|move: Protect\n|-damage|p2b: Iron Hands|36\/100\n|move|p2b: Iron Hands|Close Combat|p1b: Diancie\n|-damage|p1b: Diancie|16\/100\n|-unboost|p2b: Iron Hands|def|1\n|-unboost|p2b: Iron Hands|spd|1\n|move|p1b: Diancie|Play Rough|p2b: Iron Hands\n|-supereffective|p2b: Iron Hands\n|-damage|p2b: Iron Hands|0 fnt\n|faint|p2b: Iron Hands\n|-end|p2b: Iron Hands|Quark Drive|[silent]\n|\n|-weather|SunnyDay|[upkeep]\n|upkeep\n|\n|t:|1700453663\n|switch|p2b: Enamorus|Enamorus-Therian, F|100\/100\n|turn|6\n|\n|t:|1700453676\n|-terastallize|p1a: Torkoal|Fire\n|move|p1b: Diancie|Protect|p1b: Diancie\n|-singleturn|p1b: Diancie|Protect\n|move|p1a: Torkoal|Eruption|p2a: Camerupt|[spread] p2a,p2b\n|-resisted|p2a: Camerupt\n|-damage|p2a: Camerupt|57\/100\n|-damage|p2b: Enamorus|9\/100\n|move|p2a: Camerupt|Earth Power|p1a: Torkoal\n|-supereffective|p1a: Torkoal\n|-damage|p1a: Torkoal|0 fnt\n|faint|p1a: Torkoal\n|move|p2b: Enamorus|Moonblast|p1b: Diancie\n|-activate|p1b: Diancie|move: Protect\n|\n|-weather|none\n|-fieldend|move: Trick Room\n|upkeep\n|\n|t:|1700453688\n|switch|p1a: Tornadus|Tornadus, M, shiny|100\/100\n|turn|7\n|\n|t:|1700453697\n|detailschange|p1b: Diancie|Diancie-Mega\n|-mega|p1b: Diancie|Diancie|Diancite\n|move|p1a: Tornadus|Tailwind|p1a: Tornadus\n|-sidestart|p1: Ryan1Baek|move: Tailwind\n|move|p1b: Diancie|Diamond Storm|p2a: Camerupt|[spread] p2a,p2b\n|-supereffective|p2b: Enamorus\n|-damage|p2a: Camerupt|11\/100\n|-damage|p2b: Enamorus|0 fnt\n|faint|p2b: Enamorus\n|move|p2a: Camerupt|Heat Wave|p1a: Tornadus|[spread] p1a,p1b\n|-resisted|p1b: Diancie\n|-damage|p1a: Tornadus|8\/100\n|-damage|p1b: Diancie|0 fnt\n|faint|p1b: Diancie\n|\n|upkeep\n|\n|t:|1700453708\n|switch|p1b: Walking Wake|Walking Wake|100\/100\n|switch|p2b: B E A R|Ursaluna, M|100\/100\n|turn|8\n|j| wammer18\n|\n|t:|1700453731\n|move|p2b: B E A R|Protect|p2b: B E A R\n|-singleturn|p2b: B E A R|Protect\n|move|p1b: Walking Wake|Hydro Steam|p2b: B E A R\n|-activate|p2b: B E A R|move: Protect\n|move|p1a: Tornadus|Bleakwind Storm|p2a: Camerupt|[spread] p2a\n|-activate|p2b: B E A R|move: Protect\n|-damage|p2a: Camerupt|0 fnt\n|faint|p2a: Camerupt\n|\n|-status|p2b: B E A R|brn|[from] item: Flame Orb\n|upkeep\n|turn|9\n|\n|t:|1700453742\n|-terastallize|p2b: B E A R|Normal\n|move|p1b: Walking Wake|Hydro Steam|p2b: B E A R\n|-damage|p2b: B E A R|58\/100 brn\n|move|p1a: Tornadus|Bleakwind Storm|p2b: B E A R\n|-damage|p2b: B E A R|15\/100 brn\n|-unboost|p2b: B E A R|spe|1\n|move|p2b: B E A R|Earthquake|p1b: Walking Wake|[spread] p1b\n|-immune|p1a: Tornadus\n|-damage|p1b: Walking Wake|29\/100\n|\n|-damage|p2b: B E A R|9\/100 brn|[from] brn\n|upkeep\n|turn|10\n|\n|t:|1700453753\n|move|p1b: Walking Wake|Hydro Steam|p2b: B E A R\n|-damage|p2b: B E A R|0 fnt\n|faint|p2b: B E A R\n|\n|win|Ryan1Baek\n|c|\u2606Ryan1Baek|gg\n","uploadtime":1700453759,"views":3,"p1id":"ryan1baek","p2id":"shinyhero64","formatid":"gen9nationaldexdoubles","rating":0,"private":0,"password":""}