{"id":"gen9nationaldexdoubles-1967459307","p1":"kelmo","p2":"sootywhisper73","format":"[Gen 9] National Dex Doubles","log":"|j|\u2606kelmo\n|j|\u2606sootywhisper73\n|t:|1697303863\n|gametype|doubles\n|player|p1|kelmo|boarder|\n|player|p2|sootywhisper73|dawn-gen4pt|\n|teamsize|p1|6\n|teamsize|p2|6\n|gen|9\n|tier|[Gen 9] National Dex Doubles\n|rule|HP Percentage Mod: HP is shown in percentages\n|rule|Endless Battle Clause: Forcing endless battles is banned\n|rule|OHKO Clause: OHKO moves are banned\n|rule|Evasion Moves Clause: Evasion moves are banned\n|rule|Evasion Abilities Clause: Evasion abilities are banned\n|rule|Species Clause: Limit one of each Pok\u00e9mon\n|rule|Gravity Sleep Clause: The combination of sleep-inducing moves with imperfect accuracy and Gravity or Gigantamax Orbeetle are banned\n|clearpoke\n|poke|p1|Smeargle, M|\n|poke|p1|Cradily, M|\n|poke|p1|Cyndaquil, F|\n|poke|p1|Nidoking, M|\n|poke|p1|Clodsire, F|\n|poke|p1|Corviknight, M|\n|poke|p2|Tapu Koko|\n|poke|p2|Venusaur, M|\n|poke|p2|Victini|\n|poke|p2|Espeon, M|\n|poke|p2|Lucario, M|\n|poke|p2|Garchomp, M|\n|teampreview\n|\n|t:|1697303875\n|start\n|switch|p1a: EEK!|Cradily, M, shiny|100\/100\n|switch|p1b: Sriracha Mayo|Smeargle, M|100\/100\n|switch|p2a: Victini|Victini|100\/100\n|switch|p2b: Espeon|Espeon, M|100\/100\n|turn|1\n|\n|t:|1697303887\n|switch|p2a: Lucario|Lucario, M|100\/100\n|move|p2b: Espeon|Light Screen|p2b: Espeon\n|-sidestart|p2: sootywhisper73|move: Light Screen\n|move|p1a: EEK!|Rock Slide|p2a: Lucario|[spread] p2b\n|-miss|p1a: EEK!|p2a: Lucario\n|-damage|p2b: Espeon|76\/100\n|move|p1b: Sriracha Mayo|Whirlwind|p2b: Espeon\n|move|p2b: Espeon|Whirlwind|p1b: Sriracha Mayo|[from]ability: Magic Bounce\n|drag|p1b: Bossman|Corviknight, M|100\/100\n|\n|-heal|p2b: Espeon|82\/100|[from] item: Leftovers\n|upkeep\n|turn|2\n|\n|t:|1697303918\n|move|p2b: Espeon|Thunder Wave|p1b: Bossman\n|-status|p1b: Bossman|par\n|move|p2a: Lucario|Close Combat|p1a: EEK!\n|-supereffective|p1a: EEK!\n|-damage|p1a: EEK!|0 fnt\n|-unboost|p2a: Lucario|def|1\n|-unboost|p2a: Lucario|spd|1\n|faint|p1a: EEK!\n|move|p1b: Bossman|Defog|p2a: Lucario\n|-unboost|p2a: Lucario|evasion|1\n|-sideend|p2: sootywhisper73|move: Light Screen\n|\n|-heal|p2b: Espeon|88\/100|[from] item: Leftovers\n|upkeep\n|\n|t:|1697303931\n|switch|p1a: Grown Ass Man|Cyndaquil, F|100\/100\n|turn|3\n|\n|t:|1697303965\n|move|p1a: Grown Ass Man|Eruption|p2b: Espeon|[spread] p2a,p2b\n|-supereffective|p2a: Lucario\n|-damage|p2a: Lucario|0 fnt\n|-damage|p2b: Espeon|49\/100\n|faint|p2a: Lucario\n|move|p2b: Espeon|Hyper Voice|p1a: Grown Ass Man|[spread] p1a,p1b\n|-resisted|p1b: Bossman\n|-crit|p1b: Bossman\n|-damage|p1a: Grown Ass Man|54\/100\n|-damage|p1b: Bossman|87\/100 par\n|move|p1b: Bossman|Body Press|p2b: Espeon\n|-resisted|p2b: Espeon\n|-damage|p2b: Espeon|30\/100\n|\n|-heal|p2b: Espeon|36\/100|[from] item: Leftovers\n|upkeep\n|\n|t:|1697303976\n|switch|p2a: Garchomp|Garchomp, M|100\/100\n|turn|4\n|\n|t:|1697303990\n|move|p1a: Grown Ass Man|Eruption|p2a: Garchomp|[spread] p2a,p2b\n|-resisted|p2a: Garchomp\n|-damage|p2a: Garchomp|90\/100\n|-damage|p2b: Espeon|16\/100\n|move|p2b: Espeon|Light Screen|p2b: Espeon\n|-sidestart|p2: sootywhisper73|move: Light Screen\n|move|p2a: Garchomp|Surf|p1a: Grown Ass Man|[spread] p2b,p1a,p1b\n|-supereffective|p1a: Grown Ass Man\n|-crit|p1b: Bossman\n|-damage|p2b: Espeon|4\/100\n|-damage|p1a: Grown Ass Man|0 fnt\n|-damage|p1b: Bossman|60\/100 par\n|faint|p1a: Grown Ass Man\n|-damage|p2a: Garchomp|81\/100|[from] item: Life Orb\n|move|p1b: Bossman|U-turn|p2a: Garchomp\n|-damage|p2a: Garchomp|66\/100\n|-damage|p1b: Bossman|48\/100 par|[from] ability: Rough Skin|[of] p2a: Garchomp\n|\n|t:|1697304006\n|switch|p1b: Kaiba|Nidoking, M, shiny|100\/100|[from] U-turn\n|\n|-heal|p2b: Espeon|10\/100|[from] item: Leftovers\n|upkeep\n|\n|t:|1697304015\n|switch|p1a: Sriracha Mayo|Smeargle, M|100\/100\n|turn|5\n|\n|t:|1697304047\n|move|p2b: Espeon|Reflect|p2b: Espeon\n|-sidestart|p2: sootywhisper73|Reflect\n|move|p2a: Garchomp|Surf|p1b: Kaiba|[spread] p2b,p1a,p1b\n|-supereffective|p1b: Kaiba\n|-damage|p2b: Espeon|0 fnt\n|-damage|p1a: Sriracha Mayo|68\/100\n|-damage|p1b: Kaiba|54\/100\n|faint|p2b: Espeon\n|-damage|p2a: Garchomp|56\/100|[from] item: Life Orb\n|move|p1b: Kaiba|Ice Beam|p2a: Garchomp\n|-supereffective|p2a: Garchomp\n|-damage|p2a: Garchomp|0 fnt\n|faint|p2a: Garchomp\n|-damage|p1b: Kaiba|44\/100|[from] item: Life Orb\n|move|p1a: Sriracha Mayo|Substitute|p1a: Sriracha Mayo\n|-start|p1a: Sriracha Mayo|Substitute\n|-damage|p1a: Sriracha Mayo|43\/100\n|\n|upkeep\n|\n|t:|1697304061\n|switch|p2b: Venusaur|Venusaur, M, shiny|100\/100\n|switch|p2a: Victini|Victini|100\/100\n|turn|6\n|\n|t:|1697304076\n|move|p1b: Kaiba|Flamethrower|p2b: Venusaur\n|-supereffective|p2b: Venusaur\n|-damage|p2b: Venusaur|62\/100\n|-damage|p1b: Kaiba|34\/100|[from] item: Life Orb\n|move|p1a: Sriracha Mayo|Toxic Thread|p2a: Victini\n|-unboost|p2a: Victini|spe|1\n|-status|p2a: Victini|psn\n|move|p2b: Venusaur|Earth Power|p1b: Kaiba\n|-supereffective|p1b: Kaiba\n|-damage|p1b: Kaiba|0 fnt\n|faint|p1b: Kaiba\n|-zpower|p2a: Victini\n|move|p2a: Victini|Z-Celebrate|p2a: Victini|[anim]Celebrate\n|-boost|p2a: Victini|atk|1|[zeffect]\n|-boost|p2a: Victini|def|1|[zeffect]\n|-boost|p2a: Victini|spa|1|[zeffect]\n|-boost|p2a: Victini|spd|1|[zeffect]\n|-boost|p2a: Victini|spe|1|[zeffect]\n|-activate|p2a: Victini|move: Celebrate\n|\n|-damage|p2a: Victini|88\/100 psn|[from] psn\n|upkeep\n|\n|t:|1697304101\n|switch|p1b: Bossman|Corviknight, M|48\/100 par\n|turn|7\n|\n|t:|1697304110\n|move|p1a: Sriracha Mayo|Sticky Web|p2a: Victini\n|-sidestart|p2: sootywhisper73|move: Sticky Web\n|move|p2a: Victini|Flamethrower|p1b: Bossman\n|-supereffective|p1b: Bossman\n|-damage|p1b: Bossman|0 fnt\n|faint|p1b: Bossman\n|move|p2b: Venusaur|Energy Ball|p1a: Sriracha Mayo\n|-end|p1a: Sriracha Mayo|Substitute\n|\n|-damage|p2a: Victini|76\/100 psn|[from] psn\n|upkeep\n|\n|t:|1697304119\n|switch|p1b: Doggy|Clodsire, F|100\/100\n|turn|8\n|\n|t:|1697304136\n|detailschange|p2b: Venusaur|Venusaur-Mega, M, shiny\n|-mega|p2b: Venusaur|Venusaur|Venusaurite\n|move|p2b: Venusaur|Protect|p2b: Venusaur\n|-singleturn|p2b: Venusaur|Protect\n|move|p1a: Sriracha Mayo|Substitute|p1a: Sriracha Mayo\n|-start|p1a: Sriracha Mayo|Substitute\n|-damage|p1a: Sriracha Mayo|19\/100\n|move|p2a: Victini|Baton Pass|p2a: Victini\n|\n|t:|1697304144\n|switch|p2a: Cynda|Tapu Koko, shiny|100\/100|[from] Baton Pass\n|-activate|p2a: Cynda|move: Sticky Web\n|-unboost|p2a: Cynda|spe|1\n|-fieldstart|move: Electric Terrain|[from] ability: Electric Surge|[of] p2a: Cynda\n|move|p1b: Doggy|Earthquake|p2a: Cynda|[spread] p1a,p2a\n|-activate|p2b: Venusaur|move: Protect\n|-end|p1a: Sriracha Mayo|Substitute\n|-supereffective|p2a: Cynda\n|-damage|p2a: Cynda|76\/100\n|\n|-sideend|p2: sootywhisper73|move: Light Screen\n|upkeep\n|turn|9\n|\n|t:|1697304170\n|move|p2a: Cynda|Dazzling Gleam|p1a: Sriracha Mayo|[spread] p1a,p1b\n|-resisted|p1b: Doggy\n|-damage|p1a: Sriracha Mayo|0 fnt\n|-damage|p1b: Doggy|82\/100\n|faint|p1a: Sriracha Mayo\n|move|p2b: Venusaur|Earth Power|p1b: Doggy\n|-supereffective|p1b: Doggy\n|-crit|p1b: Doggy\n|-damage|p1b: Doggy|29\/100\n|move|p1b: Doggy|Earthquake|p2a: Cynda|[spread] p2a,p2b\n|-supereffective|p2a: Cynda\n|-damage|p2a: Cynda|49\/100\n|-damage|p2b: Venusaur|54\/100\n|\n|-heal|p1b: Doggy|35\/100|[from] item: Leftovers\n|-sideend|p2: sootywhisper73|Reflect\n|upkeep\n|turn|10\n|\n|t:|1697304182\n|move|p2a: Cynda|Dazzling Gleam|p1b: Doggy\n|-resisted|p1b: Doggy\n|-damage|p1b: Doggy|11\/100\n|move|p2b: Venusaur|Earth Power|p1b: Doggy\n|-supereffective|p1b: Doggy\n|-damage|p1b: Doggy|0 fnt\n|faint|p1b: Doggy\n|\n|win|sootywhisper73\n","uploadtime":1697304206,"views":10,"p1id":"kelmo","p2id":"sootywhisper73","formatid":"gen9nationaldexdoubles","rating":0,"private":0,"password":""}