{"id":"gen9nationaldexdoubles-1955503196","p1":"happysdh1","p2":"fumbari 24","format":"[Gen 9] National Dex Doubles","log":"|j|\u2606happysdh1\n|j|\u2606fumbari 24\n|t:|1696003310\n|gametype|doubles\n|player|p1|happysdh1|veteran|1307\n|player|p2|fumbari 24|266|1347\n|teamsize|p1|6\n|teamsize|p2|6\n|gen|9\n|tier|[Gen 9] National Dex Doubles\n|rated|\n|rule|HP Percentage Mod: HP is shown in percentages\n|rule|Endless Battle Clause: Forcing endless battles is banned\n|rule|OHKO Clause: OHKO moves are banned\n|rule|Evasion Moves Clause: Evasion moves are banned\n|rule|Evasion Abilities Clause: Evasion abilities are banned\n|rule|Species Clause: Limit one of each Pok\u00e9mon\n|rule|Gravity Sleep Clause: The combination of sleep-inducing moves with imperfect accuracy and Gravity or Gigantamax Orbeetle are banned\n|clearpoke\n|poke|p1|Cradily, F|\n|poke|p1|Pelipper, F|\n|poke|p1|Toxicroak, F|\n|poke|p1|Tentacruel, M|\n|poke|p1|Politoed, F|\n|poke|p1|Basculegion, M|\n|poke|p2|Haxorus, F|\n|poke|p2|Krookodile, M|\n|poke|p2|Druddigon, F|\n|poke|p2|Salamence, M|\n|poke|p2|Aggron, F|\n|poke|p2|Cofagrigus, M|\n|teampreview\n|inactive|Battle timer is ON: inactive players will automatically lose when time's up. (requested by happysdh1)\n|\n|t:|1696003318\n|start\n|switch|p1a: Cradily|Cradily, F|100\/100\n|switch|p1b: Nimbus|Pelipper, F|100\/100\n|switch|p2a: Atraco|Krookodile, M|100\/100\n|switch|p2b: Haxorus|Haxorus, F|100\/100\n|-ability|p2b: Haxorus|Mold Breaker\n|-ability|p2a: Atraco|Intimidate|boost\n|-unboost|p1a: Cradily|atk|1\n|-unboost|p1b: Nimbus|atk|1\n|-weather|RainDance|[from] ability: Drizzle|[of] p1b: Nimbus\n|turn|1\n|\n|t:|1696003335\n|-terastallize|p2a: Atraco|Fairy\n|move|p2a: Atraco|Snatch|p2a: Atraco\n|-singleturn|p2a: Atraco|Snatch\n|move|p2b: Haxorus|Iron Head|p1a: Cradily\n|-supereffective|p1a: Cradily\n|-damage|p1a: Cradily|40\/100\n|move|p1b: Nimbus|Surf|p2b: Haxorus|[spread] p2a,p2b\n|-ability|p1a: Cradily|Storm Drain|boost\n|-boost|p1a: Cradily|spa|1\n|-resisted|p2b: Haxorus\n|-damage|p2a: Atraco|62\/100\n|-damage|p2b: Haxorus|72\/100\n|cant|p1a: Cradily|flinch\n|\n|-weather|RainDance|[upkeep]\n|-heal|p1a: Cradily|46\/100|[from] item: Leftovers\n|upkeep\n|turn|2\n|\n|t:|1696003354\n|move|p2b: Haxorus|Iron Head|p1a: Cradily\n|-supereffective|p1a: Cradily\n|-damage|p1a: Cradily|0 fnt\n|faint|p1a: Cradily\n|move|p2a: Atraco|Snarl|p1b: Nimbus\n|-damage|p1b: Nimbus|83\/100\n|-unboost|p1b: Nimbus|spa|1\n|move|p1b: Nimbus|Surf|p2b: Haxorus|[spread] p2a,p2b\n|-resisted|p2b: Haxorus\n|-damage|p2a: Atraco|33\/100\n|-damage|p2b: Haxorus|51\/100\n|\n|-weather|RainDance|[upkeep]\n|upkeep\n|\n|t:|1696003367\n|switch|p1a: Cyclone|Tentacruel, M|100\/100\n|turn|3\n|\n|t:|1696003376\n|switch|p2a: Cofagrigus|Cofagrigus, M|100\/100\n|switch|p1b: Toxicroak|Toxicroak, F|100\/100\n|move|p1a: Cyclone|Sludge Bomb|p2a: Cofagrigus\n|-resisted|p2a: Cofagrigus\n|-damage|p2a: Cofagrigus|86\/100\n|move|p2b: Haxorus|Breaking Swipe|p1a: Cyclone|[spread] p1a,p1b\n|-damage|p1a: Cyclone|59\/100\n|-damage|p1b: Toxicroak|61\/100\n|-unboost|p1a: Cyclone|atk|1\n|-unboost|p1b: Toxicroak|atk|1\n|\n|-weather|RainDance|[upkeep]\n|-heal|p1b: Toxicroak|73\/100|[from] ability: Dry Skin\n|-heal|p1a: Cyclone|65\/100|[from] ability: Rain Dish\n|-heal|p1a: Cyclone|71\/100|[from] item: Leftovers\n|upkeep\n|turn|4\n|\n|t:|1696003399\n|move|p1b: Toxicroak|Knock Off|p2a: Cofagrigus\n|-supereffective|p2a: Cofagrigus\n|-damage|p2a: Cofagrigus|55\/100\n|-activate|p2a: Cofagrigus|ability: Mummy|Dry Skin|[of] p1b: Toxicroak\n|-enditem|p2a: Cofagrigus|Mental Herb|[from] move: Knock Off|[of] p1b: Toxicroak\n|move|p1a: Cyclone|Surf|p2a: Cofagrigus|[spread] p1b,p2a,p2b\n|-crit|p1b: Toxicroak\n|-resisted|p2b: Haxorus\n|-damage|p1b: Toxicroak|0 fnt\n|-damage|p2a: Cofagrigus|21\/100\n|-damage|p2b: Haxorus|25\/100\n|faint|p1b: Toxicroak\n|move|p2b: Haxorus|Breaking Swipe|p1a: Cyclone\n|-damage|p1a: Cyclone|7\/100\n|-unboost|p1a: Cyclone|atk|1\n|move|p2a: Cofagrigus|Trick Room|p2a: Cofagrigus\n|-fieldstart|move: Trick Room|[of] p2a: Cofagrigus\n|\n|-weather|RainDance|[upkeep]\n|-heal|p1a: Cyclone|13\/100|[from] ability: Rain Dish\n|-heal|p1a: Cyclone|19\/100|[from] item: Leftovers\n|upkeep\n|inactive|happysdh1 has 120 seconds left.\n|\n|t:|1696003421\n|switch|p1b: Nimbus|Pelipper, F|83\/100\n|turn|5\n|\n|t:|1696003431\n|move|p2a: Cofagrigus|Pain Split|p1b: Nimbus\n|-sethp|p1b: Nimbus|51\/100|[from] move: Pain Split|[silent]\n|-sethp|p2a: Cofagrigus|55\/100|[from] move: Pain Split\n|move|p1b: Nimbus|Surf|p2b: Haxorus|[spread] p1a,p2a,p2b\n|-resisted|p1a: Cyclone\n|-resisted|p2b: Haxorus\n|-damage|p1a: Cyclone|0 fnt\n|-damage|p2a: Cofagrigus|18\/100\n|-damage|p2b: Haxorus|0 fnt\n|faint|p1a: Cyclone\n|faint|p2b: Haxorus\n|\n|-weather|RainDance|[upkeep]\n|upkeep\n|\n|t:|1696003443\n|switch|p2b: Druddigon|Druddigon, F|100\/100\n|switch|p1a: Tsunami|Basculegion, M|100\/100\n|turn|6\n|\n|t:|1696003458\n|switch|p1a: Mallow|Politoed, F|100\/100\n|move|p2a: Cofagrigus|Will-O-Wisp|p1a: Mallow\n|-status|p1a: Mallow|brn\n|move|p2b: Druddigon|Rock Slide|p1b: Nimbus|[spread] p1a,p1b\n|-supereffective|p1b: Nimbus\n|-damage|p1a: Mallow|81\/100 brn\n|-damage|p1b: Nimbus|16\/100\n|move|p1b: Nimbus|Hurricane|p2b: Druddigon\n|-damage|p2b: Druddigon|50\/100\n|\n|-weather|RainDance|[upkeep]\n|-damage|p1a: Mallow|75\/100 brn|[from] brn\n|upkeep\n|turn|7\n|\n|t:|1696003478\n|move|p2a: Cofagrigus|Pain Split|p1a: Mallow\n|-sethp|p1a: Mallow|45\/100 brn|[from] move: Pain Split|[silent]\n|-sethp|p2a: Cofagrigus|57\/100|[from] move: Pain Split\n|move|p2b: Druddigon|Rock Slide|p1b: Nimbus|[spread] p1a,p1b\n|-supereffective|p1b: Nimbus\n|-damage|p1a: Mallow|27\/100 brn\n|-damage|p1b: Nimbus|0 fnt\n|faint|p1b: Nimbus\n|move|p1a: Mallow|Ice Beam|p2b: Druddigon\n|-supereffective|p2b: Druddigon\n|-damage|p2b: Druddigon|0 fnt\n|faint|p2b: Druddigon\n|\n|-weather|RainDance|[upkeep]\n|-damage|p1a: Mallow|21\/100 brn|[from] brn\n|upkeep\n|\n|t:|1696003494\n|switch|p2b: Atraco|Krookodile, M, tera:Fairy|33\/100\n|switch|p1b: Tsunami|Basculegion, M|100\/100\n|-ability|p2b: Atraco|Intimidate|boost\n|-unboost|p1a: Mallow|atk|1\n|-unboost|p1b: Tsunami|atk|1\n|turn|8\n|\n|t:|1696003515\n|switch|p2b: Blue Flame|Salamence, M|100\/100\n|-ability|p2b: Blue Flame|Intimidate|boost\n|-unboost|p1a: Mallow|atk|1\n|-unboost|p1b: Tsunami|atk|1\n|-terastallize|p1b: Tsunami|Ghost\n|move|p2a: Cofagrigus|Will-O-Wisp|p1b: Tsunami\n|-status|p1b: Tsunami|brn\n|move|p1a: Mallow|Ice Beam|p2b: Blue Flame\n|-supereffective|p2b: Blue Flame\n|-damage|p2b: Blue Flame|0 fnt\n|faint|p2b: Blue Flame\n|move|p1b: Tsunami|Last Respects|p2a: Cofagrigus\n|-supereffective|p2a: Cofagrigus\n|-damage|p2a: Cofagrigus|0 fnt\n|faint|p2a: Cofagrigus\n|\n|-weather|none\n|-damage|p1a: Mallow|15\/100 brn|[from] brn\n|-damage|p1b: Tsunami|94\/100 brn|[from] brn\n|-fieldend|move: Trick Room\n|upkeep\n|\n|t:|1696003531\n|switch|p2b: Aggron|Aggron, F|100\/100\n|switch|p2a: Atraco|Krookodile, M, tera:Fairy|33\/100\n|-ability|p2a: Atraco|Intimidate|boost\n|-unboost|p1a: Mallow|atk|1\n|-unboost|p1b: Tsunami|atk|1\n|turn|9\n|\n|t:|1696003545\n|move|p1b: Tsunami|Last Respects|p2b: Aggron\n|-damage|p2b: Aggron|75\/100\n|move|p2a: Atraco|Snarl|p1a: Mallow|[spread] p1a,p1b\n|-supereffective|p1b: Tsunami\n|-damage|p1a: Mallow|7\/100 brn\n|-damage|p1b: Tsunami|76\/100 brn\n|-unboost|p1a: Mallow|spa|1\n|-unboost|p1b: Tsunami|spa|1\n|move|p1a: Mallow|Ice Beam|p2a: Atraco\n|-damage|p2a: Atraco|12\/100\n|-enditem|p2a: Atraco|Figy Berry|[eat]\n|-heal|p2a: Atraco|45\/100|[from] item: Figy Berry\n|-zpower|p2b: Aggron\n|move|p2b: Aggron|Continental Crush|p1b: Tsunami|[zeffect]\n|-damage|p1b: Tsunami|0 fnt\n|faint|p1b: Tsunami\n|\n|-damage|p1a: Mallow|0 fnt|[from] brn\n|faint|p1a: Mallow\n|\n|win|fumbari 24\n|upkeep\n|raw|happysdh1's rating: 1307 &rarr; <strong>1289<\/strong><br \/>(-18 for losing)\n|raw|fumbari 24's rating: 1347 &rarr; <strong>1365<\/strong><br \/>(+18 for winning)\n|c|\u2606happysdh1|Gg\n|l|\u2606happysdh1\n|j| El Ryuk456\n","uploadtime":1696003611,"views":10,"p1id":"happysdh1","p2id":"fumbari24","formatid":"gen9nationaldexdoubles","rating":1289,"private":0,"password":""}