{"id":"gen9nationaldexdoubles-1956255551","p1":"PJewe","p2":"Noawa","format":"[Gen 9] National Dex Doubles","log":"|j|\u2606PJewe\n|j|\u2606Noawa\n|t:|1696090234\n|gametype|doubles\n|player|p1|PJewe|wallace|\n|player|p2|Noawa|psychicf|\n|teamsize|p1|6\n|teamsize|p2|6\n|gen|9\n|tier|[Gen 9] National Dex Doubles\n|rule|HP Percentage Mod: HP is shown in percentages\n|rule|Endless Battle Clause: Forcing endless battles is banned\n|rule|OHKO Clause: OHKO moves are banned\n|rule|Evasion Moves Clause: Evasion moves are banned\n|rule|Evasion Abilities Clause: Evasion abilities are banned\n|rule|Species Clause: Limit one of each Pok\u00e9mon\n|rule|Gravity Sleep Clause: The combination of sleep-inducing moves with imperfect accuracy and Gravity or Gigantamax Orbeetle are banned\n|clearpoke\n|poke|p1|Ambipom, F|\n|poke|p1|Pelipper, F|\n|poke|p1|Gastrodon, F|\n|poke|p1|Overqwil, M|\n|poke|p1|Amoonguss, M|\n|poke|p1|Gholdengo|\n|poke|p2|Hippowdon, M|\n|poke|p2|Garganacl, M|\n|poke|p2|Sylveon, F|\n|poke|p2|Indeedee-F, F|\n|poke|p2|Dipplin, F|\n|poke|p2|Milotic, F|\n|teampreview\n|j| german_mg53\n|j| harvestmarc\n|l| german_mg53\n|j| german_mg53\n|j| VenusTatas\n|\n|t:|1696090300\n|start\n|switch|p1a: dula pelippa|Pelipper, F|100\/100\n|switch|p1b: pringosa|Gastrodon, F|100\/100\n|switch|p2a: snek :3|Milotic, F|100\/100\n|switch|p2b: jefa|Indeedee-F, F, shiny|100\/100\n|-fieldstart|move: Psychic Terrain|[from] ability: Psychic Surge|[of] p2b: jefa\n|-enditem|p2a: snek :3|Psychic Seed\n|-boost|p2a: snek :3|spd|1|[from] item: Psychic Seed\n|-weather|RainDance|[from] ability: Drizzle|[of] p1a: dula pelippa\n|turn|1\n|c| german_mg53|jefa dale duro\n|c| german_mg53|!!!\n|c| harvestmarc|dale reina dale mu\u00f1ekita\n|c| german_mg53|confio en ti jefa\n|\n|t:|1696090365\n|switch|p2b: maz\u00e1|Dipplin, F, shiny|100\/100\n|-ability|p2b: maz\u00e1|Supersweet Syrup\n|-ability|p2b: maz\u00e1|Supersweet Syrup|boost\n|-unboost|p1a: dula pelippa|evasion|1\n|-unboost|p1b: pringosa|evasion|1\n|move|p2a: snek :3|Hypnosis|p1b: pringosa\n|-status|p1b: pringosa|slp|[from] move: Hypnosis\n|move|p1a: dula pelippa|Surf|p2b: maz\u00e1|[spread] p2a,p2b\n|-ability|p1b: pringosa|Storm Drain|boost\n|-boost|p1b: pringosa|spa|1\n|-resisted|p2a: snek :3\n|-resisted|p2b: maz\u00e1\n|-damage|p2a: snek :3|93\/100\n|-damage|p2b: maz\u00e1|96\/100\n|cant|p1b: pringosa|slp\n|\n|-weather|RainDance|[upkeep]\n|upkeep\n|turn|2\n|\n|t:|1696090403\n|switch|p1b: sus|Amoonguss, M|100\/100\n|move|p2a: snek :3|Hypnosis|p1a: dula pelippa\n|-status|p1a: dula pelippa|slp|[from] move: Hypnosis\n|cant|p1a: dula pelippa|slp\n|move|p2b: maz\u00e1|Syrup Bomb|p1b: sus\n|-resisted|p1b: sus\n|-damage|p1b: sus|96\/100\n|-start|p1b: sus|Syrup Bomb\n|\n|-weather|RainDance|[upkeep]\n|-unboost|p1b: sus|spe|1\n|upkeep\n|turn|3\n|c| german_mg53|he visto a esa warra por las alcantarillas\n|\n|t:|1696090427\n|switch|p2a: dwayne|Garganacl, M, shiny|100\/100\n|cant|p1a: dula pelippa|slp\n|move|p2b: maz\u00e1|Draco Meteor|p1b: sus\n|-damage|p1b: sus|58\/100\n|-unboost|p2b: maz\u00e1|spa|2\n|move|p1b: sus|Spore|p2a: dwayne\n|-immune|p2a: dwayne|[from] ability: Purifying Salt\n|\n|-weather|RainDance|[upkeep]\n|-unboost|p1b: sus|spe|1\n|upkeep\n|turn|4\n|\n|t:|1696090464\n|switch|p2b: :O|Hippowdon, M|100\/100\n|-weather|Sandstorm|[from] ability: Sand Stream|[of] p2b: :O\n|-curestatus|p1a: dula pelippa|slp|[msg]\n|move|p1a: dula pelippa|Hurricane|p2b: :O\n|-damage|p2b: :O|70\/100\n|-start|p2b: :O|confusion\n|move|p2a: dwayne|Salt Cure|p1a: dula pelippa\n|-supereffective|p1a: dula pelippa\n|-damage|p1a: dula pelippa|73\/100\n|-start|p1a: dula pelippa|Salt Cure\n|move|p1b: sus|Grass Knot|p2a: dwayne\n|-supereffective|p2a: dwayne\n|-damage|p2a: dwayne|66\/100\n|\n|-weather|Sandstorm|[upkeep]\n|-damage|p1a: dula pelippa|66\/100|[from] Sandstorm\n|-damage|p1b: sus|52\/100|[from] Sandstorm\n|-heal|p2a: dwayne|73\/100|[from] item: Leftovers\n|-damage|p1a: dula pelippa|42\/100|[from] Salt Cure\n|-end|p1b: sus|Syrup Bomb\n|upkeep\n|turn|5\n|\n|t:|1696090494\n|switch|p1b: pringosa|Gastrodon, F|100\/100 slp\n|move|p2a: dwayne|Wide Guard|p2a: dwayne\n|-singleturn|p2a: dwayne|Wide Guard\n|move|p1a: dula pelippa|Surf|p2a: dwayne|[spread] \n|-activate|p2a: dwayne|move: Wide Guard\n|-activate|p2b: :O|move: Wide Guard\n|-ability|p1b: pringosa|Storm Drain|boost\n|-boost|p1b: pringosa|spa|1\n|-activate|p2b: :O|confusion\n|move|p2b: :O|Sand Tomb|p1b: pringosa\n|-damage|p1b: pringosa|85\/100 slp\n|-activate|p1b: pringosa|move: Sand Tomb|[of] p2b: :O\n|\n|-weather|Sandstorm|[upkeep]\n|-damage|p1a: dula pelippa|35\/100|[from] Sandstorm\n|-heal|p2a: dwayne|79\/100|[from] item: Leftovers\n|-damage|p1a: dula pelippa|11\/100|[from] Salt Cure\n|-damage|p1b: pringosa|68\/100 slp|[from] move: Sand Tomb|[partiallytrapped]\n|-fieldend|move: Psychic Terrain\n|upkeep\n|turn|6\n|c| german_mg53|oof\n|\n|t:|1696090517\n|move|p1a: dula pelippa|Surf|p2a: dwayne|[spread] p2a,p2b\n|-ability|p1b: pringosa|Storm Drain|boost\n|-boost|p1b: pringosa|spa|1\n|-supereffective|p2a: dwayne\n|-supereffective|p2b: :O\n|-damage|p2a: dwayne|61\/100\n|-damage|p2b: :O|33\/100\n|-activate|p2b: :O|confusion\n|move|p2b: :O|Double-Edge|p1b: pringosa\n|-damage|p1b: pringosa|37\/100 slp\n|-enditem|p1b: pringosa|Sitrus Berry|[eat]\n|-heal|p1b: pringosa|62\/100 slp|[from] item: Sitrus Berry\n|-damage|p2b: :O|22\/100|[from] Recoil\n|cant|p1b: pringosa|slp\n|move|p2a: dwayne|Salt Cure|p1b: pringosa\n|-resisted|p1b: pringosa\n|-damage|p1b: pringosa|55\/100 slp\n|-start|p1b: pringosa|Salt Cure\n|\n|-weather|Sandstorm|[upkeep]\n|-damage|p1a: dula pelippa|5\/100|[from] Sandstorm\n|-heal|p2a: dwayne|67\/100|[from] item: Leftovers\n|-damage|p1a: dula pelippa|0 fnt|[from] Salt Cure\n|faint|p1a: dula pelippa\n|-damage|p1b: pringosa|39\/100 slp|[from] move: Sand Tomb|[partiallytrapped]\n|-damage|p1b: pringosa|14\/100 slp|[from] Salt Cure\n|upkeep\n|\n|t:|1696090540\n|switch|p1a: pim pam|Ambipom, F|100\/100\n|turn|7\n|c| german_mg53|:0\n|\n|t:|1696090556\n|-activate|p2b: :O|confusion\n|move|p2b: :O|Protect|p2b: :O\n|-singleturn|p2b: :O|Protect\n|move|p1a: pim pam|Fake Out|p2b: :O\n|-activate|p2b: :O|move: Protect\n|-curestatus|p1b: pringosa|slp|[msg]\n|move|p1b: pringosa|Recover|p1b: pringosa\n|-heal|p1b: pringosa|64\/100\n|move|p2a: dwayne|Salt Cure|p1a: pim pam\n|-damage|p1a: pim pam|77\/100\n|-start|p1a: pim pam|Salt Cure\n|\n|-weather|Sandstorm|[upkeep]\n|-damage|p1a: pim pam|71\/100|[from] Sandstorm\n|-heal|p2a: dwayne|73\/100|[from] item: Leftovers\n|-damage|p1a: pim pam|59\/100|[from] Salt Cure\n|-damage|p1b: pringosa|39\/100|[from] Salt Cure\n|-damage|p1b: pringosa|22\/100|[from] move: Sand Tomb|[partiallytrapped]\n|upkeep\n|turn|8\n|\n|t:|1696090584\n|move|p1a: pim pam|Return|p2b: :O\n|-damage|p2b: :O|0 fnt\n|faint|p2b: :O\n|-damage|p1a: pim pam|49\/100|[from] item: Life Orb\n|move|p1b: pringosa|Earth Power|p2a: dwayne\n|-supereffective|p2a: dwayne\n|-damage|p2a: dwayne|21\/100\n|-unboost|p2a: dwayne|spd|1\n|move|p2a: dwayne|Body Press|p1a: pim pam\n|-supereffective|p1a: pim pam\n|-damage|p1a: pim pam|0 fnt\n|faint|p1a: pim pam\n|\n|-weather|none\n|-heal|p2a: dwayne|27\/100|[from] item: Leftovers\n|-end|p1b: pringosa|Sand Tomb|[partiallytrapped]|[silent]\n|-damage|p1b: pringosa|0 fnt|[from] Salt Cure\n|faint|p1b: pringosa\n|upkeep\n|\n|t:|1696090608\n|switch|p1a: k11l the rich|Gholdengo|100\/100\n|switch|p2b: her.|Sylveon, F|100\/100\n|switch|p1b: sus|Amoonguss, M|85\/100\n|turn|9\n|\n|t:|1696090622\n|-terastallize|p1b: sus|Grass\n|move|p2b: her.|Protect|p2b: her.\n|-singleturn|p2b: her.|Protect\n|move|p1a: k11l the rich|Make It Rain|p2a: dwayne|[spread] p2a\n|-activate|p2b: her.|move: Protect\n|-supereffective|p2a: dwayne\n|-crit|p2a: dwayne\n|-damage|p2a: dwayne|0 fnt\n|-unboost|p1a: k11l the rich|spa|1\n|faint|p2a: dwayne\n|move|p1b: sus|Grass Knot|p2b: her.\n|-activate|p2b: her.|move: Protect\n|\n|upkeep\n|\n|t:|1696090637\n|switch|p2a: jefa|Indeedee-F, F, shiny|100\/100\n|-fieldstart|move: Psychic Terrain|[from] ability: Psychic Surge|[of] p2a: jefa\n|turn|10\n|c| german_mg53|weirdddddd\n|\n|t:|1696090675\n|move|p2a: jefa|Helping Hand|p2b: her.\n|-singleturn|p2b: her.|Helping Hand|[of] p2a: jefa\n|move|p1a: k11l the rich|Make It Rain|p2b: her.|[spread] p2a,p2b\n|-supereffective|p2b: her.\n|-damage|p2a: jefa|74\/100\n|-damage|p2b: her.|54\/100\n|-unboost|p1a: k11l the rich|spa|1\n|move|p2b: her.|Shadow Ball|p1a: k11l the rich\n|-supereffective|p1a: k11l the rich\n|-damage|p1a: k11l the rich|14\/100\n|-unboost|p1a: k11l the rich|spd|1\n|move|p1b: sus|Grass Knot|p2a: jefa\n|-damage|p2a: jefa|54\/100\n|\n|-heal|p1a: k11l the rich|20\/100|[from] item: Leftovers\n|-heal|p2a: jefa|60\/100|[from] item: Leftovers\n|upkeep\n|turn|11\n|\n|t:|1696090723\n|move|p1a: k11l the rich|Make It Rain|p2b: her.|[spread] p2a,p2b\n|-supereffective|p2b: her.\n|-damage|p2a: jefa|41\/100\n|-damage|p2b: her.|24\/100\n|-unboost|p1a: k11l the rich|spa|1\n|move|p2a: jefa|Heal Pulse|p2b: her.\n|-heal|p2b: her.|74\/100\n|move|p2b: her.|Hyper Voice|p1a: k11l the rich|[spread] p1a,p1b\n|-resisted|p1a: k11l the rich\n|-damage|p1a: k11l the rich|0 fnt\n|-damage|p1b: sus|52\/100\n|faint|p1a: k11l the rich\n|-enditem|p2b: her.|Throat Spray\n|-boost|p2b: her.|spa|1|[from] item: Throat Spray\n|move|p1b: sus|Spore|p2a: jefa\n|-status|p2a: jefa|slp|[from] move: Spore\n|\n|-heal|p2a: jefa|47\/100 slp|[from] item: Leftovers\n|upkeep\n|\n|t:|1696090740\n|switch|p1a: man ipulate|Overqwil, M|100\/100\n|-ability|p1a: man ipulate|Intimidate|boost\n|-unboost|p2a: jefa|atk|1\n|-unboost|p2b: her.|atk|1\n|turn|12\n|\n|t:|1696090761\n|switch|p2a: maz\u00e1|Dipplin, F, shiny|96\/100\n|move|p1a: man ipulate|Toxic Spikes|p2b: her.\n|-sidestart|p2: Noawa|move: Toxic Spikes\n|move|p2b: her.|Hyper Voice|p1b: sus|[spread] p1a,p1b\n|-damage|p1a: man ipulate|10\/100\n|-damage|p1b: sus|4\/100\n|move|p1b: sus|Foul Play|p2a: maz\u00e1\n|-damage|p2a: maz\u00e1|88\/100\n|\n|-heal|p1a: man ipulate|16\/100|[from] item: Leftovers\n|upkeep\n|turn|13\n|\n|t:|1696090789\n|move|p1a: man ipulate|Barb Barrage|p2b: her.\n|-supereffective|p2b: her.\n|-crit|p2b: her.\n|-damage|p2b: her.|0 fnt\n|faint|p2b: her.\n|move|p2a: maz\u00e1|Syrup Bomb|p1a: man ipulate\n|-resisted|p1a: man ipulate\n|-damage|p1a: man ipulate|1\/100\n|-start|p1a: man ipulate|Syrup Bomb\n|move|p1b: sus|Spore|p2a: maz\u00e1\n|-immune|p2a: maz\u00e1\n|\n|-heal|p1a: man ipulate|8\/100|[from] item: Leftovers\n|-unboost|p1a: man ipulate|spe|1\n|upkeep\n|c| german_mg53|her kill man\n|\n|t:|1696090801\n|switch|p2b: snek :3|Milotic, F|93\/100\n|-status|p2b: snek :3|psn\n|turn|14\n|\n|t:|1696090821\n|move|p2b: snek :3|Scald|p1a: man ipulate\n|-damage|p1a: man ipulate|0 fnt\n|faint|p1a: man ipulate\n|move|p2a: maz\u00e1|Pollen Puff|p1b: sus\n|-supereffective|p1b: sus\n|-damage|p1b: sus|0 fnt\n|faint|p1b: sus\n|\n|win|Noawa\n","uploadtime":1696090835,"views":14,"p1id":"pjewe","p2id":"noawa","formatid":"gen9nationaldexdoubles","rating":0,"private":0,"password":""}