{"id":"gen9nationaldexdoubles-1972527165","p1":"Bean.god","p2":"Yu hung lo","format":"[Gen 9] National Dex Doubles","log":"|j|\u2606Bean.god\n|j|\u2606Yu hung lo\n|t:|1697853102\n|gametype|doubles\n|player|p1|Bean.god|striker|1355\n|player|p2|Yu hung lo|janitor|1501\n|teamsize|p1|6\n|teamsize|p2|6\n|gen|9\n|tier|[Gen 9] National Dex Doubles\n|rated|\n|rule|HP Percentage Mod: HP is shown in percentages\n|rule|Endless Battle Clause: Forcing endless battles is banned\n|rule|OHKO Clause: OHKO moves are banned\n|rule|Evasion Moves Clause: Evasion moves are banned\n|rule|Evasion Abilities Clause: Evasion abilities are banned\n|rule|Species Clause: Limit one of each Pok\u00e9mon\n|rule|Gravity Sleep Clause: The combination of sleep-inducing moves with imperfect accuracy and Gravity or Gigantamax Orbeetle are banned\n|clearpoke\n|poke|p1|Brute Bonnet|\n|poke|p1|Ogerpon-Hearthflame, F|\n|poke|p1|Great Tusk|\n|poke|p1|Charizard, F|\n|poke|p1|Venusaur, M|\n|poke|p1|Walking Wake|\n|poke|p2|Mawile, F|\n|poke|p2|Grimmsnarl, M|\n|poke|p2|Incineroar, F|\n|poke|p2|Rillaboom, F|\n|poke|p2|Blastoise, F|\n|poke|p2|Dragapult, F|\n|teampreview\n|inactive|Battle timer is ON: inactive players will automatically lose when time's up. (requested by Yu hung lo)\n|\n|t:|1697853133\n|start\n|switch|p1a: Quasar \u2600\ufe0f|Charizard, F, shiny|100\/100\n|switch|p1b: Ozone \ud83d\udd73\ufe0f|Ogerpon-Hearthflame, F|100\/100\n|switch|p2a: Blastoise|Blastoise, F|100\/100\n|switch|p2b: Dragapult|Dragapult, F|100\/100\n|-ability|p1b: Ozone \ud83d\udd73\ufe0f|Mold Breaker\n|turn|1\n|\n|t:|1697853150\n|switch|p1b: Hale \u2604\ufe0f|Walking Wake|100\/100\n|detailschange|p1a: Quasar \u2600\ufe0f|Charizard-Mega-Y, F, shiny\n|-mega|p1a: Quasar \u2600\ufe0f|Charizard|Charizardite Y\n|-weather|SunnyDay|[from] ability: Drought|[of] p1a: Quasar \u2600\ufe0f\n|-activate|p1b: Hale \u2604\ufe0f|ability: Protosynthesis\n|-start|p1b: Hale \u2604\ufe0f|protosynthesisspe\n|-terastallize|p2b: Dragapult|Ghost\n|move|p1a: Quasar \u2600\ufe0f|Protect|p1a: Quasar \u2600\ufe0f\n|-singleturn|p1a: Quasar \u2600\ufe0f|Protect\n|move|p2a: Blastoise|Fake Out|p1b: Hale \u2604\ufe0f\n|-damage|p1b: Hale \u2604\ufe0f|93\/100\n|move|p2b: Dragapult|Phantom Force||[still]\n|-prepare|p2b: Dragapult|Phantom Force\n|\n|-weather|SunnyDay|[upkeep]\n|upkeep\n|turn|2\n|\n|t:|1697853168\n|-end|p1b: Hale \u2604\ufe0f|Protosynthesis|[silent]\n|switch|p1b: Gravitas \u269b\ufe0f|Brute Bonnet|100\/100\n|-activate|p1b: Gravitas \u269b\ufe0f|ability: Protosynthesis\n|-start|p1b: Gravitas \u269b\ufe0f|protosynthesisdef\n|switch|p2a: Grimmsnarl|Grimmsnarl, M|100\/100\n|move|p2b: Dragapult|Phantom Force|p1b: Gravitas \u269b\ufe0f|[from]lockedmove\n|-resisted|p1b: Gravitas \u269b\ufe0f\n|-damage|p1b: Gravitas \u269b\ufe0f|79\/100\n|move|p1a: Quasar \u2600\ufe0f|Tailwind|p1a: Quasar \u2600\ufe0f\n|-sidestart|p1: Bean.god|move: Tailwind\n|\n|-weather|SunnyDay|[upkeep]\n|-heal|p1b: Gravitas \u269b\ufe0f|85\/100|[from] item: Leftovers\n|upkeep\n|turn|3\n|\n|t:|1697853197\n|move|p2a: Grimmsnarl|Parting Shot|p1a: Quasar \u2600\ufe0f\n|-unboost|p1a: Quasar \u2600\ufe0f|atk|1\n|-unboost|p1a: Quasar \u2600\ufe0f|spa|1\n|\n|t:|1697853201\n|switch|p2a: Incineroar|Incineroar, F|100\/100|[from] Parting Shot\n|-ability|p2a: Incineroar|Intimidate|boost\n|-unboost|p1a: Quasar \u2600\ufe0f|atk|1\n|-unboost|p1b: Gravitas \u269b\ufe0f|atk|1\n|move|p1a: Quasar \u2600\ufe0f|Weather Ball|p2a: Incineroar\n|-resisted|p2a: Incineroar\n|-damage|p2a: Incineroar|79\/100\n|move|p2b: Dragapult|Phantom Force||[still]\n|-prepare|p2b: Dragapult|Phantom Force\n|move|p1b: Gravitas \u269b\ufe0f|Spore|p2a: Incineroar\n|-activate|p2a: Incineroar|item: Safety Goggles|Spore\n|\n|-weather|SunnyDay|[upkeep]\n|-heal|p1b: Gravitas \u269b\ufe0f|91\/100|[from] item: Leftovers\n|upkeep\n|turn|4\n|\n|t:|1697853229\n|switch|p1a: Entropy \ud83d\udc80|Great Tusk|100\/100\n|-activate|p1a: Entropy \ud83d\udc80|ability: Protosynthesis\n|-start|p1a: Entropy \ud83d\udc80|protosynthesisatk\n|-terastallize|p1b: Gravitas \u269b\ufe0f|Water\n|move|p2a: Incineroar|Fake Out|p1b: Gravitas \u269b\ufe0f\n|-damage|p1b: Gravitas \u269b\ufe0f|87\/100\n|move|p2b: Dragapult|Phantom Force|p1a: Entropy \ud83d\udc80|[from]lockedmove\n|-damage|p1a: Entropy \ud83d\udc80|30\/100\n|cant|p1b: Gravitas \u269b\ufe0f|flinch\n|\n|-weather|SunnyDay|[upkeep]\n|-heal|p1b: Gravitas \u269b\ufe0f|93\/100|[from] item: Leftovers\n|upkeep\n|turn|5\n|inactive|Yu hung lo has 120 seconds left.\n|\n|t:|1697853265\n|switch|p2b: Rillaboom|Rillaboom, F|100\/100\n|-fieldstart|move: Grassy Terrain|[from] ability: Grassy Surge|[of] p2b: Rillaboom\n|switch|p2a: Blastoise|Blastoise, F|100\/100\n|move|p1b: Gravitas \u269b\ufe0f|Rage Powder|p1b: Gravitas \u269b\ufe0f\n|-singleturn|p1b: Gravitas \u269b\ufe0f|move: Rage Powder\n|move|p1a: Entropy \ud83d\udc80|Close Combat|p2a: Blastoise\n|-damage|p2a: Blastoise|41\/100\n|-unboost|p1a: Entropy \ud83d\udc80|def|1\n|-unboost|p1a: Entropy \ud83d\udc80|spd|1\n|-enditem|p1a: Entropy \ud83d\udc80|White Herb\n|-clearnegativeboost|p1a: Entropy \ud83d\udc80|[silent]\n|-enditem|p2a: Blastoise|Sitrus Berry|[eat]\n|-heal|p2a: Blastoise|65\/100|[from] item: Sitrus Berry\n|\n|-weather|none\n|-end|p1a: Entropy \ud83d\udc80|Protosynthesis\n|-end|p1b: Gravitas \u269b\ufe0f|Protosynthesis\n|-heal|p1a: Entropy \ud83d\udc80|37\/100|[from] Grassy Terrain\n|-heal|p1b: Gravitas \u269b\ufe0f|99\/100|[from] Grassy Terrain\n|-heal|p1b: Gravitas \u269b\ufe0f|100\/100|[from] item: Leftovers\n|-heal|p2a: Blastoise|71\/100|[from] Grassy Terrain\n|-sideend|p1: Bean.god|move: Tailwind\n|upkeep\n|turn|6\n|\n|t:|1697853284\n|-end|p1a: Entropy \ud83d\udc80|Protosynthesis|[silent]\n|switch|p1a: Hale \u2604\ufe0f|Walking Wake|93\/100\n|-end|p1b: Gravitas \u269b\ufe0f|Protosynthesis|[silent]\n|switch|p1b: Quasar \u2600\ufe0f|Charizard-Mega-Y, F, shiny|100\/100\n|-weather|SunnyDay|[from] ability: Drought|[of] p1b: Quasar \u2600\ufe0f\n|-activate|p1a: Hale \u2604\ufe0f|ability: Protosynthesis\n|-start|p1a: Hale \u2604\ufe0f|protosynthesisspe\n|move|p2a: Blastoise|Fake Out|p1b: Quasar \u2600\ufe0f\n|-damage|p1b: Quasar \u2600\ufe0f|90\/100\n|move|p2b: Rillaboom|U-turn|p1a: Hale \u2604\ufe0f\n|-damage|p1a: Hale \u2604\ufe0f|68\/100\n|inactive|Yu hung lo has 120 seconds left.\n|\n|t:|1697853301\n|switch|p2b: Dragapult|Dragapult, F, tera:Ghost|100\/100|[from] U-turn\n|\n|-weather|SunnyDay|[upkeep]\n|-heal|p1a: Hale \u2604\ufe0f|74\/100|[from] Grassy Terrain\n|-heal|p2a: Blastoise|77\/100|[from] Grassy Terrain\n|upkeep\n|turn|7\n|\n|t:|1697853324\n|switch|p1b: Photon \ud83d\udd06|Venusaur, M|100\/100\n|move|p2a: Blastoise|Follow Me|p2a: Blastoise\n|-singleturn|p2a: Blastoise|move: Follow Me\n|move|p1a: Hale \u2604\ufe0f|Hydro Steam|p2a: Blastoise\n|-resisted|p2a: Blastoise\n|-damage|p2a: Blastoise|48\/100\n|-damage|p1a: Hale \u2604\ufe0f|64\/100|[from] item: Life Orb\n|move|p2b: Dragapult|Dragon Darts|p1a: Hale \u2604\ufe0f\n|-supereffective|p1a: Hale \u2604\ufe0f\n|-damage|p1a: Hale \u2604\ufe0f|0 fnt\n|-anim|p2b: Dragapult|Dragon Darts|p1b: Photon \ud83d\udd06\n|-damage|p1b: Photon \ud83d\udd06|55\/100\n|faint|p1a: Hale \u2604\ufe0f\n|-end|p1a: Hale \u2604\ufe0f|Protosynthesis|[silent]\n|\n|-weather|SunnyDay|[upkeep]\n|-heal|p1b: Photon \ud83d\udd06|61\/100|[from] Grassy Terrain\n|-heal|p2a: Blastoise|54\/100|[from] Grassy Terrain\n|upkeep\n|\n|t:|1697853336\n|switch|p1a: Ozone \ud83d\udd73\ufe0f|Ogerpon-Hearthflame, F|100\/100\n|-ability|p1a: Ozone \ud83d\udd73\ufe0f|Mold Breaker\n|turn|8\n|inactive|Yu hung lo has 120 seconds left.\n|\n|t:|1697853369\n|switch|p2b: Grimmsnarl|Grimmsnarl, M|100\/100\n|switch|p2a: Incineroar|Incineroar, F|79\/100\n|-ability|p2a: Incineroar|Intimidate|boost\n|-unboost|p1a: Ozone \ud83d\udd73\ufe0f|atk|1\n|-unboost|p1b: Photon \ud83d\udd06|atk|1\n|move|p1b: Photon \ud83d\udd06|Energy Ball|p2a: Incineroar\n|-resisted|p2a: Incineroar\n|-damage|p2a: Incineroar|63\/100\n|move|p1a: Ozone \ud83d\udd73\ufe0f|Ivy Cudgel|p2b: Grimmsnarl\n|-crit|p2b: Grimmsnarl\n|-damage|p2b: Grimmsnarl|0 fnt\n|faint|p2b: Grimmsnarl\n|\n|-weather|SunnyDay|[upkeep]\n|-heal|p1b: Photon \ud83d\udd06|67\/100|[from] Grassy Terrain\n|-heal|p2a: Incineroar|69\/100|[from] Grassy Terrain\n|upkeep\n|inactive|Yu hung lo has 120 seconds left.\n|\n|t:|1697853388\n|switch|p2b: Dragapult|Dragapult, F, tera:Ghost|100\/100\n|turn|9\n|inactive|Yu hung lo has 120 seconds left.\n|\n|t:|1697853413\n|move|p2a: Incineroar|Fake Out|p1b: Photon \ud83d\udd06\n|-damage|p1b: Photon \ud83d\udd06|51\/100\n|move|p1a: Ozone \ud83d\udd73\ufe0f|Follow Me|p1a: Ozone \ud83d\udd73\ufe0f\n|-singleturn|p1a: Ozone \ud83d\udd73\ufe0f|move: Follow Me\n|cant|p1b: Photon \ud83d\udd06|flinch\n|move|p2b: Dragapult|Phantom Force||[still]\n|-prepare|p2b: Dragapult|Phantom Force\n|\n|-weather|SunnyDay|[upkeep]\n|-heal|p1b: Photon \ud83d\udd06|57\/100|[from] Grassy Terrain\n|-heal|p2a: Incineroar|75\/100|[from] Grassy Terrain\n|-fieldend|move: Grassy Terrain\n|upkeep\n|turn|10\n|inactive|Yu hung lo has 120 seconds left.\n|\n|t:|1697853436\n|switch|p1b: Gravitas \u269b\ufe0f|Brute Bonnet, tera:Water|100\/100\n|-activate|p1b: Gravitas \u269b\ufe0f|ability: Protosynthesis\n|-start|p1b: Gravitas \u269b\ufe0f|protosynthesisdef\n|move|p2b: Dragapult|Phantom Force|p1a: Ozone \ud83d\udd73\ufe0f|[from]lockedmove\n|-damage|p1a: Ozone \ud83d\udd73\ufe0f|0 fnt\n|faint|p1a: Ozone \ud83d\udd73\ufe0f\n|move|p2a: Incineroar|Parting Shot|p1b: Gravitas \u269b\ufe0f\n|-unboost|p1b: Gravitas \u269b\ufe0f|atk|1\n|-unboost|p1b: Gravitas \u269b\ufe0f|spa|1\n|\n|t:|1697853448\n|switch|p2a: Rillaboom|Rillaboom, F|100\/100|[from] Parting Shot\n|-fieldstart|move: Grassy Terrain|[from] ability: Grassy Surge|[of] p2a: Rillaboom\n|\n|-weather|none\n|-end|p1b: Gravitas \u269b\ufe0f|Protosynthesis\n|upkeep\n|\n|t:|1697853451\n|switch|p1a: Quasar \u2600\ufe0f|Charizard-Mega-Y, F, shiny|90\/100\n|-weather|SunnyDay|[from] ability: Drought|[of] p1a: Quasar \u2600\ufe0f\n|-activate|p1b: Gravitas \u269b\ufe0f|ability: Protosynthesis\n|-start|p1b: Gravitas \u269b\ufe0f|protosynthesisdef\n|turn|11\n|\n|t:|1697853463\n|move|p2a: Rillaboom|Fake Out|p1a: Quasar \u2600\ufe0f\n|-damage|p1a: Quasar \u2600\ufe0f|70\/100\n|move|p1b: Gravitas \u269b\ufe0f|Sucker Punch|p2b: Dragapult\n|-supereffective|p2b: Dragapult\n|-damage|p2b: Dragapult|42\/100\n|move|p2b: Dragapult|Phantom Force||[still]\n|-prepare|p2b: Dragapult|Phantom Force\n|cant|p1a: Quasar \u2600\ufe0f|flinch\n|\n|-weather|SunnyDay|[upkeep]\n|upkeep\n|turn|12\n|inactive|Yu hung lo has 120 seconds left.\n|\n|t:|1697853499\n|switch|p2a: Blastoise|Blastoise, F|54\/100\n|move|p1b: Gravitas \u269b\ufe0f|Rage Powder|p1b: Gravitas \u269b\ufe0f\n|-singleturn|p1b: Gravitas \u269b\ufe0f|move: Rage Powder\n|move|p2b: Dragapult|Phantom Force|p1b: Gravitas \u269b\ufe0f|[from]lockedmove\n|-crit|p1b: Gravitas \u269b\ufe0f\n|-damage|p1b: Gravitas \u269b\ufe0f|46\/100\n|move|p1a: Quasar \u2600\ufe0f|Heat Wave|p2a: Blastoise|[spread] p2a,p2b\n|-resisted|p2a: Blastoise\n|-damage|p2a: Blastoise|29\/100\n|-damage|p2b: Dragapult|0 fnt\n|faint|p2b: Dragapult\n|\n|-weather|SunnyDay|[upkeep]\n|-heal|p2a: Blastoise|35\/100|[from] Grassy Terrain\n|-heal|p1b: Gravitas \u269b\ufe0f|52\/100|[from] Grassy Terrain\n|-heal|p1b: Gravitas \u269b\ufe0f|58\/100|[from] item: Leftovers\n|upkeep\n|\n|t:|1697853516\n|switch|p2b: Rillaboom|Rillaboom, F|100\/100\n|turn|13\n|\n|t:|1697853523\n|-end|p1b: Gravitas \u269b\ufe0f|Protosynthesis|[silent]\n|switch|p1b: Photon \ud83d\udd06|Venusaur, M|57\/100\n|move|p1a: Quasar \u2600\ufe0f|Protect|p1a: Quasar \u2600\ufe0f\n|-singleturn|p1a: Quasar \u2600\ufe0f|Protect\n|move|p2a: Blastoise|Fake Out|p1a: Quasar \u2600\ufe0f\n|-activate|p1a: Quasar \u2600\ufe0f|move: Protect\n|move|p2b: Rillaboom|U-turn|p1b: Photon \ud83d\udd06\n|-damage|p1b: Photon \ud83d\udd06|25\/100\n|-enditem|p1b: Photon \ud83d\udd06|Aguav Berry|[eat]\n|-heal|p1b: Photon \ud83d\udd06|58\/100|[from] item: Aguav Berry\n|inactive|Yu hung lo has 120 seconds left.\n|\n|t:|1697853535\n|switch|p2b: Mawile|Mawile, F|100\/100|[from] U-turn\n|\n|-weather|SunnyDay|[upkeep]\n|-heal|p1b: Photon \ud83d\udd06|64\/100|[from] Grassy Terrain\n|-heal|p2a: Blastoise|41\/100|[from] Grassy Terrain\n|upkeep\n|turn|14\n|\n|t:|1697853543\n|detailschange|p2b: Mawile|Mawile-Mega, F\n|-mega|p2b: Mawile|Mawile|Mawilite\n|move|p2a: Blastoise|Follow Me|p2a: Blastoise\n|-singleturn|p2a: Blastoise|move: Follow Me\n|move|p2b: Mawile|Sucker Punch|p1a: Quasar \u2600\ufe0f\n|-damage|p1a: Quasar \u2600\ufe0f|3\/100\n|move|p1b: Photon \ud83d\udd06|Energy Ball|p2a: Blastoise\n|-supereffective|p2a: Blastoise\n|-damage|p2a: Blastoise|0 fnt\n|faint|p2a: Blastoise\n|move|p1a: Quasar \u2600\ufe0f|Weather Ball|p2b: Mawile\n|-supereffective|p2b: Mawile\n|-damage|p2b: Mawile|0 fnt\n|faint|p2b: Mawile\n|\n|-weather|SunnyDay|[upkeep]\n|-heal|p1b: Photon \ud83d\udd06|70\/100|[from] Grassy Terrain\n|-fieldend|move: Grassy Terrain\n|upkeep\n|\n|t:|1697853549\n|switch|p2a: Incineroar|Incineroar, F|75\/100\n|switch|p2b: Rillaboom|Rillaboom, F|100\/100\n|-fieldstart|move: Grassy Terrain|[from] ability: Grassy Surge|[of] p2b: Rillaboom\n|-ability|p2a: Incineroar|Intimidate|boost\n|-unboost|p1a: Quasar \u2600\ufe0f|atk|1\n|-unboost|p1b: Photon \ud83d\udd06|atk|1\n|turn|15\n|\n|t:|1697853575\n|switch|p1b: Entropy \ud83d\udc80|Great Tusk|37\/100\n|-activate|p1b: Entropy \ud83d\udc80|ability: Protosynthesis\n|-start|p1b: Entropy \ud83d\udc80|protosynthesisatk\n|switch|p1a: Gravitas \u269b\ufe0f|Brute Bonnet, tera:Water|58\/100\n|-activate|p1a: Gravitas \u269b\ufe0f|ability: Protosynthesis\n|-start|p1a: Gravitas \u269b\ufe0f|protosynthesisdef\n|move|p2a: Incineroar|Fake Out|p1a: Gravitas \u269b\ufe0f\n|-damage|p1a: Gravitas \u269b\ufe0f|53\/100\n|move|p2b: Rillaboom|Wood Hammer|p1b: Entropy \ud83d\udc80\n|-supereffective|p1b: Entropy \ud83d\udc80\n|-damage|p1b: Entropy \ud83d\udc80|0 fnt\n|faint|p1b: Entropy \ud83d\udc80\n|-end|p1b: Entropy \ud83d\udc80|Protosynthesis|[silent]\n|-damage|p2b: Rillaboom|89\/100|[from] Recoil\n|\n|-weather|none\n|-end|p1a: Gravitas \u269b\ufe0f|Protosynthesis\n|-heal|p2b: Rillaboom|96\/100|[from] Grassy Terrain\n|-heal|p2a: Incineroar|81\/100|[from] Grassy Terrain\n|-heal|p1a: Gravitas \u269b\ufe0f|59\/100|[from] Grassy Terrain\n|-heal|p1a: Gravitas \u269b\ufe0f|65\/100|[from] item: Leftovers\n|upkeep\n|inactive|Bean.god has 120 seconds left.\n|\n|t:|1697853594\n|switch|p1b: Photon \ud83d\udd06|Venusaur, M|70\/100\n|turn|16\n|\n|t:|1697853614\n|move|p1b: Photon \ud83d\udd06|Sludge Bomb|p2b: Rillaboom\n|-supereffective|p2b: Rillaboom\n|-damage|p2b: Rillaboom|45\/100\n|-status|p2b: Rillaboom|psn\n|move|p2b: Rillaboom|Wood Hammer|p1a: Gravitas \u269b\ufe0f\n|-supereffective|p1a: Gravitas \u269b\ufe0f\n|-damage|p1a: Gravitas \u269b\ufe0f|0 fnt\n|faint|p1a: Gravitas \u269b\ufe0f\n|-end|p1a: Gravitas \u269b\ufe0f|Protosynthesis|[silent]\n|-damage|p2b: Rillaboom|22\/100 psn|[from] Recoil\n|move|p2a: Incineroar|Flare Blitz|p1b: Photon \ud83d\udd06\n|-supereffective|p1b: Photon \ud83d\udd06\n|-damage|p1b: Photon \ud83d\udd06|0 fnt\n|faint|p1b: Photon \ud83d\udd06\n|-damage|p2a: Incineroar|63\/100|[from] Recoil\n|\n|-heal|p2b: Rillaboom|29\/100 psn|[from] Grassy Terrain\n|-heal|p2a: Incineroar|69\/100|[from] Grassy Terrain\n|-damage|p2b: Rillaboom|16\/100 psn|[from] psn\n|upkeep\n|\n|t:|1697853633\n|switch|p1a: Quasar \u2600\ufe0f|Charizard-Mega-Y, F, shiny|3\/100\n|-weather|SunnyDay|[from] ability: Drought|[of] p1a: Quasar \u2600\ufe0f\n|turn|17\n|\n|t:|1697853639\n|move|p1a: Quasar \u2600\ufe0f|Protect|p1a: Quasar \u2600\ufe0f\n|-singleturn|p1a: Quasar \u2600\ufe0f|Protect\n|move|p2b: Rillaboom|Grassy Glide|p1a: Quasar \u2600\ufe0f\n|-activate|p1a: Quasar \u2600\ufe0f|move: Protect\n|move|p2a: Incineroar|Flare Blitz|p1a: Quasar \u2600\ufe0f\n|-activate|p1a: Quasar \u2600\ufe0f|move: Protect\n|\n|-weather|SunnyDay|[upkeep]\n|-heal|p2b: Rillaboom|22\/100 psn|[from] Grassy Terrain\n|-heal|p2a: Incineroar|76\/100|[from] Grassy Terrain\n|-damage|p2b: Rillaboom|10\/100 psn|[from] psn\n|upkeep\n|turn|18\n|\n|t:|1697853645\n|move|p2b: Rillaboom|Grassy Glide|p1a: Quasar \u2600\ufe0f\n|-resisted|p1a: Quasar \u2600\ufe0f\n|-crit|p1a: Quasar \u2600\ufe0f\n|-damage|p1a: Quasar \u2600\ufe0f|0 fnt\n|faint|p1a: Quasar \u2600\ufe0f\n|\n|win|Yu hung lo\n|raw|Bean.god's rating: 1355 &rarr; <strong>1343<\/strong><br \/>(-12 for losing)\n|raw|Yu hung lo's rating: 1501 &rarr; <strong>1513<\/strong><br \/>(+12 for winning)\n|l|\u2606Bean.god\n","uploadtime":1697853659,"views":8,"p1id":"beangod","p2id":"yuhunglo","formatid":"gen9nationaldexdoubles","rating":1343,"private":0,"password":""}