{"id":"gen9nationaldexdoubles-1956304386","p1":"Buttertune","p2":"Docnbock","format":"[Gen 9] National Dex Doubles","log":"|j|\u2606Buttertune\n|j|\u2606Docnbock\n|t:|1696094880\n|gametype|doubles\n|player|p1|Buttertune|riley|1023\n|player|p2|Docnbock|102|1000\n|teamsize|p1|6\n|teamsize|p2|6\n|gen|9\n|tier|[Gen 9] National Dex Doubles\n|rated|\n|rule|HP Percentage Mod: HP is shown in percentages\n|rule|Endless Battle Clause: Forcing endless battles is banned\n|rule|OHKO Clause: OHKO moves are banned\n|rule|Evasion Moves Clause: Evasion moves are banned\n|rule|Evasion Abilities Clause: Evasion abilities are banned\n|rule|Species Clause: Limit one of each Pok\u00e9mon\n|rule|Gravity Sleep Clause: The combination of sleep-inducing moves with imperfect accuracy and Gravity or Gigantamax Orbeetle are banned\n|clearpoke\n|poke|p1|Cryogonal|\n|poke|p1|Krookodile, F|\n|poke|p1|Tauros-Paldea-Blaze, M|\n|poke|p1|Meowscarada, M|\n|poke|p1|Flamigo, M|\n|poke|p1|Snorlax, F|\n|poke|p2|Aegislash, F|\n|poke|p2|Gothitelle, F|\n|poke|p2|Amoonguss, M|\n|poke|p2|Grimmsnarl, M|\n|poke|p2|Garganacl, F|\n|poke|p2|Chi-Yu|\n|teampreview\n|\n|t:|1696094893\n|start\n|switch|p1a: Cryogonal|Cryogonal|100\/100\n|switch|p1b: Krookodile|Krookodile, F|100\/100\n|switch|p2a: Gothitelle|Gothitelle, F|100\/100\n|switch|p2b: Grimmsnarl|Grimmsnarl, M|100\/100\n|turn|1\n|\n|t:|1696094912\n|-terastallize|p1b: Krookodile|Steel\n|move|p1a: Cryogonal|Protect|p1a: Cryogonal\n|-singleturn|p1a: Cryogonal|Protect\n|move|p2b: Grimmsnarl|Fake Out|p1b: Krookodile\n|-resisted|p1b: Krookodile\n|-damage|p1b: Krookodile|94\/100\n|cant|p1b: Krookodile|flinch\n|move|p2a: Gothitelle|Trick Room|p2a: Gothitelle\n|-fieldstart|move: Trick Room|[of] p2a: Gothitelle\n|\n|-heal|p1b: Krookodile|99\/100|[from] item: Leftovers\n|upkeep\n|turn|2\n|\n|t:|1696094978\n|move|p2a: Gothitelle|Protect|p2a: Gothitelle\n|-singleturn|p2a: Gothitelle|Protect\n|move|p2b: Grimmsnarl|Parting Shot|p1b: Krookodile\n|-unboost|p1b: Krookodile|atk|1\n|-unboost|p1b: Krookodile|spa|1\n|\n|t:|1696094993\n|switch|p2b: Chi-Yu|Chi-Yu|100\/100|[from] Parting Shot\n|-ability|p2b: Chi-Yu|Beads of Ruin\n|move|p1b: Krookodile|Earthquake|p2b: Chi-Yu|[spread] p2b\n|-activate|p2a: Gothitelle|move: Protect\n|-immune|p1a: Cryogonal|[from] ability: Levitate\n|-supereffective|p2b: Chi-Yu\n|-damage|p2b: Chi-Yu|26\/100\n|move|p1a: Cryogonal|Frost Breath|p1b: Krookodile\n|-resisted|p1b: Krookodile\n|-crit|p1b: Krookodile\n|-damage|p1b: Krookodile|72\/100\n|-setboost|p1b: Krookodile|atk|6|[from] ability: Anger Point\n|\n|-heal|p1b: Krookodile|78\/100|[from] item: Leftovers\n|upkeep\n|turn|3\n|\n|t:|1696095028\n|move|p1a: Cryogonal|Protect|p1a: Cryogonal\n|-singleturn|p1a: Cryogonal|Protect\n|move|p2a: Gothitelle|Psyshock|p1b: Krookodile\n|-resisted|p1b: Krookodile\n|-damage|p1b: Krookodile|63\/100\n|move|p1b: Krookodile|Earthquake|p2a: Gothitelle|[spread] p2a,p2b\n|-activate|p1a: Cryogonal|move: Protect\n|-supereffective|p2b: Chi-Yu\n|-damage|p2a: Gothitelle|0 fnt\n|-damage|p2b: Chi-Yu|0 fnt\n|faint|p2a: Gothitelle\n|faint|p2b: Chi-Yu\n|\n|-heal|p1b: Krookodile|69\/100|[from] item: Leftovers\n|upkeep\n|\n|t:|1696095048\n|switch|p2a: Grimmsnarl|Grimmsnarl, M|100\/100\n|switch|p2b: Aegislash|Aegislash, F|100\/100\n|turn|4\n|\n|t:|1696095063\n|switch|p1a: Flamigo|Flamigo, M|100\/100\n|-copyboost|p1a: Flamigo|p1b: Krookodile|[from] ability: Costar\n|move|p2b: Aegislash|Swords Dance|p2b: Aegislash\n|-boost|p2b: Aegislash|atk|2\n|move|p2a: Grimmsnarl|Foul Play|p1b: Krookodile\n|-damage|p1b: Krookodile|0 fnt\n|faint|p1b: Krookodile\n|\n|upkeep\n|\n|t:|1696095076\n|switch|p1b: Snorlax|Snorlax, F|100\/100\n|-item|p1b: Snorlax|Air Balloon\n|turn|5\n|\n|t:|1696095086\n|move|p1b: Snorlax|Psych Up|p1a: Flamigo\n|-copyboost|p1b: Snorlax|p1a: Flamigo|[from] move: Psych Up\n|move|p2a: Grimmsnarl|Foul Play|p1a: Flamigo\n|-resisted|p1a: Flamigo\n|-damage|p1a: Flamigo|0 fnt\n|faint|p1a: Flamigo\n|-formechange|p2b: Aegislash|Aegislash-Blade||[from] ability: Stance Change\n|move|p2b: Aegislash|Sacred Sword|p1b: Snorlax\n|-supereffective|p1b: Snorlax\n|-damage|p1b: Snorlax|0 fnt\n|-enditem|p1b: Snorlax|Air Balloon\n|faint|p1b: Snorlax\n|\n|-fieldend|move: Trick Room\n|upkeep\n|-message|Buttertune forfeited.\n|\n|win|Docnbock\n|raw|Buttertune's rating: 1023 &rarr; <strong>1009<\/strong><br \/>(-14 for losing)\n|raw|Docnbock's rating: 1000 &rarr; <strong>1043<\/strong><br \/>(+43 for winning)\n|l|\u2606Buttertune\n","uploadtime":1696095113,"views":9,"p1id":"buttertune","p2id":"docnbock","formatid":"gen9nationaldexdoubles","rating":1009,"private":0,"password":""}