{"id":"gen9nationaldexdoubles-1952520793","p1":"Theonlykev","p2":"Axolotlover11","format":"[Gen 9] National Dex Doubles","log":"|j|\u2606Theonlykev\n|j|\u2606Axolotlover11\n|t:|1695692963\n|gametype|doubles\n|player|p1|Theonlykev|ltsurge|1229\n|player|p2|Axolotlover11|caitlin|1373\n|teamsize|p1|6\n|teamsize|p2|6\n|gen|9\n|tier|[Gen 9] National Dex Doubles\n|rated|\n|rule|HP Percentage Mod: HP is shown in percentages\n|rule|Endless Battle Clause: Forcing endless battles is banned\n|rule|OHKO Clause: OHKO moves are banned\n|rule|Evasion Moves Clause: Evasion moves are banned\n|rule|Evasion Abilities Clause: Evasion abilities are banned\n|rule|Species Clause: Limit one of each Pok\u00e9mon\n|rule|Gravity Sleep Clause: The combination of sleep-inducing moves with imperfect accuracy and Gravity or Gigantamax Orbeetle are banned\n|clearpoke\n|poke|p1|Landorus-Therian, M|\n|poke|p1|Tornadus, M|\n|poke|p1|Enamorus-Therian, F|\n|poke|p1|Thundurus, M|\n|poke|p1|Ogerpon-Hearthflame, F|\n|poke|p1|Palafin, M|\n|poke|p2|Ninetales-Alola, M|\n|poke|p2|Dragapult, M|\n|poke|p2|Flutter Mane|\n|poke|p2|Heatran, M|\n|poke|p2|Vikavolt, F|\n|poke|p2|Slowking-Galar, F|\n|teampreview\n|\n|t:|1695692976\n|start\n|switch|p1a: Tornadus|Tornadus, M|100\/100\n|switch|p1b: Palafin|Palafin, M|100\/100\n|switch|p2a: Vikavolt|Vikavolt, F, shiny|100\/100\n|switch|p2b: Ninetales|Ninetales-Alola, M, shiny|100\/100\n|-weather|Snow|[from] ability: Snow Warning|[of] p2b: Ninetales\n|turn|1\n|\n|t:|1695693001\n|move|p1a: Tornadus|Tailwind|p1a: Tornadus\n|-sidestart|p1: Theonlykev|move: Tailwind\n|move|p1b: Palafin|Flip Turn|p2b: Ninetales\n|-damage|p2b: Ninetales|69\/100\n|\n|t:|1695693007\n|detailschange|p1b: Palafin|Palafin-Hero, M\n|switch|p1b: Landorus|Landorus-Therian, M|100\/100|[from] Flip Turn\n|-ability|p1b: Landorus|Intimidate|boost\n|-unboost|p2a: Vikavolt|atk|1\n|-unboost|p2b: Ninetales|atk|1\n|move|p2b: Ninetales|Blizzard|p1a: Tornadus|[spread] p1a,p1b\n|-supereffective|p1a: Tornadus\n|-supereffective|p1b: Landorus\n|-enditem|p1a: Tornadus|Focus Sash\n|-damage|p1a: Tornadus|1\/100\n|-damage|p1b: Landorus|0 fnt\n|faint|p1b: Landorus\n|move|p2a: Vikavolt|Bug Buzz|p1a: Tornadus\n|-resisted|p1a: Tornadus\n|-damage|p1a: Tornadus|0 fnt\n|faint|p1a: Tornadus\n|\n|-weather|Snow|[upkeep]\n|upkeep\n|\n|t:|1695693027\n|switch|p1a: Ogerpon|Ogerpon-Hearthflame, F|100\/100\n|switch|p1b: Thundurus|Thundurus, M|100\/100\n|-ability|p1a: Ogerpon|Mold Breaker\n|turn|2\n|\n|t:|1695693067\n|-terastallize|p1a: Ogerpon|Fire\n|detailschange|p1a: Ogerpon|Ogerpon-Hearthflame-Tera, F, tera:Fire\n|-ability|p1a: Ogerpon|Embody Aspect (Hearthflame)|boost\n|-boost|p1a: Ogerpon|atk|1\n|move|p1b: Thundurus|Thunder Wave|p2b: Ninetales\n|-status|p2b: Ninetales|par\n|move|p1a: Ogerpon|Ivy Cudgel|p2b: Ninetales\n|-supereffective|p2b: Ninetales\n|-damage|p2b: Ninetales|0 fnt\n|faint|p2b: Ninetales\n|move|p2a: Vikavolt|Thunderbolt|p1a: Ogerpon\n|-damage|p1a: Ogerpon|32\/100\n|\n|-weather|Snow|[upkeep]\n|upkeep\n|\n|t:|1695693084\n|switch|p2b: Dragapult|Dragapult, M, shiny|100\/100\n|turn|3\n|\n|t:|1695693114\n|move|p1b: Thundurus|Thunder Wave|p2b: Dragapult|[miss]\n|-miss|p1b: Thundurus|p2b: Dragapult\n|move|p1a: Ogerpon|Ivy Cudgel|p2a: Vikavolt\n|-supereffective|p2a: Vikavolt\n|-damage|p2a: Vikavolt|0 fnt\n|faint|p2a: Vikavolt\n|move|p2b: Dragapult|Dragon Darts|p1a: Ogerpon\n|-damage|p1a: Ogerpon|0 fnt\n|-anim|p2b: Dragapult|Dragon Darts|p1b: Thundurus\n|-damage|p1b: Thundurus|47\/100\n|faint|p1a: Ogerpon\n|-damage|p2b: Dragapult|91\/100|[from] item: Life Orb\n|\n|-weather|Snow|[upkeep]\n|upkeep\n|\n|t:|1695693143\n|switch|p1a: Palafin|Palafin-Hero, M|100\/100\n|switch|p2a: Flutter Mane|Flutter Mane, shiny|100\/100\n|-activate|p1a: Palafin|ability: Zero to Hero\n|-enditem|p2a: Flutter Mane|Booster Energy\n|-activate|p2a: Flutter Mane|ability: Protosynthesis|[fromitem]\n|-start|p2a: Flutter Mane|protosynthesisspa\n|turn|4\n|\n|t:|1695693164\n|-terastallize|p2a: Flutter Mane|Steel\n|move|p1b: Thundurus|Wildbolt Storm|p2b: Dragapult|[spread] p2a,p2b\n|-resisted|p2b: Dragapult\n|-damage|p2a: Flutter Mane|55\/100\n|-damage|p2b: Dragapult|63\/100\n|-status|p2b: Dragapult|par\n|move|p1a: Palafin|Wave Crash|p2a: Flutter Mane\n|-damage|p2a: Flutter Mane|0 fnt\n|faint|p2a: Flutter Mane\n|-end|p2a: Flutter Mane|Protosynthesis|[silent]\n|-damage|p1a: Palafin|89\/100|[from] Recoil\n|move|p2b: Dragapult|Dragon Darts|p1a: Palafin\n|-damage|p1a: Palafin|55\/100\n|-anim|p2b: Dragapult|Dragon Darts|p1b: Thundurus\n|-damage|p1b: Thundurus|0 fnt\n|faint|p1b: Thundurus\n|-damage|p2b: Dragapult|53\/100 par|[from] item: Life Orb\n|\n|-weather|Snow|[upkeep]\n|-sideend|p1: Theonlykev|move: Tailwind\n|upkeep\n|\n|t:|1695693184\n|switch|p2a: Heatran|Heatran, M|100\/100\n|switch|p1b: Enamorus|Enamorus-Therian, F|100\/100\n|turn|5\n|\n|t:|1695693196\n|move|p1a: Palafin|Jet Punch|p2a: Heatran\n|-supereffective|p2a: Heatran\n|-damage|p2a: Heatran|21\/100\n|cant|p2b: Dragapult|par\n|move|p2a: Heatran|Heavy Slam|p1a: Palafin\n|-resisted|p1a: Palafin\n|-damage|p1a: Palafin|40\/100\n|move|p1b: Enamorus|Springtide Storm|p2b: Dragapult|[spread] p2a,p2b\n|-resisted|p2a: Heatran\n|-supereffective|p2b: Dragapult\n|-damage|p2a: Heatran|13\/100\n|-damage|p2b: Dragapult|0 fnt\n|faint|p2b: Dragapult\n|\n|-weather|none\n|-heal|p2a: Heatran|20\/100|[from] item: Leftovers\n|upkeep\n|\n|t:|1695693209\n|switch|p2b: Slowking|Slowking-Galar, F|100\/100\n|-clearboost|p2a: Heatran|[from] ability: Curious Medicine|[of] p2b: Slowking\n|turn|6\n|\n|t:|1695693223\n|move|p2a: Heatran|Protect|p2a: Heatran\n|-singleturn|p2a: Heatran|Protect\n|move|p1a: Palafin|Wave Crash|p2b: Slowking\n|-damage|p2b: Slowking|7\/100\n|-enditem|p2b: Slowking|Sitrus Berry|[eat]\n|-heal|p2b: Slowking|32\/100|[from] item: Sitrus Berry\n|-damage|p1a: Palafin|10\/100|[from] Recoil\n|move|p1b: Enamorus|Earth Power|p2b: Slowking\n|-supereffective|p2b: Slowking\n|-damage|p2b: Slowking|0 fnt\n|faint|p2b: Slowking\n|\n|-heal|p2a: Heatran|26\/100|[from] item: Leftovers\n|upkeep\n|turn|7\n|\n|t:|1695693240\n|move|p1a: Palafin|Jet Punch|p2a: Heatran\n|-supereffective|p2a: Heatran\n|-damage|p2a: Heatran|0 fnt\n|faint|p2a: Heatran\n|\n|win|Theonlykev\n|raw|Theonlykev's rating: 1229 &rarr; <strong>1264<\/strong><br \/>(+35 for winning)\n|raw|Axolotlover11's rating: 1373 &rarr; <strong>1345<\/strong><br \/>(-28 for losing)\n|l|\u2606Axolotlover11\n","uploadtime":1695694245,"views":20,"p1id":"theonlykev","p2id":"axolotlover11","formatid":"gen9nationaldexdoubles","rating":1264,"private":0,"password":""}