{"id":"gen9nationaldexdoubles-1955039848","p1":"zeref203","p2":"LowksterP","format":"[Gen 9] National Dex Doubles","log":"|j|\u2606zeref203\n|j|\u2606LowksterP\n|t:|1695949732\n|gametype|doubles\n|player|p1|zeref203|101|1126\n|player|p2|LowksterP|striker|1046\n|teamsize|p1|6\n|teamsize|p2|6\n|gen|9\n|tier|[Gen 9] National Dex Doubles\n|rated|\n|rule|HP Percentage Mod: HP is shown in percentages\n|rule|Endless Battle Clause: Forcing endless battles is banned\n|rule|OHKO Clause: OHKO moves are banned\n|rule|Evasion Moves Clause: Evasion moves are banned\n|rule|Evasion Abilities Clause: Evasion abilities are banned\n|rule|Species Clause: Limit one of each Pok\u00e9mon\n|rule|Gravity Sleep Clause: The combination of sleep-inducing moves with imperfect accuracy and Gravity or Gigantamax Orbeetle are banned\n|clearpoke\n|poke|p1|Altaria, F|\n|poke|p1|Golem-Alola, M|\n|poke|p1|Pawmot, F|\n|poke|p1|Great Tusk|\n|poke|p1|Ninetales, F|\n|poke|p1|Sableye, M|\n|poke|p2|Haunter, M|\n|poke|p2|Kingdra, M|\n|poke|p2|Eldegoss, F|\n|poke|p2|Dragonite, F|\n|poke|p2|Togekiss, F|\n|poke|p2|Arcanine, M|\n|teampreview\n|inactive|Battle timer is ON: inactive players will automatically lose when time's up. (requested by zeref203)\n|\n|t:|1695949741\n|start\n|switch|p1a: Ninetales|Ninetales, F|100\/100\n|switch|p1b: Great Tusk|Great Tusk|100\/100\n|switch|p2a: Arcanine|Arcanine, M, shiny|100\/100\n|switch|p2b: Eldegoss|Eldegoss, F, shiny|100\/100\n|-weather|SunnyDay|[from] ability: Drought|[of] p1a: Ninetales\n|-activate|p1b: Great Tusk|ability: Protosynthesis\n|-start|p1b: Great Tusk|protosynthesisatk\n|-ability|p2a: Arcanine|Intimidate|boost\n|-unboost|p1a: Ninetales|atk|1\n|-unboost|p1b: Great Tusk|atk|1\n|-enditem|p1b: Great Tusk|Eject Pack\n|\n|t:|1695949760\n|-end|p1b: Great Tusk|Protosynthesis|[silent]\n|switch|p1b: Golem|Golem-Alola, M|100\/100\n|-item|p1b: Golem|Air Balloon\n|turn|1\n|\n|t:|1695949784\n|move|p1a: Ninetales|Heat Wave|p2a: Arcanine|[spread] p2a,p2b\n|-resisted|p2a: Arcanine\n|-supereffective|p2b: Eldegoss\n|-damage|p2a: Arcanine|76\/100\n|-damage|p2b: Eldegoss|31\/100\n|-ability|p2b: Eldegoss|Cotton Down\n|-unboost|p1a: Ninetales|spe|1\n|-unboost|p1b: Golem|spe|1\n|-unboost|p2a: Arcanine|spe|1\n|move|p2a: Arcanine|Mud-Slap|p1a: Ninetales\n|-supereffective|p1a: Ninetales\n|-damage|p1a: Ninetales|87\/100\n|-unboost|p1a: Ninetales|accuracy|1\n|move|p2b: Eldegoss|Sleep Powder|p1b: Golem\n|-status|p1b: Golem|slp|[from] move: Sleep Powder\n|cant|p1b: Golem|slp\n|\n|-weather|SunnyDay|[upkeep]\n|-heal|p2a: Arcanine|82\/100|[from] item: Leftovers\n|-heal|p2b: Eldegoss|37\/100|[from] item: Leftovers\n|upkeep\n|turn|2\n|inactive|LowksterP has 120 seconds left.\n|\n|t:|1695949831\n|switch|p2b: Dragonite|Dragonite, F|100\/100\n|move|p1a: Ninetales|Heat Wave|p2a: Arcanine|[spread] p2b\n|-miss|p1a: Ninetales|p2a: Arcanine\n|-resisted|p2b: Dragonite\n|-damage|p2b: Dragonite|91\/100\n|move|p2a: Arcanine|Flamethrower|p1b: Golem\n|-resisted|p1b: Golem\n|-damage|p1b: Golem|60\/100 slp\n|-enditem|p1b: Golem|Air Balloon\n|cant|p1b: Golem|slp\n|\n|-weather|SunnyDay|[upkeep]\n|-heal|p2b: Dragonite|97\/100|[from] item: Leftovers\n|-heal|p2a: Arcanine|89\/100|[from] item: Leftovers\n|upkeep\n|turn|3\n|inactive|LowksterP has 120 seconds left.\n|inactive|zeref203 has 120 seconds left.\n|\n|t:|1695949868\n|switch|p1a: Pawmot|Pawmot, F|100\/100\n|move|p2b: Dragonite|Dragon Dance|p2b: Dragonite\n|-boost|p2b: Dragonite|atk|1\n|-boost|p2b: Dragonite|spe|1\n|move|p2a: Arcanine|Mud-Slap|p1b: Golem\n|-supereffective|p1b: Golem\n|-damage|p1b: Golem|29\/100 slp\n|-unboost|p1b: Golem|accuracy|1\n|-curestatus|p1b: Golem|slp|[msg]\n|move|p1b: Golem|Self-Destruct|p2b: Dragonite|[spread] p2b\n|-immune|p1a: Pawmot|[from] ability: Volt Absorb\n|-miss|p1b: Golem|p2a: Arcanine\n|-damage|p2b: Dragonite|7\/100\n|faint|p1b: Golem\n|\n|-weather|SunnyDay|[upkeep]\n|-heal|p2b: Dragonite|13\/100|[from] item: Leftovers\n|-heal|p2a: Arcanine|95\/100|[from] item: Leftovers\n|upkeep\n|\n|t:|1695949883\n|switch|p1b: Great Tusk|Great Tusk|100\/100\n|-activate|p1b: Great Tusk|ability: Protosynthesis\n|-start|p1b: Great Tusk|protosynthesisatk\n|turn|4\n|inactive|LowksterP has 120 seconds left.\n|\n|t:|1695949917\n|switch|p2a: Eldegoss|Eldegoss, F, shiny|37\/100\n|move|p1a: Pawmot|Mach Punch|p2b: Dragonite\n|-resisted|p2b: Dragonite\n|-damage|p2b: Dragonite|3\/100\n|move|p1b: Great Tusk|Headlong Rush|p2a: Eldegoss\n|-resisted|p2a: Eldegoss\n|-damage|p2a: Eldegoss|0 fnt\n|-unboost|p1b: Great Tusk|def|1\n|-unboost|p1b: Great Tusk|spd|1\n|-ability|p2a: Eldegoss|Cotton Down\n|-unboost|p1a: Pawmot|spe|1\n|-unboost|p1b: Great Tusk|spe|1\n|-unboost|p2b: Dragonite|spe|1\n|faint|p2a: Eldegoss\n|move|p2b: Dragonite|Dragon Tail|p1a: Pawmot\n|-damage|p1a: Pawmot|35\/100\n|drag|p1a: Sableye|Sableye, M|100\/100\n|\n|-weather|SunnyDay|[upkeep]\n|-heal|p2b: Dragonite|9\/100|[from] item: Leftovers\n|upkeep\n|\n|t:|1695949939\n|switch|p2a: Arcanine|Arcanine, M, shiny|95\/100\n|-ability|p2a: Arcanine|Intimidate|boost\n|-unboost|p1a: Sableye|atk|1\n|-unboost|p1b: Great Tusk|atk|1\n|turn|5\n|\n|t:|1695949954\n|move|p2a: Arcanine|Mud-Slap|p1a: Sableye\n|-damage|p1a: Sableye|95\/100\n|-unboost|p1a: Sableye|accuracy|1\n|move|p2b: Dragonite|Dragon Dance|p2b: Dragonite\n|-boost|p2b: Dragonite|atk|1\n|-boost|p2b: Dragonite|spe|1\n|move|p1b: Great Tusk|Headlong Rush|p2a: Arcanine\n|-supereffective|p2a: Arcanine\n|-damage|p2a: Arcanine|0 fnt\n|-unboost|p1b: Great Tusk|def|1\n|-unboost|p1b: Great Tusk|spd|1\n|faint|p2a: Arcanine\n|move|p1a: Sableye|Foul Play|p2b: Dragonite|[miss]\n|-miss|p1a: Sableye|p2b: Dragonite\n|\n|-weather|SunnyDay|[upkeep]\n|-heal|p2b: Dragonite|15\/100|[from] item: Leftovers\n|upkeep\n|\n|t:|1695949967\n|switch|p2a: Groper|Haunter, M, shiny|100\/100\n|turn|6\n|inactive|LowksterP has 120 seconds left.\n|\n|t:|1695949976\n|move|p1a: Sableye|Encore|p2b: Dragonite|[miss]\n|-miss|p1a: Sableye|p2b: Dragonite\n|move|p2b: Dragonite|Iron Head|p1a: Sableye\n|-damage|p1a: Sableye|20\/100\n|move|p2a: Groper|Nasty Plot|p2a: Groper\n|-boost|p2a: Groper|spa|2\n|move|p1b: Great Tusk|Ice Spinner|p2b: Dragonite\n|-supereffective|p2b: Dragonite\n|-damage|p2b: Dragonite|0 fnt\n|faint|p2b: Dragonite\n|\n|-weather|SunnyDay|[upkeep]\n|upkeep\n|inactive|LowksterP has 120 seconds left.\n|\n|t:|1695949992\n|switch|p2b: Togekiss|Togekiss, F, shiny|100\/100\n|turn|7\n|\n|t:|1695950007\n|-end|p1b: Great Tusk|Protosynthesis|[silent]\n|switch|p1b: Pawmot|Pawmot, F|35\/100\n|move|p1a: Sableye|Encore|p2a: Groper\n|-start|p2a: Groper|Encore\n|move|p2a: Groper|Nasty Plot|p2a: Groper\n|-boost|p2a: Groper|spa|2\n|move|p2b: Togekiss|Ancient Power|p1b: Pawmot\n|-resisted|p1b: Pawmot\n|-damage|p1b: Pawmot|18\/100\n|\n|-weather|SunnyDay|[upkeep]\n|upkeep\n|turn|8\n|\n|t:|1695950034\n|move|p1a: Sableye|Will-O-Wisp|p2a: Groper|[miss]\n|-miss|p1a: Sableye|p2a: Groper\n|move|p1b: Pawmot|Revival Blessing|p1b: Pawmot\n|\n|t:|1695950038\n|-heal|p1: Golem|50\/100|[from] move: Revival Blessing\n|move|p2a: Groper|Nasty Plot|p2a: Groper\n|-boost|p2a: Groper|spa|2\n|move|p2b: Togekiss|Air Slash|p1b: Pawmot\n|-damage|p1b: Pawmot|0 fnt\n|faint|p1b: Pawmot\n|\n|-weather|none\n|upkeep\n|\n|t:|1695950042\n|switch|p1b: Golem|Golem-Alola, M|50\/100\n|turn|9\n|\n|t:|1695950058\n|move|p1a: Sableye|Will-O-Wisp|p2a: Groper\n|-status|p2a: Groper|brn\n|move|p2a: Groper|Nasty Plot|p2a: Groper\n|-boost|p2a: Groper|spa|0\n|move|p2b: Togekiss|Ominous Wind|p1a: Sableye\n|-damage|p1a: Sableye|0 fnt\n|faint|p1a: Sableye\n|move|p1b: Golem|Self-Destruct|p2b: Togekiss|[spread] p2a,p2b\n|-supereffective|p2b: Togekiss\n|-damage|p2a: Groper|0 fnt\n|-damage|p2b: Togekiss|0 fnt\n|faint|p1b: Golem\n|faint|p2a: Groper\n|faint|p2b: Togekiss\n|\n|upkeep\n|\n|t:|1695950077\n|switch|p2b: Kingdra|Kingdra, M, shiny|100\/100\n|switch|p1b: Ninetales|Ninetales, F|87\/100\n|switch|p1a: Altaria|Altaria, F, shiny|100\/100\n|-weather|SunnyDay|[from] ability: Drought|[of] p1b: Ninetales\n|-ability|p1a: Altaria|Cloud Nine\n|turn|10\n|\n|t:|1695950090\n|detailschange|p1a: Altaria|Altaria-Mega, F, shiny\n|-mega|p1a: Altaria|Altaria|Altarianite\n|move|p1b: Ninetales|Solar Beam||[still]\n|-prepare|p1b: Ninetales|Solar Beam\n|-anim|p1b: Ninetales|Solar Beam|p2b: Kingdra\n|-damage|p2b: Kingdra|65\/100\n|move|p2b: Kingdra|Agility|p2b: Kingdra\n|-boost|p2b: Kingdra|spe|2\n|move|p1a: Altaria|Hyper Voice|p2b: Kingdra\n|-supereffective|p2b: Kingdra\n|-damage|p2b: Kingdra|0 fnt\n|faint|p2b: Kingdra\n|\n|win|zeref203\n|raw|zeref203's rating: 1126 &rarr; <strong>1145<\/strong><br \/>(+19 for winning)\n|raw|LowksterP's rating: 1046 &rarr; <strong>1033<\/strong><br \/>(-13 for losing)\n|l|\u2606LowksterP\n","uploadtime":1695950107,"views":12,"p1id":"zeref203","p2id":"lowksterp","formatid":"gen9nationaldexdoubles","rating":1033,"private":0,"password":""}