{"id":"gen9nationaldexdoubles-1954666948","p1":"Nyata","p2":"the mudkip warrior","format":"[Gen 9] National Dex Doubles","log":"|j|\u2606Nyata\n|j|\u2606the mudkip warrior\n|t:|1695916862\n|gametype|doubles\n|player|p1|Nyata|266|1335\n|player|p2|the mudkip warrior|acetrainer-gen4dp|1609\n|teamsize|p1|6\n|teamsize|p2|6\n|gen|9\n|tier|[Gen 9] National Dex Doubles\n|rated|\n|rule|HP Percentage Mod: HP is shown in percentages\n|rule|Endless Battle Clause: Forcing endless battles is banned\n|rule|OHKO Clause: OHKO moves are banned\n|rule|Evasion Moves Clause: Evasion moves are banned\n|rule|Evasion Abilities Clause: Evasion abilities are banned\n|rule|Species Clause: Limit one of each Pok\u00e9mon\n|rule|Gravity Sleep Clause: The combination of sleep-inducing moves with imperfect accuracy and Gravity or Gigantamax Orbeetle are banned\n|clearpoke\n|poke|p1|Cradily, F|\n|poke|p1|Aerodactyl, M|\n|poke|p1|Arcanine-Hisui, F|\n|poke|p1|Nihilego|\n|poke|p1|Tyranitar, M|\n|poke|p1|Aggron, F|\n|poke|p2|Chien-Pao|\n|poke|p2|Charizard, M|\n|poke|p2|Flutter Mane|\n|poke|p2|Tornadus, M|\n|poke|p2|Dragonite, F|\n|poke|p2|Brambleghast, M|\n|teampreview\n|c|\u2606the mudkip warrior|gl\n|\n|t:|1695916878\n|start\n|switch|p1a: Aerodactyl|Aerodactyl, M|100\/100\n|switch|p1b: Arcanine|Arcanine-Hisui, F|100\/100\n|switch|p2a: Al'akir|Tornadus, M|100\/100\n|switch|p2b: Trailblazer|Brambleghast, M|100\/100\n|-ability|p1a: Aerodactyl|Unnerve\n|turn|1\n|c|\u2606Nyata|u too\n|\n|t:|1695916901\n|move|p2a: Al'akir|Tailwind|p2a: Al'akir\n|-sidestart|p2: the mudkip warrior|move: Tailwind\n|-ability|p2b: Trailblazer|Wind Rider|boost\n|-boost|p2b: Trailblazer|atk|1\n|move|p2b: Trailblazer|Phantom Force||[still]\n|-prepare|p2b: Trailblazer|Phantom Force\n|move|p1a: Aerodactyl|Tailwind|p1a: Aerodactyl\n|-sidestart|p1: Nyata|move: Tailwind\n|move|p1b: Arcanine|Flare Blitz|p2b: Trailblazer|[miss]\n|-miss|p1b: Arcanine|p2b: Trailblazer\n|\n|upkeep\n|turn|2\n|\n|t:|1695916936\n|switch|p1b: Tyranitar|Tyranitar, M|100\/100\n|-weather|Sandstorm|[from] ability: Sand Stream|[of] p1b: Tyranitar\n|move|p2a: Al'akir|Taunt|p1a: Aerodactyl\n|-start|p1a: Aerodactyl|move: Taunt\n|move|p1a: Aerodactyl|Sky Drop||[still]\n|-prepare|p1a: Aerodactyl|Sky Drop|p2a: Al'akir\n|move|p2b: Trailblazer|Phantom Force|p1a: Aerodactyl|[from]lockedmove|[miss]\n|-miss|p2b: Trailblazer|p1a: Aerodactyl\n|\n|-weather|Sandstorm|[upkeep]\n|-damage|p2b: Trailblazer|95\/100|[from] Sandstorm\n|-damage|p2a: Al'akir|94\/100|[from] Sandstorm\n|upkeep\n|turn|3\n|\n|t:|1695916960\n|switch|p1b: Arcanine|Arcanine-Hisui, F|100\/100\n|move|p1a: Aerodactyl|Sky Drop|p2a: Al'akir|[from]lockedmove\n|-immune|p2a: Al'akir\n|move|p2b: Trailblazer|Power Whip|p1b: Arcanine\n|-damage|p1b: Arcanine|0 fnt\n|faint|p1b: Arcanine\n|move|p2a: Al'akir|Bleakwind Storm|p1a: Aerodactyl\n|-resisted|p1a: Aerodactyl\n|-damage|p1a: Aerodactyl|80\/100\n|-enditem|p1a: Aerodactyl|Red Card|[of] p2a: Al'akir\n|drag|p2a: Dolce|Dragonite, F|100\/100\n|\n|-weather|Sandstorm|[upkeep]\n|-damage|p2b: Trailblazer|89\/100|[from] Sandstorm\n|-damage|p2a: Dolce|94\/100|[from] Sandstorm\n|upkeep\n|\n|t:|1695916971\n|switch|p1b: Nihilego|Nihilego|100\/100\n|turn|4\n|\n|t:|1695916990\n|move|p1a: Aerodactyl|Sky Drop||[still]\n|-prepare|p1a: Aerodactyl|Sky Drop|p2b: Trailblazer\n|move|p1b: Nihilego|Meteor Beam||[still]\n|-prepare|p1b: Nihilego|Meteor Beam\n|-boost|p1b: Nihilego|spa|1\n|-enditem|p1b: Nihilego|Power Herb\n|-anim|p1b: Nihilego|Meteor Beam|p2a: Dolce\n|-supereffective|p2a: Dolce\n|-damage|p2a: Dolce|0 fnt\n|faint|p2a: Dolce\n|-ability|p1b: Nihilego|Beast Boost|boost\n|-boost|p1b: Nihilego|spa|1\n|\n|-weather|Sandstorm|[upkeep]\n|-damage|p2b: Trailblazer|83\/100|[from] Sandstorm\n|-end|p1a: Aerodactyl|move: Taunt\n|-sideend|p2: the mudkip warrior|move: Tailwind\n|-sideend|p1: Nyata|move: Tailwind\n|upkeep\n|\n|t:|1695917004\n|switch|p2a: Galakrond|Charizard, M, shiny|100\/100\n|turn|5\n|\n|t:|1695917025\n|detailschange|p2a: Galakrond|Charizard-Mega-Y, M, shiny\n|-mega|p2a: Galakrond|Charizard|Charizardite Y\n|-weather|SunnyDay|[from] ability: Drought|[of] p2a: Galakrond\n|-terastallize|p1b: Nihilego|Flying\n|move|p2a: Galakrond|Protect|p2a: Galakrond\n|-singleturn|p2a: Galakrond|Protect\n|move|p1a: Aerodactyl|Sky Drop|p2b: Trailblazer|[from]lockedmove\n|-supereffective|p2b: Trailblazer\n|-damage|p2b: Trailblazer|0 fnt\n|faint|p2b: Trailblazer\n|move|p1b: Nihilego|Sludge Wave|p2a: Galakrond|[spread] p1a\n|-activate|p2a: Galakrond|move: Protect\n|-resisted|p1a: Aerodactyl\n|-damage|p1a: Aerodactyl|35\/100\n|\n|-weather|SunnyDay|[upkeep]\n|upkeep\n|\n|t:|1695917046\n|switch|p2b: Lorna|Flutter Mane|100\/100\n|-activate|p2b: Lorna|ability: Protosynthesis\n|-start|p2b: Lorna|protosynthesisspe\n|turn|6\n|\n|t:|1695917076\n|switch|p1a: Tyranitar|Tyranitar, M|100\/100\n|-weather|Sandstorm|[from] ability: Sand Stream|[of] p1a: Tyranitar\n|-end|p2b: Lorna|Protosynthesis\n|switch|p2a: Al'akir|Tornadus, M|94\/100\n|move|p2b: Lorna|Shadow Ball|p1b: Nihilego\n|-damage|p1b: Nihilego|60\/100\n|-damage|p2b: Lorna|91\/100|[from] item: Life Orb\n|move|p1b: Nihilego|Sludge Wave|p2b: Lorna|[spread] p1a,p2a,p2b\n|-resisted|p1a: Tyranitar\n|-damage|p1a: Tyranitar|78\/100\n|-damage|p2a: Al'akir|26\/100\n|-damage|p2b: Lorna|20\/100\n|\n|-weather|Sandstorm|[upkeep]\n|-damage|p2b: Lorna|14\/100|[from] Sandstorm\n|-damage|p1b: Nihilego|54\/100|[from] Sandstorm\n|-damage|p2a: Al'akir|20\/100|[from] Sandstorm\n|upkeep\n|turn|7\n|\n|t:|1695917094\n|move|p2a: Al'akir|Tailwind|p2a: Al'akir\n|-sidestart|p2: the mudkip warrior|move: Tailwind\n|move|p2b: Lorna|Dazzling Gleam|p1a: Tyranitar|[spread] p1a,p1b\n|-supereffective|p1a: Tyranitar\n|-damage|p1a: Tyranitar|23\/100\n|-damage|p1b: Nihilego|25\/100\n|-damage|p2b: Lorna|4\/100|[from] item: Life Orb\n|move|p1b: Nihilego|Sludge Wave|p2a: Al'akir|[spread] p1a,p2a,p2b\n|-resisted|p1a: Tyranitar\n|-damage|p1a: Tyranitar|0 fnt\n|-damage|p2a: Al'akir|0 fnt\n|-damage|p2b: Lorna|0 fnt\n|faint|p1a: Tyranitar\n|faint|p2a: Al'akir\n|faint|p2b: Lorna\n|-end|p2b: Lorna|Protosynthesis|[silent]\n|-ability|p1b: Nihilego|Beast Boost|boost\n|-boost|p1b: Nihilego|spa|3\n|\n|-weather|Sandstorm|[upkeep]\n|-damage|p1b: Nihilego|19\/100|[from] Sandstorm\n|upkeep\n|\n|t:|1695917112\n|switch|p2b: Galakrond|Charizard-Mega-Y, M, shiny|100\/100\n|switch|p2a: Yusuke|Chien-Pao|100\/100\n|switch|p1a: Aerodactyl|Aerodactyl, M|35\/100\n|-ability|p1a: Aerodactyl|Unnerve\n|-ability|p2a: Yusuke|Sword of Ruin\n|-weather|SunnyDay|[from] ability: Drought|[of] p2b: Galakrond\n|turn|8\n|\n|t:|1695917131\n|move|p1b: Nihilego|Protect|p1b: Nihilego\n|-singleturn|p1b: Nihilego|Protect\n|move|p2a: Yusuke|Ice Spinner|p1b: Nihilego\n|-activate|p1b: Nihilego|move: Protect\n|move|p2b: Galakrond|Solar Beam||[still]\n|-prepare|p2b: Galakrond|Solar Beam\n|-anim|p2b: Galakrond|Solar Beam|p1a: Aerodactyl\n|-damage|p1a: Aerodactyl|0 fnt\n|faint|p1a: Aerodactyl\n|\n|-weather|SunnyDay|[upkeep]\n|upkeep\n|\n|t:|1695917140\n|switch|p1a: Cradily|Cradily, F|100\/100\n|turn|9\n|\n|t:|1695917150\n|move|p2a: Yusuke|Ice Spinner|p1b: Nihilego\n|-supereffective|p1b: Nihilego\n|-damage|p1b: Nihilego|0 fnt\n|faint|p1b: Nihilego\n|move|p2b: Galakrond|Heat Wave|p1a: Cradily\n|-damage|p1a: Cradily|45\/100\n|move|p1a: Cradily|Meteor Beam||[still]\n|-prepare|p1a: Cradily|Meteor Beam\n|-boost|p1a: Cradily|spa|1\n|-enditem|p1a: Cradily|Power Herb\n|-anim|p1a: Cradily|Meteor Beam|p2b: Galakrond\n|-supereffective|p2b: Galakrond\n|-damage|p2b: Galakrond|0 fnt\n|faint|p2b: Galakrond\n|\n|-weather|SunnyDay|[upkeep]\n|upkeep\n|\n|t:|1695917153\n|switch|p1b: Aggron|Aggron, F|100\/100\n|turn|10\n|\n|t:|1695917162\n|detailschange|p1b: Aggron|Aggron-Mega, F\n|-mega|p1b: Aggron|Aggron|Aggronite\n|-terastallize|p2a: Yusuke|Dark\n|move|p2a: Yusuke|Sacred Sword|p1a: Cradily\n|-supereffective|p1a: Cradily\n|-damage|p1a: Cradily|0 fnt\n|faint|p1a: Cradily\n|move|p1b: Aggron|Body Press|p2a: Yusuke\n|-supereffective|p2a: Yusuke\n|-enditem|p2a: Yusuke|Focus Sash\n|-damage|p2a: Yusuke|1\/100\n|\n|-weather|SunnyDay|[upkeep]\n|-sideend|p2: the mudkip warrior|move: Tailwind\n|upkeep\n|turn|11\n|c|\u2606the mudkip warrior|no\n|c|\u2606the mudkip warrior|my rank\n|c|\u2606the mudkip warrior|this cant be\n|c|\u2606Nyata|:(\n|c|\u2606Nyata|i dont think you ohko this\n|\n|t:|1695917203\n|move|p2a: Yusuke|Sacred Sword|p1b: Aggron\n|-supereffective|p1b: Aggron\n|-damage|p1b: Aggron|78\/100\n|move|p1b: Aggron|Body Press|p2a: Yusuke\n|-supereffective|p2a: Yusuke\n|-damage|p2a: Yusuke|0 fnt\n|faint|p2a: Yusuke\n|\n|win|Nyata\n|raw|Nyata's rating: 1335 &rarr; <strong>1368<\/strong><br \/>(+33 for winning)\n|raw|the mudkip warrior's rating: 1609 &rarr; <strong>1576<\/strong><br \/>(-33 for losing)\n|c|\u2606Nyata|gg\n|c|\u2606the mudkip warrior|ive fallen hard\n|c|\u2606Nyata|:((\n|c|\u2606the mudkip warrior|but youve won fair and square dude\n|c|\u2606the mudkip warrior|gg\n|l|\u2606the mudkip warrior\n","uploadtime":1695917244,"views":7,"p1id":"nyata","p2id":"themudkipwarrior","formatid":"gen9nationaldexdoubles","rating":1368,"private":0,"password":""}