{"id":"gen9nationaldexdoubles-1975081111","p1":"lvBreakfast","p2":"Nerdygolem513","format":"[Gen 9] National Dex Doubles","log":"|j|\u2606lvBreakfast\n|j|\u2606Nerdygolem513\n|t:|1698160420\n|gametype|doubles\n|player|p1|lvBreakfast|clerkf|1259\n|player|p2|Nerdygolem513|skullgrunt|1354\n|teamsize|p1|6\n|teamsize|p2|6\n|gen|9\n|tier|[Gen 9] National Dex Doubles\n|rated|\n|rule|HP Percentage Mod: HP is shown in percentages\n|rule|Endless Battle Clause: Forcing endless battles is banned\n|rule|OHKO Clause: OHKO moves are banned\n|rule|Evasion Moves Clause: Evasion moves are banned\n|rule|Evasion Abilities Clause: Evasion abilities are banned\n|rule|Species Clause: Limit one of each Pok\u00e9mon\n|rule|Gravity Sleep Clause: The combination of sleep-inducing moves with imperfect accuracy and Gravity or Gigantamax Orbeetle are banned\n|clearpoke\n|poke|p1|Emolga, M|\n|poke|p1|Golisopod, F|\n|poke|p1|Rillaboom, F|\n|poke|p1|Comfey, F|\n|poke|p1|Incineroar, M|\n|poke|p1|Weavile, F|\n|poke|p2|Tapu Koko|\n|poke|p2|Indeedee-F, F|\n|poke|p2|Raichu-Alola, M|\n|poke|p2|Alakazam, F|\n|poke|p2|Iron Valiant|\n|poke|p2|Farigiraf, F|\n|teampreview\n|inactive|Battle timer is ON: inactive players will automatically lose when time's up. (requested by lvBreakfast)\n|\n|t:|1698160434\n|start\n|switch|p1a: Chien Pao|Weavile, F|100\/100\n|switch|p1b: Emolga|Emolga, M|100\/100\n|switch|p2a: Tapu Koko|Tapu Koko|100\/100\n|switch|p2b: Raichu|Raichu-Alola, M|100\/100\n|-fieldstart|move: Electric Terrain|[from] ability: Electric Surge|[of] p2a: Tapu Koko\n|turn|1\n|\n|t:|1698160450\n|move|p2b: Raichu|Rising Voltage|p1a: Chien Pao\n|-hint|Rising Voltage's BP doubled on grounded target.\n|-enditem|p1a: Chien Pao|Focus Sash\n|-damage|p1a: Chien Pao|1\/100\n|-damage|p2b: Raichu|91\/100|[from] item: Life Orb\n|move|p2a: Tapu Koko|Thunder Punch|p1a: Chien Pao\n|-damage|p1a: Chien Pao|0 fnt\n|faint|p1a: Chien Pao\n|move|p1b: Emolga|Acrobatics|p2b: Raichu\n|-resisted|p2b: Raichu\n|-damage|p2b: Raichu|74\/100\n|\n|upkeep\n|\n|t:|1698160465\n|switch|p1a: Golisopod|Golisopod, F|100\/100\n|turn|2\n|\n|t:|1698160482\n|switch|p2a: Farigiraf|Farigiraf, F|100\/100\n|move|p1a: Golisopod|First Impression||[still]\n|cant|p2a: Farigiraf|ability: Armor Tail|First Impression|[of] p1a: Golisopod\n|move|p2b: Raichu|Rising Voltage|p1a: Golisopod\n|-hint|Rising Voltage's BP doubled on grounded target.\n|-supereffective|p1a: Golisopod\n|-crit|p1a: Golisopod\n|-damage|p1a: Golisopod|0 fnt\n|faint|p1a: Golisopod\n|-damage|p2b: Raichu|64\/100|[from] item: Life Orb\n|move|p1b: Emolga|Nuzzle|p2b: Raichu\n|-resisted|p2b: Raichu\n|-damage|p2b: Raichu|58\/100\n|\n|upkeep\n|\n|t:|1698160488\n|switch|p1a: Rillaboom|Rillaboom, F|100\/100\n|-fieldstart|move: Grassy Terrain|[from] ability: Grassy Surge|[of] p1a: Rillaboom\n|turn|3\n|\n|t:|1698160503\n|switch|p2a: Indeedee|Indeedee-F, F|100\/100\n|-fieldstart|move: Psychic Terrain|[from] ability: Psychic Surge|[of] p2a: Indeedee\n|move|p2b: Raichu|Expanding Force|p1b: Emolga|[spread] p1a,p1b\n|-crit|p1a: Rillaboom\n|-damage|p1a: Rillaboom|25\/100\n|-damage|p1b: Emolga|0 fnt\n|faint|p1b: Emolga\n|-damage|p2b: Raichu|48\/100|[from] item: Life Orb\n|move|p1a: Rillaboom|U-turn|p2b: Raichu\n|-supereffective|p2b: Raichu\n|-damage|p2b: Raichu|0 fnt\n|faint|p2b: Raichu\n|\n|t:|1698160512\n|switch|p1a: Incineroar|Incineroar, M|100\/100|[from] U-turn\n|-ability|p1a: Incineroar|Intimidate|boost\n|-unboost|p2a: Indeedee|atk|1\n|\n|upkeep\n|\n|t:|1698160522\n|switch|p2b: Iron Valiant|Iron Valiant|100\/100\n|switch|p1b: Rillaboom|Rillaboom, F|25\/100\n|-fieldstart|move: Grassy Terrain|[from] ability: Grassy Surge|[of] p1b: Rillaboom\n|turn|4\n|\n|t:|1698160542\n|switch|p2a: Farigiraf|Farigiraf, F|100\/100\n|move|p1b: Rillaboom|Grassy Glide||[still]\n|cant|p2a: Farigiraf|ability: Armor Tail|Grassy Glide|[of] p1b: Rillaboom\n|move|p2b: Iron Valiant|Close Combat|p1a: Incineroar\n|-supereffective|p1a: Incineroar\n|-damage|p1a: Incineroar|0 fnt\n|-unboost|p2b: Iron Valiant|def|1\n|-unboost|p2b: Iron Valiant|spd|1\n|faint|p1a: Incineroar\n|\n|-heal|p1b: Rillaboom|31\/100|[from] Grassy Terrain\n|upkeep\n|\n|t:|1698160544\n|switch|p1a: Comfey|Comfey, F|100\/100\n|turn|5\n|\n|t:|1698160562\n|-end|p2b: Iron Valiant|Quark Drive|[silent]\n|switch|p2b: Tapu Koko|Tapu Koko|100\/100\n|-fieldstart|move: Electric Terrain|[from] ability: Electric Surge|[of] p2b: Tapu Koko\n|move|p1a: Comfey|Floral Healing|p1b: Rillaboom\n|-heal|p1b: Rillaboom|81\/100\n|move|p1b: Rillaboom|Drain Punch|p2a: Farigiraf\n|-damage|p2a: Farigiraf|71\/100\n|-heal|p1b: Rillaboom|99\/100|[from] drain|[of] p2a: Farigiraf\n|move|p2a: Farigiraf|Wish|p2a: Farigiraf\n|\n|upkeep\n|turn|6\n|\n|t:|1698160577\n|move|p1a: Comfey|Floral Healing|p1b: Rillaboom\n|-heal|p1b: Rillaboom|100\/100\n|move|p2b: Tapu Koko|Brave Bird|p1b: Rillaboom\n|-supereffective|p1b: Rillaboom\n|-damage|p1b: Rillaboom|34\/100\n|-damage|p2b: Tapu Koko|72\/100|[from] Recoil\n|move|p1b: Rillaboom|Grassy Glide|p2a: Farigiraf\n|-damage|p2a: Farigiraf|41\/100\n|move|p2a: Farigiraf|Hyper Voice|p1b: Rillaboom|[spread] p1a,p1b\n|-damage|p1a: Comfey|74\/100\n|-damage|p1b: Rillaboom|15\/100\n|\n|-heal|p2a: Farigiraf|91\/100|[from] move: Wish|[wisher] Farigiraf\n|upkeep\n|turn|7\n|\n|t:|1698160600\n|-terastallize|p1b: Rillaboom|Water\n|move|p1a: Comfey|Floral Healing|p1b: Rillaboom\n|-heal|p1b: Rillaboom|65\/100\n|move|p2b: Tapu Koko|Brave Bird|p1b: Rillaboom\n|-damage|p1b: Rillaboom|29\/100\n|-damage|p2b: Tapu Koko|56\/100|[from] Recoil\n|move|p1b: Rillaboom|Grassy Glide|p2b: Tapu Koko\n|-damage|p2b: Tapu Koko|13\/100\n|move|p2a: Farigiraf|Wish|p2a: Farigiraf\n|\n|upkeep\n|turn|8\n|\n|t:|1698160615\n|move|p1a: Comfey|Draining Kiss||[still]\n|cant|p2a: Farigiraf|ability: Armor Tail|Draining Kiss|[of] p1a: Comfey\n|move|p2a: Farigiraf|Ally Switch|p2a: Farigiraf\n|swap|p2a: Farigiraf|1|[from] move: Ally Switch\n|move|p2a: Tapu Koko|Thunder Punch|p1b: Rillaboom\n|-supereffective|p1b: Rillaboom\n|-damage|p1b: Rillaboom|0 fnt\n|faint|p1b: Rillaboom\n|\n|-heal|p2a: Tapu Koko|92\/100|[from] move: Wish|[wisher] Farigiraf\n|upkeep\n|turn|9\n|-message|lvBreakfast forfeited.\n|\n|win|Nerdygolem513\n|raw|lvBreakfast's rating: 1259 &rarr; <strong>1241<\/strong><br \/>(-18 for losing)\n|raw|Nerdygolem513's rating: 1354 &rarr; <strong>1369<\/strong><br \/>(+15 for winning)\n","uploadtime":1698160630,"views":7,"p1id":"lvbreakfast","p2id":"nerdygolem513","formatid":"gen9nationaldexdoubles","rating":1241,"private":0,"password":""}