{"id":"gen9nationaldexdoubles-1981218434","p1":"Trainer Pyrus","p2":"understablylame","format":"[Gen 9] National Dex Doubles","log":"|j|\u2606Trainer Pyrus\n|j|\u2606understablylame\n|t:|1698873462\n|gametype|doubles\n|player|p1|Trainer Pyrus|n-masters|1074\n|player|p2|understablylame|youngcouple|1035\n|teamsize|p1|6\n|teamsize|p2|6\n|gen|9\n|tier|[Gen 9] National Dex Doubles\n|rated|\n|rule|HP Percentage Mod: HP is shown in percentages\n|rule|Endless Battle Clause: Forcing endless battles is banned\n|rule|OHKO Clause: OHKO moves are banned\n|rule|Evasion Moves Clause: Evasion moves are banned\n|rule|Evasion Abilities Clause: Evasion abilities are banned\n|rule|Species Clause: Limit one of each Pok\u00e9mon\n|rule|Gravity Sleep Clause: The combination of sleep-inducing moves with imperfect accuracy and Gravity or Gigantamax Orbeetle are banned\n|clearpoke\n|poke|p1|Infernape, M|\n|poke|p1|Golurk|\n|poke|p1|Scizor, F|\n|poke|p1|Lapras, F|\n|poke|p1|Salamence, M|\n|poke|p1|Farigiraf, F|\n|poke|p2|Falinks|\n|poke|p2|Eevee, F|\n|poke|p2|Latios, M|\n|poke|p2|Clefable, F|\n|poke|p2|Alomomola, F|\n|poke|p2|Flamigo, M|\n|teampreview\n|c|\u2606Trainer Pyrus|glhf\n|inactive|Battle timer is ON: inactive players will automatically lose when time's up. (requested by understablylame)\n|\n|t:|1698873485\n|start\n|switch|p1a: Wukong|Infernape, M|100\/100\n|switch|p1b: Hippolyta|Scizor, F|100\/100\n|switch|p2a: Eevee|Eevee, F|100\/100\n|switch|p2b: Latios|Latios, M|100\/100\n|-ability|p2a: Eevee|Anticipation\n|turn|1\n|\n|t:|1698873498\n|detailschange|p2b: Latios|Latios-Mega, M\n|-mega|p2b: Latios|Latios|Latiosite\n|move|p1a: Wukong|Fake Out|p2b: Latios\n|-damage|p2b: Latios|91\/100\n|cant|p2b: Latios|flinch\n|-zpower|p2a: Eevee\n|move|p2a: Eevee|Extreme Evoboost|p2a: Eevee\n|-boost|p2a: Eevee|atk|2\n|-boost|p2a: Eevee|def|2\n|-boost|p2a: Eevee|spa|2\n|-boost|p2a: Eevee|spd|2\n|-boost|p2a: Eevee|spe|2\n|move|p1b: Hippolyta|Tailwind|p1b: Hippolyta\n|-sidestart|p1: Trainer Pyrus|move: Tailwind\n|\n|upkeep\n|turn|2\n|\n|t:|1698873513\n|move|p1a: Wukong|Aura Sphere|p2a: Eevee\n|-supereffective|p2a: Eevee\n|-damage|p2a: Eevee|45\/100\n|move|p2a: Eevee|Baton Pass|p2a: Eevee\n|\n|t:|1698873522\n|switch|p2a: Alomomola|Alomomola, F|100\/100|[from] Baton Pass\n|move|p2b: Latios|Memento|p1b: Hippolyta\n|-fail|p1b: Hippolyta|unboost|[from] item: Clear Amulet|[of] p1b: Hippolyta\n|faint|p2b: Latios\n|move|p1b: Hippolyta|Bug Bite|p2a: Alomomola\n|-damage|p2a: Alomomola|85\/100\n|\n|-heal|p2a: Alomomola|91\/100|[from] item: Leftovers\n|upkeep\n|\n|t:|1698873524\n|switch|p2b: Clefable|Clefable, F|100\/100\n|turn|3\n|\n|t:|1698873541\n|move|p1b: Hippolyta|Bullet Punch|p2b: Clefable\n|-supereffective|p2b: Clefable\n|-damage|p2b: Clefable|41\/100\n|move|p1a: Wukong|Nasty Plot|p1a: Wukong\n|-boost|p1a: Wukong|spa|2\n|move|p2a: Alomomola|Aqua Ring|p2a: Alomomola\n|-start|p2a: Alomomola|Aqua Ring\n|move|p2b: Clefable|Chilling Water|p1b: Hippolyta\n|-damage|p1b: Hippolyta|88\/100\n|\n|-heal|p2a: Alomomola|97\/100|[from] item: Leftovers\n|-heal|p2b: Clefable|47\/100|[from] item: Leftovers\n|-heal|p2a: Alomomola|100\/100|[from] Aqua Ring\n|upkeep\n|turn|4\n|\n|t:|1698873569\n|move|p1b: Hippolyta|Bullet Punch|p2b: Clefable\n|-supereffective|p2b: Clefable\n|-damage|p2b: Clefable|0 fnt\n|faint|p2b: Clefable\n|move|p1a: Wukong|Aura Sphere|p2a: Alomomola\n|-damage|p2a: Alomomola|57\/100\n|move|p2a: Alomomola|Baton Pass|p2a: Alomomola\n|\n|t:|1698873575\n|switch|p2a: Falinks|Falinks|100\/100|[from] Baton Pass\n|\n|-sideend|p1: Trainer Pyrus|move: Tailwind\n|upkeep\n|\n|t:|1698873578\n|switch|p2b: Flamigo|Flamigo, M|100\/100\n|-copyboost|p2b: Flamigo|p2a: Falinks|[from] ability: Costar\n|turn|5\n|\n|t:|1698873588\n|move|p2a: Falinks|No Retreat|p2a: Falinks\n|-boost|p2a: Falinks|atk|1\n|-boost|p2a: Falinks|def|1\n|-boost|p2a: Falinks|spa|1\n|-boost|p2a: Falinks|spd|1\n|-boost|p2a: Falinks|spe|1\n|-start|p2a: Falinks|move: No Retreat\n|move|p2b: Flamigo|Copycat|p2b: Flamigo\n|move|p2b: Flamigo|No Retreat|p2b: Flamigo|[from]move: Copycat\n|-boost|p2b: Flamigo|atk|1\n|-boost|p2b: Flamigo|def|1\n|-boost|p2b: Flamigo|spa|1\n|-boost|p2b: Flamigo|spd|1\n|-boost|p2b: Flamigo|spe|1\n|-start|p2b: Flamigo|move: No Retreat\n|move|p1a: Wukong|Heat Wave|p2a: Falinks|[spread] p2a,p2b\n|-damage|p2a: Falinks|59\/100\n|-damage|p2b: Flamigo|74\/100\n|-status|p2a: Falinks|brn\n|move|p1b: Hippolyta|Dual Wingbeat|p2b: Flamigo\n|-supereffective|p2b: Flamigo\n|-damage|p2b: Flamigo|56\/100\n|-supereffective|p2b: Flamigo\n|-damage|p2b: Flamigo|36\/100\n|-hitcount|p2b: Flamigo|2\n|\n|-heal|p2a: Falinks|65\/100 brn|[from] item: Leftovers\n|-heal|p2b: Flamigo|42\/100|[from] item: Leftovers\n|-heal|p2a: Falinks|71\/100 brn|[from] Aqua Ring\n|-damage|p2a: Falinks|65\/100 brn|[from] brn\n|upkeep\n|turn|6\n|\n|t:|1698873611\n|move|p2a: Falinks|Rock Slide|p1a: Wukong|[spread] p1a,p1b\n|-crit|p1a: Wukong\n|-damage|p1a: Wukong|58\/100\n|-damage|p1b: Hippolyta|72\/100\n|move|p2b: Flamigo|Dual Wingbeat|p1a: Wukong\n|-supereffective|p1a: Wukong\n|-damage|p1a: Wukong|0 fnt\n|faint|p1a: Wukong\n|-hitcount|p1: Wukong|1\n|move|p1b: Hippolyta|Tailwind|p1b: Hippolyta\n|-sidestart|p1: Trainer Pyrus|move: Tailwind\n|\n|-heal|p2a: Falinks|71\/100 brn|[from] item: Leftovers\n|-heal|p2b: Flamigo|48\/100|[from] item: Leftovers\n|-heal|p2a: Falinks|77\/100 brn|[from] Aqua Ring\n|-damage|p2a: Falinks|71\/100 brn|[from] brn\n|upkeep\n|\n|t:|1698873622\n|switch|p1a: Typhon|Salamence, M|100\/100\n|-ability|p1a: Typhon|Intimidate|boost\n|-unboost|p2a: Falinks|atk|1\n|-unboost|p2b: Flamigo|atk|1\n|turn|7\n|\n|t:|1698873628\n|move|p2a: Falinks|Rock Slide|p1a: Typhon|[spread] p1a,p1b\n|-supereffective|p1a: Typhon\n|-damage|p1a: Typhon|70\/100\n|-damage|p1b: Hippolyta|60\/100\n|move|p1a: Typhon|Dual Wingbeat|p2b: Flamigo\n|-supereffective|p2b: Flamigo\n|-crit|p2b: Flamigo\n|-damage|p2b: Flamigo|0 fnt\n|faint|p2b: Flamigo\n|-hitcount|p2: Flamigo|1\n|-damage|p1a: Typhon|60\/100|[from] item: Life Orb\n|move|p1b: Hippolyta|Dual Wingbeat|p2a: Falinks\n|-supereffective|p2a: Falinks\n|-damage|p2a: Falinks|53\/100 brn\n|-supereffective|p2a: Falinks\n|-damage|p2a: Falinks|35\/100 brn\n|-hitcount|p2a: Falinks|2\n|\n|-heal|p2a: Falinks|41\/100 brn|[from] item: Leftovers\n|-heal|p2a: Falinks|47\/100 brn|[from] Aqua Ring\n|-damage|p2a: Falinks|41\/100 brn|[from] brn\n|upkeep\n|l|\u2606understablylame\n|inactive|understablylame disconnected and has a minute to reconnect!\n|player|p2|\n|inactive|understablylame has 30 seconds to reconnect!\n|inactive|understablylame has 20 seconds to reconnect!\n|inactive|understablylame has 15 seconds to reconnect!\n|inactive|understablylame has 10 seconds to reconnect!\n|inactive|understablylame has 5 seconds to reconnect!\n|-message|understablylame lost due to inactivity.\n|\n|win|Trainer Pyrus\n|raw|Trainer Pyrus's rating: 1074 &rarr; <strong>1100<\/strong><br \/>(+26 for winning)\n|raw|understablylame's rating: 1035 &rarr; <strong>1021<\/strong><br \/>(-14 for losing)\n","uploadtime":1698873711,"views":6,"p1id":"trainerpyrus","p2id":"understablylame","formatid":"gen9nationaldexdoubles","rating":1021,"private":0,"password":""}