{"id":"gen9nationaldexdoubles-1993625970","p1":"sussyspongers","p2":"LightOfTheRuin","format":"[Gen 9] National Dex Doubles","log":"|j|\u2606sussyspongers\n|j|\u2606LightOfTheRuin\n|t:|1700338914\n|gametype|doubles\n|player|p1|sussyspongers|101|1297\n|player|p2|LightOfTheRuin|mallow-masters|1285\n|teamsize|p1|6\n|teamsize|p2|6\n|gen|9\n|tier|[Gen 9] National Dex Doubles\n|rated|\n|rule|HP Percentage Mod: HP is shown in percentages\n|rule|Endless Battle Clause: Forcing endless battles is banned\n|rule|OHKO Clause: OHKO moves are banned\n|rule|Evasion Moves Clause: Evasion moves are banned\n|rule|Evasion Abilities Clause: Evasion abilities are banned\n|rule|Species Clause: Limit one of each Pok\u00e9mon\n|rule|Gravity Sleep Clause: The combination of sleep-inducing moves with imperfect accuracy and Gravity or Gigantamax Orbeetle are banned\n|clearpoke\n|poke|p1|Incineroar, F|\n|poke|p1|Torkoal, M|\n|poke|p1|Tornadus, M|\n|poke|p1|Venusaur, F|\n|poke|p1|Arcanine-Hisui, M|\n|poke|p1|Flutter Mane|\n|poke|p2|Cherrim, F|\n|poke|p2|Lurantis, F|\n|poke|p2|Charizard, M|\n|poke|p2|Malamar, F|\n|poke|p2|Walking Wake|\n|poke|p2|Golurk|\n|teampreview\n|\n|t:|1700338923\n|start\n|switch|p1a: Incineroar|Incineroar, F|100\/100\n|switch|p1b: Arcanine|Arcanine-Hisui, M|100\/100\n|switch|p2a: Apollo|Charizard, M|100\/100\n|switch|p2b: Poseidon|Walking Wake|100\/100\n|-ability|p1b: Arcanine|Intimidate|boost\n|-unboost|p2a: Apollo|atk|1\n|-unboost|p2b: Poseidon|atk|1\n|-ability|p1a: Incineroar|Intimidate|boost\n|-unboost|p2a: Apollo|atk|1\n|-unboost|p2b: Poseidon|atk|1\n|turn|1\n|\n|t:|1700338932\n|switch|p1b: Tornadus|Tornadus, M|100\/100\n|switch|p1a: Torkoal|Torkoal, M|100\/100\n|-weather|SunnyDay|[from] ability: Drought|[of] p1a: Torkoal\n|-activate|p2b: Poseidon|ability: Protosynthesis\n|-start|p2b: Poseidon|protosynthesisspa\n|move|p2a: Apollo|Protect|p2a: Apollo\n|-singleturn|p2a: Apollo|Protect\n|move|p2b: Poseidon|Flip Turn|p1b: Tornadus\n|-damage|p1b: Tornadus|96\/100\n|\n|t:|1700338944\n|-end|p2b: Poseidon|Protosynthesis|[silent]\n|switch|p2b: Eos|Cherrim, F, shiny|100\/100|[from] Flip Turn\n|-formechange|p2b: Eos|Cherrim-Sunshine|[msg]|[from] ability: Flower Gift\n|\n|-weather|SunnyDay|[upkeep]\n|upkeep\n|turn|2\n|\n|t:|1700338954\n|switch|p2a: Poseidon|Walking Wake|100\/100\n|-activate|p2a: Poseidon|ability: Protosynthesis\n|-start|p2a: Poseidon|protosynthesisspa\n|move|p1b: Tornadus|Tailwind|p1b: Tornadus\n|-sidestart|p1: sussyspongers|move: Tailwind\n|move|p2b: Eos|Pollen Puff|p2a: Poseidon\n|-immune|p2a: Poseidon\n|move|p1a: Torkoal|Rock Tomb|p2a: Poseidon\n|-damage|p2a: Poseidon|88\/100\n|-unboost|p2a: Poseidon|spe|1\n|\n|-weather|SunnyDay|[upkeep]\n|upkeep\n|turn|3\n|\n|t:|1700338972\n|move|p2b: Eos|Protect|p2b: Eos\n|-singleturn|p2b: Eos|Protect\n|move|p1b: Tornadus|Bleakwind Storm|p2a: Poseidon|[spread] p2a\n|-activate|p2b: Eos|move: Protect\n|-damage|p2a: Poseidon|63\/100\n|move|p2a: Poseidon|Hydro Steam|p1a: Torkoal\n|-supereffective|p1a: Torkoal\n|-damage|p1a: Torkoal|0 fnt\n|faint|p1a: Torkoal\n|\n|-weather|SunnyDay|[upkeep]\n|upkeep\n|\n|t:|1700338981\n|switch|p1a: Venusaur|Venusaur, F|100\/100\n|turn|4\n|\n|t:|1700338993\n|switch|p2b: Apollo|Charizard, M|100\/100\n|move|p1a: Venusaur|Sludge Bomb|p2b: Apollo\n|-damage|p2b: Apollo|43\/100\n|-damage|p1a: Venusaur|91\/100|[from] item: Life Orb\n|move|p1b: Tornadus|Bleakwind Storm|p2b: Apollo|[spread] p2a,p2b\n|-damage|p2a: Poseidon|29\/100\n|-damage|p2b: Apollo|6\/100\n|move|p2a: Poseidon|Hydro Steam|p1b: Tornadus\n|-crit|p1b: Tornadus\n|-damage|p1b: Tornadus|8\/100\n|\n|-weather|SunnyDay|[upkeep]\n|upkeep\n|turn|5\n|\n|t:|1700339012\n|move|p2b: Apollo|Protect|p2b: Apollo\n|-singleturn|p2b: Apollo|Protect\n|move|p1a: Venusaur|Sludge Bomb|p2b: Apollo\n|-activate|p2b: Apollo|move: Protect\n|move|p1b: Tornadus|Bleakwind Storm|p2a: Poseidon|[spread] p2a\n|-activate|p2b: Apollo|move: Protect\n|-damage|p2a: Poseidon|0 fnt\n|faint|p2a: Poseidon\n|-end|p2a: Poseidon|Protosynthesis|[silent]\n|\n|-weather|SunnyDay|[upkeep]\n|-sideend|p1: sussyspongers|move: Tailwind\n|upkeep\n|\n|t:|1700339021\n|switch|p2a: Hades|Malamar, F|100\/100\n|turn|6\n|\n|t:|1700339045\n|switch|p2b: Thanatos|Golurk, shiny|100\/100\n|-terastallize|p1a: Venusaur|Fire\n|move|p1b: Tornadus|Tailwind|p1b: Tornadus\n|-sidestart|p1: sussyspongers|move: Tailwind\n|move|p1a: Venusaur|Weather Ball|p2a: Hades\n|-damage|p2a: Hades|30\/100\n|-damage|p1a: Venusaur|81\/100|[from] item: Life Orb\n|move|p2a: Hades|Trick Room|p2a: Hades\n|-fieldstart|move: Trick Room|[of] p2a: Hades\n|\n|-weather|SunnyDay|[upkeep]\n|upkeep\n|turn|7\n|\n|t:|1700339067\n|switch|p1b: Arcanine|Arcanine-Hisui, M|100\/100\n|-ability|p1b: Arcanine|Intimidate|boost\n|-boost|p2a: Hades|atk|1\n|-unboost|p2b: Thanatos|atk|1\n|switch|p1a: Incineroar|Incineroar, F|100\/100\n|-ability|p1a: Incineroar|Intimidate|boost\n|-boost|p2a: Hades|atk|1\n|-unboost|p2b: Thanatos|atk|1\n|move|p2a: Hades|Protect|p2a: Hades\n|-singleturn|p2a: Hades|Protect\n|move|p2b: Thanatos|Earthquake|p1a: Incineroar|[spread] p1a,p1b\n|-activate|p2a: Hades|move: Protect\n|-supereffective|p1a: Incineroar\n|-supereffective|p1b: Arcanine\n|-damage|p1a: Incineroar|66\/100\n|-damage|p1b: Arcanine|0 fnt\n|faint|p1b: Arcanine\n|\n|-weather|SunnyDay|[upkeep]\n|upkeep\n|\n|t:|1700339078\n|switch|p1b: Tornadus|Tornadus, M|8\/100\n|turn|8\n|\n|t:|1700339091\n|move|p1a: Incineroar|Fake Out|p2a: Hades\n|-damage|p2a: Hades|19\/100\n|move|p1b: Tornadus|Toxic|p2a: Hades\n|-hint|Since gen 7, Dark is immune to Prankster moves.\n|-immune|p2a: Hades\n|move|p2b: Thanatos|Thunder Punch|p1b: Tornadus\n|-supereffective|p1b: Tornadus\n|-damage|p1b: Tornadus|0 fnt\n|faint|p1b: Tornadus\n|cant|p2a: Hades|flinch\n|\n|-weather|none\n|upkeep\n|\n|t:|1700339109\n|switch|p1b: Flutter Mane|Flutter Mane|100\/100\n|turn|9\n|\n|t:|1700339131\n|switch|p2b: Eos|Cherrim, F, shiny|100\/100\n|move|p2a: Hades|Knock Off|p1b: Flutter Mane\n|-damage|p1b: Flutter Mane|0 fnt\n|-enditem|p1b: Flutter Mane|Choice Specs|[from] move: Knock Off|[of] p2a: Hades\n|faint|p1b: Flutter Mane\n|-end|p1b: Flutter Mane|Protosynthesis|[silent]\n|move|p1a: Incineroar|Knock Off|p2b: Eos\n|-damage|p2b: Eos|69\/100\n|-enditem|p2b: Eos|Leftovers|[from] move: Knock Off|[of] p1a: Incineroar\n|\n|-sideend|p1: sussyspongers|move: Tailwind\n|upkeep\n|\n|t:|1700339137\n|switch|p1b: Venusaur|Venusaur, F, tera:Fire|81\/100\n|turn|10\n|\n|t:|1700339164\n|move|p2a: Hades|Knock Off|p1b: Venusaur\n|-damage|p1b: Venusaur|0 fnt\n|-enditem|p1b: Venusaur|Life Orb|[from] move: Knock Off|[of] p2a: Hades\n|faint|p1b: Venusaur\n|move|p1a: Incineroar|Flare Blitz|p2b: Eos\n|-supereffective|p2b: Eos\n|-damage|p2b: Eos|0 fnt\n|faint|p2b: Eos\n|-damage|p1a: Incineroar|45\/100|[from] Recoil\n|-enditem|p1a: Incineroar|Sitrus Berry|[eat]\n|-heal|p1a: Incineroar|70\/100|[from] item: Sitrus Berry\n|\n|-fieldend|move: Trick Room\n|upkeep\n|\n|t:|1700339172\n|switch|p2b: Thanatos|Golurk, shiny|100\/100\n|turn|11\n|-message|sussyspongers forfeited.\n|\n|win|LightOfTheRuin\n|raw|sussyspongers's rating: 1297 &rarr; <strong>1271<\/strong><br \/>(-26 for losing)\n|raw|LightOfTheRuin's rating: 1285 &rarr; <strong>1311<\/strong><br \/>(+26 for winning)\n|l|\u2606sussyspongers\n","uploadtime":1700339182,"views":5,"p1id":"sussyspongers","p2id":"lightoftheruin","formatid":"gen9nationaldexdoubles","rating":1271,"private":0,"password":""}