{"id":"gen9nationaldexdoubles-1956769207","p1":"APKFish","p2":"dusttrustblueberry","format":"[Gen 9] National Dex Doubles","log":"|j|\u2606APKFish\n|j|\u2606dusttrustblueberry\n|t:|1696148908\n|gametype|doubles\n|player|p1|APKFish|cynthia-anime2|1368\n|player|p2|dusttrustblueberry|steven-masters2|1437\n|teamsize|p1|6\n|teamsize|p2|6\n|gen|9\n|tier|[Gen 9] National Dex Doubles\n|rated|\n|rule|HP Percentage Mod: HP is shown in percentages\n|rule|Endless Battle Clause: Forcing endless battles is banned\n|rule|OHKO Clause: OHKO moves are banned\n|rule|Evasion Moves Clause: Evasion moves are banned\n|rule|Evasion Abilities Clause: Evasion abilities are banned\n|rule|Species Clause: Limit one of each Pok\u00e9mon\n|rule|Gravity Sleep Clause: The combination of sleep-inducing moves with imperfect accuracy and Gravity or Gigantamax Orbeetle are banned\n|clearpoke\n|poke|p1|Metagross|\n|poke|p1|Ogerpon-Hearthflame, F|\n|poke|p1|Rillaboom, F|\n|poke|p1|Tornadus, M|\n|poke|p1|Iron Bundle|\n|poke|p1|Ninetales-Alola, F|\n|poke|p2|Ribombee, F|\n|poke|p2|Armarouge, F|\n|poke|p2|Indeedee-F, F|\n|poke|p2|Frosmoth, F|\n|poke|p2|Amoonguss, M|\n|poke|p2|Incineroar, F|\n|teampreview\n|inactive|Battle timer is ON: inactive players will automatically lose when time's up. (requested by dusttrustblueberry)\n|c|\u2606dusttrustblueberry|\u55e8\u5bb3\n|inactive|dusttrustblueberry has 120 seconds left.\n|\n|t:|1696148966\n|start\n|switch|p1a: Metagross|Metagross|100\/100\n|switch|p1b: Rillaboom|Rillaboom, F|100\/100\n|switch|p2a: Ribombee|Ribombee, F|100\/100\n|switch|p2b: Armarouge|Armarouge, F|100\/100\n|-fieldstart|move: Grassy Terrain|[from] ability: Grassy Surge|[of] p1b: Rillaboom\n|turn|1\n|\n|t:|1696148987\n|detailschange|p1a: Metagross|Metagross-Mega\n|-mega|p1a: Metagross|Metagross|Metagrossite\n|-terastallize|p2b: Armarouge|Fire\n|move|p2a: Ribombee|Sticky Web|p1b: Rillaboom\n|-sidestart|p1: APKFish|move: Sticky Web\n|move|p1a: Metagross|Iron Head|p2a: Ribombee\n|-supereffective|p2a: Ribombee\n|-enditem|p2a: Ribombee|Focus Sash\n|-damage|p2a: Ribombee|1\/100\n|move|p1b: Rillaboom|Knock Off|p2b: Armarouge\n|-damage|p2b: Armarouge|72\/100\n|-enditem|p2b: Armarouge|Heavy-Duty Boots|[from] move: Knock Off|[of] p1b: Rillaboom\n|move|p2b: Armarouge|Heat Wave|p1b: Rillaboom|[spread] p1a,p1b\n|-supereffective|p1a: Metagross\n|-supereffective|p1b: Rillaboom\n|-damage|p1a: Metagross|0 fnt\n|-damage|p1b: Rillaboom|26\/100\n|faint|p1a: Metagross\n|\n|-heal|p2a: Ribombee|7\/100|[from] Grassy Terrain\n|-heal|p1b: Rillaboom|32\/100|[from] Grassy Terrain\n|-heal|p2b: Armarouge|79\/100|[from] Grassy Terrain\n|upkeep\n|inactive|APKFish has 120 seconds left.\n|\n|t:|1696149006\n|switch|p1a: Tornadus|Tornadus, M|100\/100\n|turn|2\n|\n|t:|1696149023\n|move|p2a: Ribombee|Ally Switch|p2a: Ribombee\n|swap|p2a: Ribombee|1|[from] move: Ally Switch\n|move|p1a: Tornadus|Tailwind|p1a: Tornadus\n|-sidestart|p1: APKFish|move: Tailwind\n|move|p1b: Rillaboom|Grassy Glide|p2a: Armarouge\n|-resisted|p2a: Armarouge\n|-damage|p2a: Armarouge|62\/100\n|move|p2a: Armarouge|Heat Wave|p1a: Tornadus|[spread] p1a,p1b\n|-supereffective|p1b: Rillaboom\n|-damage|p1a: Tornadus|40\/100\n|-damage|p1b: Rillaboom|0 fnt\n|faint|p1b: Rillaboom\n|\n|-heal|p2b: Ribombee|13\/100|[from] Grassy Terrain\n|-heal|p2a: Armarouge|68\/100|[from] Grassy Terrain\n|upkeep\n|\n|t:|1696149033\n|switch|p1b: Iron Bundle|Iron Bundle|100\/100\n|-activate|p1b: Iron Bundle|move: Sticky Web\n|-unboost|p1b: Iron Bundle|spe|1\n|-enditem|p1b: Iron Bundle|Booster Energy\n|-activate|p1b: Iron Bundle|ability: Quark Drive|[fromitem]\n|-start|p1b: Iron Bundle|quarkdrivespa\n|turn|3\n|\n|t:|1696149057\n|move|p1a: Tornadus|Bleakwind Storm|p2a: Armarouge|[spread] \n|-miss|p1a: Tornadus|p2a: Armarouge\n|-miss|p1a: Tornadus|p2b: Ribombee\n|move|p1b: Iron Bundle|Hydro Pump|p2a: Armarouge\n|-supereffective|p2a: Armarouge\n|-damage|p2a: Armarouge|0 fnt\n|faint|p2a: Armarouge\n|move|p2b: Ribombee|Stun Spore|p1b: Iron Bundle|[miss]\n|-miss|p2b: Ribombee|p1b: Iron Bundle\n|\n|-heal|p2b: Ribombee|19\/100|[from] Grassy Terrain\n|upkeep\n|c|\u2606dusttrustblueberry|\u5bc4\n|inactive|dusttrustblueberry has 120 seconds left.\n|c|\u2606dusttrustblueberry|\u70b9\u9519\u4e86\n|j| Paldea Athens 420\n|\n|t:|1696149083\n|switch|p2a: Frosmoth|Frosmoth, F|100\/100\n|turn|4\n|inactive|dusttrustblueberry has 120 seconds left.\n|\n|t:|1696149106\n|switch|p1a: Ninetales|Ninetales-Alola, F|100\/100\n|-activate|p1a: Ninetales|move: Sticky Web\n|-unboost|p1a: Ninetales|spe|1\n|-weather|Snow|[from] ability: Snow Warning|[of] p1a: Ninetales\n|switch|p2b: Incineroar|Incineroar, F|100\/100\n|-ability|p2b: Incineroar|Intimidate|boost\n|-unboost|p1a: Ninetales|atk|1\n|-unboost|p1b: Iron Bundle|atk|1\n|-terastallize|p1b: Iron Bundle|Ice\n|move|p1b: Iron Bundle|Blizzard|p2b: Incineroar|[spread] p2a,p2b\n|-resisted|p2a: Frosmoth\n|-resisted|p2b: Incineroar\n|-damage|p2a: Frosmoth|77\/100\n|-damage|p2b: Incineroar|72\/100\n|move|p2a: Frosmoth|Quiver Dance|p2a: Frosmoth\n|-boost|p2a: Frosmoth|spa|1\n|-boost|p2a: Frosmoth|spd|1\n|-boost|p2a: Frosmoth|spe|1\n|\n|-weather|Snow|[upkeep]\n|-heal|p2a: Frosmoth|83\/100|[from] Grassy Terrain\n|-heal|p2a: Frosmoth|89\/100|[from] item: Leftovers\n|-heal|p2b: Incineroar|78\/100|[from] Grassy Terrain\n|upkeep\n|turn|5\n|inactive|APKFish has 120 seconds left.\n|\n|t:|1696149143\n|move|p2b: Incineroar|Fake Out|p1b: Iron Bundle\n|-damage|p1b: Iron Bundle|91\/100\n|cant|p1b: Iron Bundle|flinch\n|move|p1a: Ninetales|Aurora Veil|p1a: Ninetales\n|-sidestart|p1: APKFish|move: Aurora Veil\n|move|p2a: Frosmoth|Quiver Dance|p2a: Frosmoth\n|-boost|p2a: Frosmoth|spa|1\n|-boost|p2a: Frosmoth|spd|1\n|-boost|p2a: Frosmoth|spe|1\n|\n|-weather|Snow|[upkeep]\n|-heal|p1b: Iron Bundle|97\/100|[from] Grassy Terrain\n|-heal|p2a: Frosmoth|95\/100|[from] Grassy Terrain\n|-heal|p2a: Frosmoth|100\/100|[from] item: Leftovers\n|-heal|p2b: Incineroar|85\/100|[from] Grassy Terrain\n|-sideend|p1: APKFish|move: Tailwind\n|-fieldend|move: Grassy Terrain\n|upkeep\n|turn|6\n|inactive|APKFish has 120 seconds left.\n|\n|t:|1696149175\n|switch|p2b: Ribombee|Ribombee, F|19\/100\n|move|p2a: Frosmoth|Quiver Dance|p2a: Frosmoth\n|-boost|p2a: Frosmoth|spa|1\n|-boost|p2a: Frosmoth|spd|1\n|-boost|p2a: Frosmoth|spe|1\n|move|p1b: Iron Bundle|Hydro Pump|p2b: Ribombee\n|-damage|p2b: Ribombee|0 fnt\n|faint|p2b: Ribombee\n|move|p1a: Ninetales|Moonblast|p2a: Frosmoth\n|-crit|p2a: Frosmoth\n|-damage|p2a: Frosmoth|68\/100\n|\n|-weather|Snow|[upkeep]\n|-heal|p2a: Frosmoth|74\/100|[from] item: Leftovers\n|upkeep\n|\n|t:|1696149191\n|switch|p2b: Indeedee|Indeedee-F, F|100\/100\n|-fieldstart|move: Psychic Terrain|[from] ability: Psychic Surge|[of] p2b: Indeedee\n|turn|7\n|\n|t:|1696149212\n|move|p2a: Frosmoth|Quiver Dance|p2a: Frosmoth\n|-boost|p2a: Frosmoth|spa|1\n|-boost|p2a: Frosmoth|spd|1\n|-boost|p2a: Frosmoth|spe|1\n|move|p1b: Iron Bundle|Blizzard|p2a: Frosmoth|[spread] p2a,p2b\n|-resisted|p2a: Frosmoth\n|-damage|p2a: Frosmoth|66\/100\n|-damage|p2b: Indeedee|48\/100\n|move|p1a: Ninetales|Blizzard|p2a: Frosmoth|[spread] p2a,p2b\n|-resisted|p2a: Frosmoth\n|-damage|p2a: Frosmoth|63\/100\n|-damage|p2b: Indeedee|26\/100\n|move|p2b: Indeedee|Expanding Force|p1a: Ninetales|[spread] p1a,p1b\n|-damage|p1a: Ninetales|72\/100\n|-damage|p1b: Iron Bundle|44\/100\n|\n|-weather|Snow|[upkeep]\n|-heal|p2a: Frosmoth|69\/100|[from] item: Leftovers\n|upkeep\n|turn|8\n|\n|t:|1696149225\n|move|p2a: Frosmoth|Blizzard|p1a: Ninetales|[spread] p1a,p1b\n|-resisted|p1a: Ninetales\n|-resisted|p1b: Iron Bundle\n|-damage|p1a: Ninetales|20\/100\n|-damage|p1b: Iron Bundle|0 fnt\n|faint|p1b: Iron Bundle\n|-end|p1b: Iron Bundle|Quark Drive|[silent]\n|move|p1a: Ninetales|Blizzard|p2a: Frosmoth|[spread] p2a,p2b\n|-resisted|p2a: Frosmoth\n|-damage|p2a: Frosmoth|66\/100\n|-damage|p2b: Indeedee|3\/100\n|move|p2b: Indeedee|Expanding Force|p1a: Ninetales\n|-damage|p1a: Ninetales|0 fnt\n|faint|p1a: Ninetales\n|\n|-weather|none\n|-heal|p2a: Frosmoth|72\/100|[from] item: Leftovers\n|upkeep\n|\n|t:|1696149229\n|switch|p1b: Tornadus|Tornadus, M|40\/100\n|switch|p1a: Ogerpon|Ogerpon-Hearthflame, F|100\/100\n|-activate|p1a: Ogerpon|move: Sticky Web\n|-unboost|p1a: Ogerpon|spe|1\n|-ability|p1a: Ogerpon|Mold Breaker\n|turn|9\n|\n|t:|1696149247\n|move|p2b: Indeedee|Follow Me|p2b: Indeedee\n|-singleturn|p2b: Indeedee|move: Follow Me\n|move|p1b: Tornadus|Tailwind|p1b: Tornadus\n|-sidestart|p1: APKFish|move: Tailwind\n|move|p2a: Frosmoth|Blizzard|p1a: Ogerpon|[spread] \n|-miss|p2a: Frosmoth|p1a: Ogerpon\n|-miss|p2a: Frosmoth|p1b: Tornadus\n|move|p1a: Ogerpon|Ivy Cudgel|p2b: Indeedee\n|-damage|p2b: Indeedee|0 fnt\n|faint|p2b: Indeedee\n|\n|-heal|p2a: Frosmoth|78\/100|[from] item: Leftovers\n|upkeep\n|\n|t:|1696149259\n|switch|p2b: Amoonguss|Amoonguss, M|100\/100\n|turn|10\n|\n|t:|1696149271\n|move|p2b: Amoonguss|Rage Powder|p2b: Amoonguss\n|-singleturn|p2b: Amoonguss|move: Rage Powder\n|move|p1b: Tornadus|Bleakwind Storm|p2a: Frosmoth|[spread] p2a,p2b\n|-supereffective|p2a: Frosmoth\n|-supereffective|p2b: Amoonguss\n|-damage|p2a: Frosmoth|65\/100\n|-damage|p2b: Amoonguss|46\/100\n|-unboost|p2a: Frosmoth|spe|1\n|-enditem|p2b: Amoonguss|Sitrus Berry|[eat]\n|-heal|p2b: Amoonguss|71\/100|[from] item: Sitrus Berry\n|move|p2a: Frosmoth|Blizzard|p1a: Ogerpon|[spread] p1a,p1b\n|-supereffective|p1b: Tornadus\n|-damage|p1a: Ogerpon|9\/100\n|-damage|p1b: Tornadus|0 fnt\n|faint|p1b: Tornadus\n|move|p1a: Ogerpon|Ivy Cudgel|p2a: Frosmoth\n|-supereffective|p2a: Frosmoth\n|-damage|p2a: Frosmoth|0 fnt\n|faint|p2a: Frosmoth\n|\n|upkeep\n|\n|t:|1696149283\n|switch|p2a: Incineroar|Incineroar, F|85\/100\n|-ability|p2a: Incineroar|Intimidate|boost\n|-unboost|p1a: Ogerpon|atk|1\n|turn|11\n|-message|APKFish forfeited.\n|\n|win|dusttrustblueberry\n|raw|APKFish's rating: 1368 &rarr; <strong>1352<\/strong><br \/>(-16 for losing)\n|raw|dusttrustblueberry's rating: 1437 &rarr; <strong>1453<\/strong><br \/>(+16 for winning)\n|l|\u2606APKFish\n|l|\u2606dusttrustblueberry\n|j|\u2606dusttrustblueberry\n|player|p2|dusttrustblueberry|steven-masters2\n|l|\u2606dusttrustblueberry\n|player|p2|\n|j|\u2606dusttrustblueberry\n|player|p2|dusttrustblueberry|steven-masters2\n","uploadtime":1696149383,"views":8,"p1id":"apkfish","p2id":"dusttrustblueberry","formatid":"gen9nationaldexdoubles","rating":1352,"private":0,"password":""}