{"id":"gen9nationaldexdoubles-1963420949","p1":"w0nderstruck","p2":"AdvancedDigit","format":"[Gen 9] National Dex Doubles","log":"|j|\u2606w0nderstruck\n|j|\u2606AdvancedDigit\n|t:|1696866399\n|gametype|doubles\n|player|p1|w0nderstruck|grimsley|1085\n|player|p2|AdvancedDigit|hilbert|1189\n|teamsize|p1|6\n|teamsize|p2|6\n|gen|9\n|tier|[Gen 9] National Dex Doubles\n|rated|\n|rule|HP Percentage Mod: HP is shown in percentages\n|rule|Endless Battle Clause: Forcing endless battles is banned\n|rule|OHKO Clause: OHKO moves are banned\n|rule|Evasion Moves Clause: Evasion moves are banned\n|rule|Evasion Abilities Clause: Evasion abilities are banned\n|rule|Species Clause: Limit one of each Pok\u00e9mon\n|rule|Gravity Sleep Clause: The combination of sleep-inducing moves with imperfect accuracy and Gravity or Gigantamax Orbeetle are banned\n|clearpoke\n|poke|p1|Lilligant-Hisui, F|\n|poke|p1|Flamigo, M|\n|poke|p1|Swoobat, F|\n|poke|p1|Brute Bonnet|\n|poke|p1|Pidgeot, F|\n|poke|p1|Ninetales-Alola, F|\n|poke|p2|Scyther, F|\n|poke|p2|Togetic, M|\n|poke|p2|Bisharp, F|\n|poke|p2|Gligar, M|\n|poke|p2|Haunter, F|\n|poke|p2|Kadabra, M|\n|teampreview\n|inactive|Battle timer is ON: inactive players will automatically lose when time's up. (requested by w0nderstruck)\n|\n|t:|1696866407\n|start\n|switch|p1a: Swoobat|Swoobat, F|100\/100\n|switch|p1b: Lilligant|Lilligant-Hisui, F|100\/100\n|switch|p2a: Scyther|Scyther, F|100\/100\n|switch|p2b: Togetic|Togetic, M|100\/100\n|turn|1\n|\n|t:|1696866422\n|move|p2b: Togetic|Follow Me|p2b: Togetic\n|-singleturn|p2b: Togetic|move: Follow Me\n|move|p1a: Swoobat|Simple Beam|p2b: Togetic\n|-endability|p2b: Togetic|Serene Grace|[from] move: Simple Beam\n|-ability|p2b: Togetic|Simple|[from] move: Simple Beam\n|move|p1b: Lilligant|Victory Dance|p1b: Lilligant\n|-boost|p1b: Lilligant|atk|1\n|-boost|p1b: Lilligant|def|1\n|-boost|p1b: Lilligant|spe|1\n|move|p2a: Scyther|Swords Dance|p2a: Scyther\n|-boost|p2a: Scyther|atk|2\n|\n|upkeep\n|turn|2\n|\n|t:|1696866431\n|move|p2b: Togetic|Follow Me|p2b: Togetic\n|-singleturn|p2b: Togetic|move: Follow Me\n|move|p1b: Lilligant|Victory Dance|p1b: Lilligant\n|-boost|p1b: Lilligant|atk|1\n|-boost|p1b: Lilligant|def|1\n|-boost|p1b: Lilligant|spe|1\n|move|p1a: Swoobat|Tailwind|p1a: Swoobat\n|-sidestart|p1: w0nderstruck|move: Tailwind\n|move|p2a: Scyther|Dual Wingbeat|p1b: Lilligant\n|-supereffective|p1b: Lilligant\n|-enditem|p1b: Lilligant|Focus Sash\n|-damage|p1b: Lilligant|1\/100\n|-supereffective|p1b: Lilligant\n|-damage|p1b: Lilligant|0 fnt\n|faint|p1b: Lilligant\n|-hitcount|p1: Lilligant|2\n|\n|upkeep\n|\n|t:|1696866439\n|switch|p1b: Pidgeot|Pidgeot, F|100\/100\n|turn|3\n|\n|t:|1696866448\n|detailschange|p1b: Pidgeot|Pidgeot-Mega, F\n|-mega|p1b: Pidgeot|Pidgeot|Pidgeotite\n|move|p1b: Pidgeot|Hurricane|p2a: Scyther\n|-supereffective|p2a: Scyther\n|-damage|p2a: Scyther|1\/100\n|move|p1a: Swoobat|Reflect|p1a: Swoobat\n|-sidestart|p1: w0nderstruck|Reflect\n|move|p2a: Scyther|Dual Wingbeat|p1b: Pidgeot\n|-damage|p1b: Pidgeot|54\/100\n|-damage|p1b: Pidgeot|9\/100\n|-hitcount|p1b: Pidgeot|2\n|move|p2b: Togetic|Thunder Wave|p1b: Pidgeot\n|-status|p1b: Pidgeot|par\n|\n|upkeep\n|turn|4\n|\n|t:|1696866463\n|move|p2b: Togetic|Follow Me|p2b: Togetic\n|-singleturn|p2b: Togetic|move: Follow Me\n|move|p1a: Swoobat|Reflect||[still]\n|-fail|p1a: Swoobat\n|cant|p1b: Pidgeot|par\n|move|p2a: Scyther|Roost|p2a: Scyther\n|-heal|p2a: Scyther|51\/100\n|-singleturn|p2a: Scyther|move: Roost\n|\n|upkeep\n|turn|5\n|-message|w0nderstruck forfeited.\n|\n|win|AdvancedDigit\n|raw|w0nderstruck's rating: 1085 &rarr; <strong>1067<\/strong><br \/>(-18 for losing)\n|raw|AdvancedDigit's rating: 1160 &rarr; <strong>1180<\/strong><br \/>(+20 for winning)\n|l|\u2606w0nderstruck\n","uploadtime":1696866477,"views":11,"p1id":"w0nderstruck","p2id":"advanceddigit","formatid":"gen9nationaldexdoubles","rating":1067,"private":0,"password":""}