{"id":"gen9nationaldexdoubles-1962154839","p1":"SapphireXXII","p2":"Falconthing","format":"[Gen 9] National Dex Doubles","log":"|j|\u2606SapphireXXII\n|j|\u2606Falconthing\n|t:|1696712573\n|gametype|doubles\n|player|p1|SapphireXXII|101|\n|player|p2|Falconthing|169|\n|teamsize|p1|6\n|teamsize|p2|6\n|gen|9\n|tier|[Gen 9] National Dex Doubles\n|rule|HP Percentage Mod: HP is shown in percentages\n|rule|Endless Battle Clause: Forcing endless battles is banned\n|rule|OHKO Clause: OHKO moves are banned\n|rule|Evasion Moves Clause: Evasion moves are banned\n|rule|Evasion Abilities Clause: Evasion abilities are banned\n|rule|Species Clause: Limit one of each Pok\u00e9mon\n|rule|Gravity Sleep Clause: The combination of sleep-inducing moves with imperfect accuracy and Gravity or Gigantamax Orbeetle are banned\n|clearpoke\n|poke|p1|Typhlosion-Hisui, L55, M|\n|poke|p1|Stantler, L55, M|\n|poke|p1|Jumpluff, L55, M|\n|poke|p1|Leavanny, L44, F|\n|poke|p1|Garganacl, L54, F|\n|poke|p1|Beedrill, L64, F|\n|poke|p2|Marshadow, L75|\n|poke|p2|Delphox, L55, M|\n|poke|p2|Charjabug, L60, M|\n|poke|p2|Gyarados, L55, M|\n|poke|p2|Larvesta, L57, F|\n|poke|p2|Nosepass, L38, M|\n|teampreview\n|\n|t:|1696712614\n|start\n|switch|p1a: Caterpillar Canap\u00e9|Leavanny, L44, F|100\/100\n|switch|p1b: VenisonBourguignon|Stantler, L55, M|100\/100\n|switch|p2a: Fire peashooter|Delphox, L55, M|100\/100\n|switch|p2b: Sea Shroom|Gyarados, L55, M|100\/100\n|-ability|p1b: VenisonBourguignon|Intimidate|boost\n|-unboost|p2a: Fire peashooter|atk|1\n|-unboost|p2b: Sea Shroom|atk|1\n|-enditem|p2a: Fire peashooter|White Herb\n|-clearnegativeboost|p2a: Fire peashooter|[silent]\n|turn|1\n|j| Hero24\n|\n|t:|1696712646\n|move|p2a: Fire peashooter|Heat Wave|p1a: Caterpillar Canap\u00e9|[spread] p1a,p1b\n|-supereffective|p1a: Caterpillar Canap\u00e9\n|-enditem|p1a: Caterpillar Canap\u00e9|Focus Sash\n|-damage|p1a: Caterpillar Canap\u00e9|1\/100\n|-damage|p1b: VenisonBourguignon|41\/100\n|-enditem|p1b: VenisonBourguignon|Sitrus Berry|[eat]\n|-heal|p1b: VenisonBourguignon|65\/100|[from] item: Sitrus Berry\n|move|p1b: VenisonBourguignon|Double-Edge|p2a: Fire peashooter\n|-damage|p2a: Fire peashooter|24\/100\n|-damage|p1b: VenisonBourguignon|39\/100|[from] Recoil\n|move|p1a: Caterpillar Canap\u00e9|Sticky Web|p2a: Fire peashooter\n|-sidestart|p2: Falconthing|move: Sticky Web\n|move|p2b: Sea Shroom|Dragon Dance|p2b: Sea Shroom\n|-boost|p2b: Sea Shroom|atk|1\n|-boost|p2b: Sea Shroom|spe|1\n|\n|upkeep\n|turn|2\n|\n|t:|1696712665\n|move|p2b: Sea Shroom|Dragon Dance|p2b: Sea Shroom\n|-boost|p2b: Sea Shroom|atk|1\n|-boost|p2b: Sea Shroom|spe|1\n|move|p2a: Fire peashooter|Heat Wave|p1b: VenisonBourguignon|[spread] p1a,p1b\n|-supereffective|p1a: Caterpillar Canap\u00e9\n|-damage|p1a: Caterpillar Canap\u00e9|0 fnt\n|-damage|p1b: VenisonBourguignon|0 fnt\n|faint|p1a: Caterpillar Canap\u00e9\n|faint|p1b: VenisonBourguignon\n|\n|upkeep\n|j| ShaakenNotStirred\n|\n|t:|1696712690\n|switch|p1b: Gnocchi|Garganacl, L54, F|100\/100\n|switch|p1a: Salade Lyonnaise|Jumpluff, L55, M|100\/100\n|turn|3\n|\n|t:|1696712711\n|move|p2b: Sea Shroom|Waterfall|p1b: Gnocchi\n|-supereffective|p1b: Gnocchi\n|-damage|p1b: Gnocchi|30\/100\n|move|p1a: Salade Lyonnaise|Sleep Powder|p2b: Sea Shroom\n|-status|p2b: Sea Shroom|slp|[from] move: Sleep Powder\n|move|p2a: Fire peashooter|Heat Wave|p1a: Salade Lyonnaise|[spread] p1a,p1b\n|-supereffective|p1a: Salade Lyonnaise\n|-resisted|p1b: Gnocchi\n|-damage|p1a: Salade Lyonnaise|31\/100\n|-damage|p1b: Gnocchi|14\/100\n|-status|p1a: Salade Lyonnaise|brn\n|-item|p2a: Fire peashooter|Leftovers|[from] ability: Magician|[of] p1b: Gnocchi\n|cant|p1b: Gnocchi|flinch\n|\n|-heal|p2a: Fire peashooter|30\/100|[from] item: Leftovers\n|-damage|p1a: Salade Lyonnaise|25\/100 brn|[from] brn\n|upkeep\n|turn|4\n|\n|t:|1696712734\n|cant|p2b: Sea Shroom|slp\n|move|p1a: Salade Lyonnaise|Leech Seed|p2b: Sea Shroom|[miss]\n|-miss|p1a: Salade Lyonnaise|p2b: Sea Shroom\n|move|p2a: Fire peashooter|Heat Wave|p1a: Salade Lyonnaise|[spread] p1a,p1b\n|-supereffective|p1a: Salade Lyonnaise\n|-resisted|p1b: Gnocchi\n|-damage|p1a: Salade Lyonnaise|0 fnt\n|-damage|p1b: Gnocchi|0 fnt\n|faint|p1a: Salade Lyonnaise\n|faint|p1b: Gnocchi\n|\n|-heal|p2a: Fire peashooter|36\/100|[from] item: Leftovers\n|upkeep\n|\n|t:|1696712745\n|switch|p1a: Flamb\u00e9|Typhlosion-Hisui, L55, M|100\/100\n|switch|p1b: Moules-frites|Beedrill, L64, F|100\/100\n|turn|5\n|-message|SapphireXXII forfeited.\n|\n|win|Falconthing\n|l|\u2606SapphireXXII\n|l|\u2606Falconthing\n","uploadtime":1696712822,"views":11,"p1id":"sapphirexxii","p2id":"falconthing","formatid":"gen9nationaldexdoubles","rating":0,"private":0,"password":""}