{"id":"gen9nationaldexdoubles-1950762033","p1":"WYRM3","p2":"Rey_The_Savage","format":"[Gen 9] National Dex Doubles","log":"|j|\u2606WYRM3\n|j|\u2606Rey_The_Savage\n|t:|1695503476\n|gametype|doubles\n|player|p1|WYRM3|169|1000\n|player|p2|Rey_The_Savage|ethan|1165\n|teamsize|p1|6\n|teamsize|p2|6\n|gen|9\n|tier|[Gen 9] National Dex Doubles\n|rated|\n|rule|HP Percentage Mod: HP is shown in percentages\n|rule|Endless Battle Clause: Forcing endless battles is banned\n|rule|OHKO Clause: OHKO moves are banned\n|rule|Evasion Moves Clause: Evasion moves are banned\n|rule|Evasion Abilities Clause: Evasion abilities are banned\n|rule|Species Clause: Limit one of each Pok\u00e9mon\n|rule|Gravity Sleep Clause: The combination of sleep-inducing moves with imperfect accuracy and Gravity or Gigantamax Orbeetle are banned\n|clearpoke\n|poke|p1|Greedent, M|\n|poke|p1|Spiritomb, M|\n|poke|p1|Vikavolt, F|\n|poke|p1|Pelipper, M|\n|poke|p1|Gastrodon, M|\n|poke|p1|Garchomp, M|\n|poke|p2|Ogerpon-Wellspring, F|\n|poke|p2|Pelipper, F|\n|poke|p2|Amoonguss, M|\n|poke|p2|Barraskewda, M|\n|poke|p2|Rhyperior, M|\n|poke|p2|Thundurus, M|\n|teampreview\n|\n|t:|1695503494\n|start\n|switch|p1a: Pelipper|Pelipper, M|100\/100\n|switch|p1b: Gastrodon|Gastrodon, M|100\/100\n|switch|p2a: Amoonguss|Amoonguss, M|100\/100\n|switch|p2b: Ogerpon|Ogerpon-Wellspring, F|100\/100\n|-weather|RainDance|[from] ability: Drizzle|[of] p1a: Pelipper\n|turn|1\n|inactive|Battle timer is ON: inactive players will automatically lose when time's up. (requested by Rey_The_Savage)\n|\n|t:|1695503516\n|-terastallize|p2b: Ogerpon|Water\n|detailschange|p2b: Ogerpon|Ogerpon-Wellspring-Tera, F, tera:Water\n|-ability|p2b: Ogerpon|Embody Aspect (Wellspring)|boost\n|-boost|p2b: Ogerpon|spd|1\n|move|p2b: Ogerpon|Trailblaze|p1b: Gastrodon\n|-supereffective|p1b: Gastrodon\n|-damage|p1b: Gastrodon|8\/100\n|-boost|p2b: Ogerpon|spe|1\n|move|p1a: Pelipper|Tailwind|p1a: Pelipper\n|-sidestart|p1: WYRM3|move: Tailwind\n|move|p1b: Gastrodon|Ice Beam|p2a: Amoonguss\n|-supereffective|p2a: Amoonguss\n|-damage|p2a: Amoonguss|54\/100\n|move|p2a: Amoonguss|Spore|p1b: Gastrodon\n|-status|p1b: Gastrodon|slp|[from] move: Spore\n|\n|-weather|RainDance|[upkeep]\n|upkeep\n|turn|2\n|\n|t:|1695503541\n|move|p1a: Pelipper|Air Slash|p2a: Amoonguss\n|-supereffective|p2a: Amoonguss\n|-damage|p2a: Amoonguss|1\/100\n|-enditem|p2a: Amoonguss|Sitrus Berry|[eat]\n|-heal|p2a: Amoonguss|26\/100|[from] item: Sitrus Berry\n|move|p2b: Ogerpon|Swords Dance|p2b: Ogerpon\n|-boost|p2b: Ogerpon|atk|2\n|cant|p1b: Gastrodon|slp\n|move|p2a: Amoonguss|Pollen Puff|p1b: Gastrodon\n|-damage|p1b: Gastrodon|0 fnt\n|faint|p1b: Gastrodon\n|\n|-weather|RainDance|[upkeep]\n|upkeep\n|\n|t:|1695503554\n|switch|p1b: Garchomp|Garchomp, M|100\/100\n|turn|3\n|\n|t:|1695503580\n|switch|p2a: Thundurus|Thundurus, M, shiny|100\/100\n|move|p1b: Garchomp|Earthquake|p2a: Thundurus|[spread] p2b\n|-immune|p1a: Pelipper\n|-immune|p2a: Thundurus\n|-damage|p2b: Ogerpon|57\/100\n|move|p1a: Pelipper|Air Slash|p2a: Thundurus\n|-resisted|p2a: Thundurus\n|-damage|p2a: Thundurus|81\/100\n|move|p2b: Ogerpon|Trailblaze|p1a: Pelipper\n|-damage|p1a: Pelipper|42\/100\n|-boost|p2b: Ogerpon|spe|1\n|\n|-weather|RainDance|[upkeep]\n|upkeep\n|turn|4\n|\n|t:|1695503604\n|move|p1b: Garchomp|Dragon Claw|p2a: Thundurus\n|-damage|p2a: Thundurus|12\/100\n|move|p2b: Ogerpon|Ivy Cudgel|p1b: Garchomp\n|-damage|p1b: Garchomp|0 fnt\n|faint|p1b: Garchomp\n|move|p1a: Pelipper|U-turn|p2a: Thundurus\n|-resisted|p2a: Thundurus\n|-damage|p2a: Thundurus|6\/100\n|\n|t:|1695503615\n|switch|p1a: Vikavolt|Vikavolt, F|100\/100|[from] U-turn\n|move|p2a: Thundurus|Wildbolt Storm|p1a: Vikavolt\n|-resisted|p1a: Vikavolt\n|-damage|p1a: Vikavolt|71\/100\n|\n|-weather|RainDance|[upkeep]\n|-sideend|p1: WYRM3|move: Tailwind\n|upkeep\n|inactive|WYRM3 has 120 seconds left.\n|\n|t:|1695503626\n|switch|p1b: Greedent|Greedent, M|100\/100\n|turn|5\n|\n|t:|1695503647\n|switch|p2a: Rhyperior|Rhyperior, M|100\/100\n|move|p2b: Ogerpon|Ivy Cudgel|p1b: Greedent\n|-damage|p1b: Greedent|0 fnt\n|faint|p1b: Greedent\n|move|p1a: Vikavolt|Thunderbolt|p2a: Rhyperior\n|-activate|p2a: Rhyperior|ability: Lightning Rod\n|-ability|p2a: Rhyperior|Lightning Rod|boost\n|-boost|p2a: Rhyperior|spa|1\n|\n|-weather|RainDance|[upkeep]\n|upkeep\n|inactive|WYRM3 has 120 seconds left.\n|\n|t:|1695503659\n|switch|p1b: Pelipper|Pelipper, M|42\/100\n|turn|6\n|\n|t:|1695503680\n|-terastallize|p1a: Vikavolt|Water\n|move|p2b: Ogerpon|Ivy Cudgel|p1b: Pelipper\n|-resisted|p1b: Pelipper\n|-damage|p1b: Pelipper|0 fnt\n|faint|p1b: Pelipper\n|move|p1a: Vikavolt|Tera Blast|p2a: Rhyperior|[anim] Tera Blast Water\n|-supereffective|p2a: Rhyperior\n|-damage|p2a: Rhyperior|0 fnt\n|faint|p2a: Rhyperior\n|\n|-weather|RainDance|[upkeep]\n|upkeep\n|\n|t:|1695503692\n|switch|p1b: Spiritomb|Spiritomb, M|100\/100\n|switch|p2a: Thundurus|Thundurus, M, shiny|6\/100\n|-ability|p1b: Spiritomb|Pressure\n|turn|7\n|\n|t:|1695503712\n|move|p2b: Ogerpon|Trailblaze|p1a: Vikavolt\n|-supereffective|p1a: Vikavolt\n|-damage|p1a: Vikavolt|0 fnt\n|-boost|p2b: Ogerpon|spe|1\n|faint|p1a: Vikavolt\n|move|p2a: Thundurus|Wildbolt Storm|p1b: Spiritomb\n|-damage|p1b: Spiritomb|45\/100\n|move|p1b: Spiritomb|Dark Pulse|p2a: Thundurus\n|-damage|p2a: Thundurus|0 fnt\n|faint|p2a: Thundurus\n|\n|-weather|RainDance|[upkeep]\n|upkeep\n|\n|t:|1695503730\n|switch|p2a: Amoonguss|Amoonguss, M|59\/100\n|turn|8\n|\n|t:|1695503740\n|move|p2b: Ogerpon|Swords Dance|p2b: Ogerpon\n|-boost|p2b: Ogerpon|atk|2\n|move|p1b: Spiritomb|Psychic|p2a: Amoonguss\n|-supereffective|p2a: Amoonguss\n|-damage|p2a: Amoonguss|20\/100\n|move|p2a: Amoonguss|Spore|p1b: Spiritomb\n|-status|p1b: Spiritomb|slp|[from] move: Spore\n|\n|-weather|none\n|upkeep\n|turn|9\n|\n|t:|1695503759\n|move|p2b: Ogerpon|Ivy Cudgel|p1b: Spiritomb\n|-damage|p1b: Spiritomb|0 fnt\n|faint|p1b: Spiritomb\n|\n|win|Rey_The_Savage\n|raw|WYRM3's rating: 1000 &rarr; <strong>1000<\/strong><br \/>(+0 for losing)\n|raw|Rey_The_Savage's rating: 1165 &rarr; <strong>1179<\/strong><br \/>(+14 for winning)\n","uploadtime":1695503765,"views":8,"p1id":"wyrm3","p2id":"reythesavage","formatid":"gen9nationaldexdoubles","rating":1000,"private":0,"password":""}