{"id":"gen9nationaldexdoubles-1978954464","p1":"BLEHam","p2":"KendoSaki","format":"[Gen 9] National Dex Doubles","log":"|j|\u2606BLEHam\n|j|\u2606KendoSaki\n|t:|1698614182\n|gametype|doubles\n|player|p1|BLEHam|flannery|\n|player|p2|KendoSaki|pokemonranger-gen4|\n|teamsize|p1|6\n|teamsize|p2|6\n|gen|9\n|tier|[Gen 9] National Dex Doubles\n|rule|HP Percentage Mod: HP is shown in percentages\n|rule|Endless Battle Clause: Forcing endless battles is banned\n|rule|OHKO Clause: OHKO moves are banned\n|rule|Evasion Moves Clause: Evasion moves are banned\n|rule|Evasion Abilities Clause: Evasion abilities are banned\n|rule|Species Clause: Limit one of each Pok\u00e9mon\n|rule|Gravity Sleep Clause: The combination of sleep-inducing moves with imperfect accuracy and Gravity or Gigantamax Orbeetle are banned\n|clearpoke\n|poke|p1|Garchomp, F|\n|poke|p1|Dragapult, M|\n|poke|p1|Kommo-o, M|\n|poke|p1|Hydreigon, M|\n|poke|p1|Dragalge, F|\n|poke|p1|Appletun, F|\n|poke|p2|Oranguru, M|\n|poke|p2|Pyroar, M|\n|poke|p2|Toucannon, M|\n|poke|p2|Zoroark-Hisui, F|\n|poke|p2|Heliolisk, F|\n|poke|p2|Ambipom, M|\n|teampreview\n|j| DMZL_Twitch\n|j| Texergat_0\n|c| Texergat_0|GLHF\n|j| Aristokarp\n|c| Aristokarp|gl tout les deux ! ^^\n|\n|t:|1698614284\n|start\n|switch|p1a: Lamina|Dragalge, F|100\/100\n|switch|p1b: PTSD|Garchomp, F|100\/100\n|switch|p2a: Ambipom|Ambipom, M|100\/100\n|switch|p2b: Ketzal|Toucannon, M|100\/100\n|turn|1\n|c|\u2606BLEHam|Je mange en m\u00eame temps, la concentration est maximale \u00e9videmment\n|\n|t:|1698614305\n|move|p2a: Ambipom|Fake Out|p1b: PTSD\n|-damage|p1b: PTSD|65\/100\n|-damage|p2a: Ambipom|88\/100|[from] ability: Rough Skin|[of] p1b: PTSD\n|-damage|p2a: Ambipom|78\/100|[from] item: Life Orb\n|move|p2b: Ketzal|Brave Bird|p1a: Lamina\n|-damage|p1a: Lamina|36\/100\n|-damage|p2b: Ketzal|77\/100|[from] Recoil\n|cant|p1b: PTSD|flinch\n|move|p1a: Lamina|Toxic Spikes|p2a: Ambipom\n|-sidestart|p2: KendoSaki|move: Toxic Spikes\n|\n|-heal|p1a: Lamina|42\/100|[from] item: Black Sludge\n|upkeep\n|turn|2\n|\n|t:|1698614326\n|move|p2a: Ambipom|Double Hit|p1b: PTSD\n|-damage|p1b: PTSD|38\/100\n|-damage|p2a: Ambipom|66\/100|[from] ability: Rough Skin|[of] p1b: PTSD\n|-damage|p1b: PTSD|6\/100\n|-damage|p2a: Ambipom|54\/100|[from] ability: Rough Skin|[of] p1b: PTSD\n|-hitcount|p1b: PTSD|2\n|-damage|p2a: Ambipom|44\/100|[from] item: Life Orb\n|move|p2b: Ketzal|Brave Bird|p1b: PTSD\n|-damage|p1b: PTSD|0 fnt\n|-damage|p2b: Ketzal|65\/100|[from] ability: Rough Skin|[of] p1b: PTSD\n|faint|p1b: PTSD\n|-damage|p2b: Ketzal|62\/100|[from] Recoil\n|move|p1a: Lamina|Toxic Spikes|p2a: Ambipom\n|-sidestart|p2: KendoSaki|move: Toxic Spikes\n|\n|-heal|p1a: Lamina|48\/100|[from] item: Black Sludge\n|upkeep\n|\n|t:|1698614352\n|switch|p1b: Albertarte|Appletun, F|100\/100\n|turn|3\n|\n|t:|1698614364\n|move|p2a: Ambipom|Double Hit|p1a: Lamina\n|-damage|p1a: Lamina|16\/100\n|-damage|p1a: Lamina|0 fnt\n|faint|p1a: Lamina\n|-hitcount|p1: Lamina|2\n|-damage|p2a: Ambipom|34\/100|[from] item: Life Orb\n|move|p2b: Ketzal|Brave Bird|p1b: Albertarte\n|-supereffective|p1b: Albertarte\n|-damage|p1b: Albertarte|12\/100\n|-damage|p2b: Ketzal|21\/100|[from] Recoil\n|move|p1b: Albertarte|Body Press|p2a: Ambipom\n|-supereffective|p2a: Ambipom\n|-damage|p2a: Ambipom|0 fnt\n|faint|p2a: Ambipom\n|\n|upkeep\n|\n|t:|1698614390\n|switch|p2a: Hitsuke|Pyroar, M|100\/100\n|switch|p1a: Ghetis|Hydreigon, M|100\/100\n|-ability|p2a: Hitsuke|Unnerve\n|-status|p2a: Hitsuke|tox\n|turn|4\n|\n|t:|1698614408\n|move|p2b: Ketzal|Brave Bird|p1a: Ghetis\n|-damage|p1a: Ghetis|37\/100\n|-damage|p2b: Ketzal|0 fnt|[from] Recoil\n|faint|p2b: Ketzal\n|move|p2a: Hitsuke|Hyper Voice|p1b: Albertarte|[spread] p1a,p1b\n|-damage|p1a: Ghetis|0 fnt\n|-damage|p1b: Albertarte|0 fnt\n|faint|p1a: Ghetis\n|faint|p1b: Albertarte\n|\n|-damage|p2a: Hitsuke|94\/100 tox|[from] psn\n|upkeep\n|\n|t:|1698614430\n|switch|p1a: Clank|Kommo-o, M|100\/100\n|switch|p2b: Th\u00f4t|Oranguru, M|100\/100\n|switch|p1b: Air France Jr|Dragapult, M|100\/100\n|-status|p2b: Th\u00f4t|tox\n|turn|5\n|\n|t:|1698614444\n|-terastallize|p1b: Air France Jr|Dragon\n|move|p1b: Air France Jr|Dragon Darts|p2a: Hitsuke\n|-damage|p2a: Hitsuke|61\/100 tox\n|-anim|p1b: Air France Jr|Dragon Darts|p2b: Th\u00f4t\n|-damage|p2b: Th\u00f4t|50\/100 tox\n|replace|p2b: Karari|Zoroark-Hisui, F\n|-end|p2b: Karari|Illusion\n|move|p2b: Karari|Shadow Ball|p1b: Air France Jr\n|-damage|p1b: Air France Jr|48\/100\n|move|p2a: Hitsuke|Hyper Voice|p1b: Air France Jr|[spread] p1a,p1b\n|-damage|p1a: Clank|62\/100\n|-damage|p1b: Air France Jr|0 fnt\n|faint|p1b: Air France Jr\n|move|p1a: Clank|Body Press|p2b: Karari\n|-immune|p2b: Karari\n|\n|-heal|p1a: Clank|69\/100|[from] item: Leftovers\n|-damage|p2b: Karari|45\/100 tox|[from] psn\n|-damage|p2a: Hitsuke|49\/100 tox|[from] psn\n|upkeep\n|turn|6\n|\n|t:|1698614469\n|move|p2b: Karari|Flamethrower|p1a: Clank\n|-resisted|p1a: Clank\n|-damage|p1a: Clank|55\/100\n|move|p2a: Hitsuke|Hyper Voice|p1a: Clank\n|-damage|p1a: Clank|3\/100\n|move|p1a: Clank|Earthquake|p2b: Karari|[spread] p2a,p2b\n|-supereffective|p2a: Hitsuke\n|-damage|p2a: Hitsuke|0 fnt\n|-damage|p2b: Karari|6\/100 tox\n|faint|p2a: Hitsuke\n|\n|-heal|p1a: Clank|9\/100|[from] item: Leftovers\n|-damage|p2b: Karari|0 fnt|[from] psn\n|faint|p2b: Karari\n|upkeep\n|\n|t:|1698614482\n|switch|p2b: Siroco|Heliolisk, F|100\/100\n|switch|p2a: Th\u00f4t|Oranguru, M|100\/100\n|-status|p2b: Siroco|tox\n|-status|p2a: Th\u00f4t|tox\n|turn|7\n|\n|t:|1698614502\n|move|p2b: Siroco|Surf|p1a: Clank|[spread] p1a\n|-activate|p2a: Th\u00f4t|ability: Telepathy\n|-resisted|p1a: Clank\n|-damage|p1a: Clank|0 fnt\n|faint|p1a: Clank\n|\n|win|KendoSaki\n|c|\u2606BLEHam|gg!\n|l|\u2606BLEHam\n|c| Aristokarp|gg\n","uploadtime":1698614524,"views":18,"p1id":"bleham","p2id":"kendosaki","formatid":"gen9nationaldexdoubles","rating":0,"private":0,"password":""}