{"id":"gen9nationaldexdoubles-1959702482","p1":"NixonGaming37","p2":"Jtib le u do hi","format":"[Gen 9] National Dex Doubles","log":"|j|\u2606NixonGaming37\n|j|\u2606Jtib le u do hi\n|t:|1696448216\n|gametype|doubles\n|player|p1|NixonGaming37|roughneck-gen4|1131\n|player|p2|Jtib le u do hi|dawn|1000\n|teamsize|p1|6\n|teamsize|p2|6\n|gen|9\n|tier|[Gen 9] National Dex Doubles\n|rated|\n|rule|HP Percentage Mod: HP is shown in percentages\n|rule|Endless Battle Clause: Forcing endless battles is banned\n|rule|OHKO Clause: OHKO moves are banned\n|rule|Evasion Moves Clause: Evasion moves are banned\n|rule|Evasion Abilities Clause: Evasion abilities are banned\n|rule|Species Clause: Limit one of each Pok\u00e9mon\n|rule|Gravity Sleep Clause: The combination of sleep-inducing moves with imperfect accuracy and Gravity or Gigantamax Orbeetle are banned\n|clearpoke\n|poke|p1|Vaporeon, F|\n|poke|p1|Dustox, M|\n|poke|p1|Exeggutor-Alola, F|\n|poke|p1|Crabominable, M|\n|poke|p1|Orthworm, F|\n|poke|p1|Typhlosion, M|\n|poke|p2|Blastoise, M|\n|poke|p2|Clefable, F|\n|poke|p2|Indeedee-F, F|\n|poke|p2|Mr. Mime, M|\n|poke|p2|Glastrier|\n|poke|p2|Oranguru, F|\n|teampreview\n|inactive|Battle timer is ON: inactive players will automatically lose when time's up. (requested by Jtib le u do hi)\n|\n|t:|1696448241\n|start\n|switch|p1a: Exeggutor|Exeggutor-Alola, F|100\/100\n|switch|p1b: Typhlosion|Typhlosion, M|100\/100\n|switch|p2a: Glastrier|Glastrier|100\/100\n|switch|p2b: Indeedee|Indeedee-F, F|100\/100\n|-fieldstart|move: Psychic Terrain|[from] ability: Psychic Surge|[of] p2b: Indeedee\n|-item|p2a: Glastrier|Loaded Dice|[from] ability: Frisk|[of] p1a: Exeggutor|[identify]\n|-item|p2b: Indeedee|Focus Sash|[from] ability: Frisk|[of] p1a: Exeggutor|[identify]\n|turn|1\n|\n|t:|1696448262\n|-terastallize|p1a: Exeggutor|Steel\n|move|p2a: Glastrier|Protect|p2a: Glastrier\n|-singleturn|p2a: Glastrier|Protect\n|move|p1b: Typhlosion|Eruption|p2a: Glastrier|[spread] p2b\n|-activate|p2a: Glastrier|move: Protect\n|-damage|p2b: Indeedee|47\/100\n|move|p1a: Exeggutor|Swords Dance|p1a: Exeggutor\n|-boost|p1a: Exeggutor|atk|2\n|move|p2b: Indeedee|Trick Room|p2b: Indeedee\n|-fieldstart|move: Trick Room|[of] p2b: Indeedee\n|\n|upkeep\n|turn|2\n|\n|t:|1696448278\n|move|p2b: Indeedee|Follow Me|p2b: Indeedee\n|-singleturn|p2b: Indeedee|move: Follow Me\n|move|p2a: Glastrier|Stomping Tantrum|p1b: Typhlosion\n|-supereffective|p1b: Typhlosion\n|-damage|p1b: Typhlosion|15\/100\n|move|p1a: Exeggutor|Iron Head|p2b: Indeedee\n|-damage|p2b: Indeedee|0 fnt\n|faint|p2b: Indeedee\n|move|p1b: Typhlosion|Eruption|p2a: Glastrier\n|-supereffective|p2a: Glastrier\n|-damage|p2a: Glastrier|79\/100\n|\n|upkeep\n|\n|t:|1696448296\n|switch|p2b: Blastoise|Blastoise, M|100\/100\n|turn|3\n|\n|t:|1696448307\n|switch|p1b: Orthworm|Orthworm, F|100\/100\n|move|p2b: Blastoise|Follow Me|p2b: Blastoise\n|-singleturn|p2b: Blastoise|move: Follow Me\n|move|p2a: Glastrier|Stomping Tantrum|p1b: Orthworm\n|-immune|p1b: Orthworm|[from] ability: Earth Eater\n|move|p1a: Exeggutor|Iron Head|p2b: Blastoise\n|-resisted|p2b: Blastoise\n|-damage|p2b: Blastoise|74\/100\n|\n|upkeep\n|turn|4\n|\n|t:|1696448331\n|move|p2b: Blastoise|Follow Me|p2b: Blastoise\n|-singleturn|p2b: Blastoise|move: Follow Me\n|move|p2a: Glastrier|Stomping Tantrum|p1a: Exeggutor\n|-supereffective|p1a: Exeggutor\n|-damage|p1a: Exeggutor|0 fnt\n|faint|p1a: Exeggutor\n|-ability|p2a: Glastrier|Chilling Neigh|boost\n|-boost|p2a: Glastrier|atk|1\n|move|p1b: Orthworm|Iron Head|p2b: Blastoise\n|-resisted|p2b: Blastoise\n|-damage|p2b: Blastoise|64\/100\n|\n|upkeep\n|\n|t:|1696448341\n|switch|p1a: Dustox|Dustox, M|100\/100\n|turn|5\n|\n|t:|1696448349\n|move|p2b: Blastoise|Follow Me|p2b: Blastoise\n|-singleturn|p2b: Blastoise|move: Follow Me\n|move|p2a: Glastrier|Icicle Spear|p1a: Dustox\n|-damage|p1a: Dustox|65\/100\n|-damage|p1a: Dustox|31\/100\n|-damage|p1a: Dustox|0 fnt\n|faint|p1a: Dustox\n|-ability|p2a: Glastrier|Chilling Neigh|boost\n|-boost|p2a: Glastrier|atk|1\n|-hitcount|p1: Dustox|3\n|move|p1b: Orthworm|Body Press|p2b: Blastoise\n|-damage|p2b: Blastoise|39\/100\n|\n|-fieldend|move: Trick Room\n|-fieldend|move: Psychic Terrain\n|upkeep\n|-message|NixonGaming37 forfeited.\n|\n|win|Jtib le u do hi\n|raw|NixonGaming37's rating: 1131 &rarr; <strong>1097<\/strong><br \/>(-34 for losing)\n|raw|Jtib le u do hi's rating: 1000 &rarr; <strong>1054<\/strong><br \/>(+54 for winning)\n|l|\u2606NixonGaming37\n","uploadtime":1696448366,"views":6,"p1id":"nixongaming37","p2id":"jtibleudohi","formatid":"gen9nationaldexdoubles","rating":1054,"private":0,"password":""}