{"id":"gen9nationaldexdoubles-1993460592","p1":"DudunsparceBoi","p2":"gameaider","format":"[Gen 9] National Dex Doubles","log":"|j|\u2606DudunsparceBoi\n|j|\u2606gameaider\n|t:|1700320654\n|gametype|doubles\n|player|p1|DudunsparceBoi|gardenia|1040\n|player|p2|gameaider|skyla|1000\n|teamsize|p1|6\n|teamsize|p2|6\n|gen|9\n|tier|[Gen 9] National Dex Doubles\n|rated|\n|rule|HP Percentage Mod: HP is shown in percentages\n|rule|Endless Battle Clause: Forcing endless battles is banned\n|rule|OHKO Clause: OHKO moves are banned\n|rule|Evasion Moves Clause: Evasion moves are banned\n|rule|Evasion Abilities Clause: Evasion abilities are banned\n|rule|Species Clause: Limit one of each Pok\u00e9mon\n|rule|Gravity Sleep Clause: The combination of sleep-inducing moves with imperfect accuracy and Gravity or Gigantamax Orbeetle are banned\n|clearpoke\n|poke|p1|Meowscarada, F|\n|poke|p1|Centiskorch, M|\n|poke|p1|Dudunsparce-*, M|\n|poke|p1|Cursola, F|\n|poke|p1|Emolga, M|\n|poke|p1|Bastiodon, M|\n|poke|p2|Pelipper, F|\n|poke|p2|Swampert, F|\n|poke|p2|Politoed, F|\n|poke|p2|Moltres|\n|poke|p2|Vaporeon, F|\n|poke|p2|Blissey, F|\n|teampreview\n|\n|t:|1700320684\n|start\n|switch|p1a: Emolga|Emolga, M|100\/100\n|switch|p1b: Cursola|Cursola, F|100\/100\n|switch|p2a: Pelipper|Pelipper, F|100\/100\n|switch|p2b: Swampert|Swampert, F|100\/100\n|-weather|RainDance|[from] ability: Drizzle|[of] p2a: Pelipper\n|turn|1\n|\n|t:|1700320718\n|move|p1a: Emolga|Tailwind|p1a: Emolga\n|-sidestart|p1: DudunsparceBoi|move: Tailwind\n|move|p2a: Pelipper|Hurricane|p1a: Emolga\n|-resisted|p1a: Emolga\n|-damage|p1a: Emolga|52\/100\n|-start|p1a: Emolga|confusion\n|move|p1b: Cursola|Iron Defense|p1b: Cursola\n|-boost|p1b: Cursola|def|2\n|move|p2b: Swampert|Waterfall|p1a: Emolga\n|-damage|p1a: Emolga|0 fnt\n|faint|p1a: Emolga\n|\n|-weather|RainDance|[upkeep]\n|upkeep\n|\n|t:|1700320733\n|switch|p1a: Meowscarada|Meowscarada, F, shiny|100\/100\n|turn|2\n|\n|t:|1700320761\n|detailschange|p2b: Swampert|Swampert-Mega, F\n|-mega|p2b: Swampert|Swampert|Swampertite\n|move|p2b: Swampert|Protect|p2b: Swampert\n|-singleturn|p2b: Swampert|Protect\n|move|p1a: Meowscarada|Petal Blizzard|p2a: Pelipper|[spread] p1b,p2a\n|-activate|p2b: Swampert|move: Protect\n|-damage|p1b: Cursola|78\/100\n|-damage|p2a: Pelipper|55\/100\n|move|p2a: Pelipper|Hurricane|p1a: Meowscarada\n|-supereffective|p1a: Meowscarada\n|-damage|p1a: Meowscarada|0 fnt\n|faint|p1a: Meowscarada\n|move|p1b: Cursola|Night Shade|p2a: Pelipper\n|-damage|p2a: Pelipper|17\/100\n|-enditem|p2a: Pelipper|Aguav Berry|[eat]\n|-heal|p2a: Pelipper|50\/100|[from] item: Aguav Berry\n|\n|-weather|RainDance|[upkeep]\n|-heal|p1b: Cursola|84\/100|[from] item: Leftovers\n|upkeep\n|\n|t:|1700320783\n|switch|p1a: Centiskorch|Centiskorch, M|100\/100\n|turn|3\n|c|\u2606gameaider|hi\n|\n|t:|1700320806\n|move|p1a: Centiskorch|Power Whip|p2b: Swampert\n|-supereffective|p2b: Swampert\n|-damage|p2b: Swampert|0 fnt\n|faint|p2b: Swampert\n|move|p2a: Pelipper|Hydro Pump|p1a: Centiskorch\n|-supereffective|p1a: Centiskorch\n|-damage|p1a: Centiskorch|0 fnt\n|faint|p1a: Centiskorch\n|move|p1b: Cursola|Strength Sap|p2a: Pelipper\n|-unboost|p2a: Pelipper|atk|1\n|-heal|p1b: Cursola|100\/100\n|\n|-weather|RainDance|[upkeep]\n|upkeep\n|\n|t:|1700320827\n|switch|p1a: Dudunsparce|Dudunsparce-Three-Segment, M|100\/100\n|switch|p2b: Blissey|Blissey, F|100\/100\n|turn|4\n|c|\u2606DudunsparceBoi|henlo\n|\n|t:|1700320847\n|move|p1a: Dudunsparce|Coil|p1a: Dudunsparce\n|-boost|p1a: Dudunsparce|atk|1\n|-boost|p1a: Dudunsparce|def|1\n|-boost|p1a: Dudunsparce|accuracy|1\n|move|p2a: Pelipper|Hurricane|p1b: Cursola\n|-damage|p1b: Cursola|59\/100\n|move|p1b: Cursola|Iron Defense|p1b: Cursola\n|-boost|p1b: Cursola|def|2\n|move|p2b: Blissey|Heal Pulse|p2a: Pelipper\n|-heal|p2a: Pelipper|99\/100\n|\n|-weather|RainDance|[upkeep]\n|-heal|p1b: Cursola|65\/100|[from] item: Leftovers\n|-sideend|p1: DudunsparceBoi|move: Tailwind\n|upkeep\n|turn|5\n|\n|t:|1700320877\n|move|p2a: Pelipper|U-turn|p1b: Cursola\n|-resisted|p1b: Cursola\n|-damage|p1b: Cursola|63\/100\n|-ability|p1b: Cursola|Perish Body\n|\n|t:|1700320896\n|switch|p2a: Vaporeon|Vaporeon, F|100\/100|[from] U-turn\n|move|p1a: Dudunsparce|Hyper Drill|p2b: Blissey\n|-damage|p2b: Blissey|45\/100\n|move|p2b: Blissey|Seismic Toss|p1b: Cursola\n|-immune|p1b: Cursola\n|move|p1b: Cursola|Night Shade|p2a: Vaporeon\n|-damage|p2a: Vaporeon|79\/100\n|\n|-weather|none\n|-heal|p2a: Vaporeon|85\/100|[from] item: Leftovers\n|-heal|p2b: Blissey|51\/100|[from] item: Leftovers\n|-heal|p1b: Cursola|69\/100|[from] item: Leftovers\n|-start|p1b: Cursola|perish3\n|upkeep\n|turn|6\n|\n|t:|1700320924\n|move|p2a: Vaporeon|Surf|p1a: Dudunsparce|[spread] p2b,p1a,p1b\n|-damage|p2b: Blissey|42\/100\n|-damage|p1a: Dudunsparce|79\/100\n|-damage|p1b: Cursola|46\/100\n|move|p1a: Dudunsparce|Hyper Drill|p2b: Blissey\n|-crit|p2b: Blissey\n|-damage|p2b: Blissey|0 fnt\n|faint|p2b: Blissey\n|-heal|p1a: Dudunsparce|88\/100|[from] item: Shell Bell|[of] p2: Blissey\n|move|p1b: Cursola|Night Shade|p2a: Vaporeon\n|-damage|p2a: Vaporeon|64\/100\n|\n|-heal|p2a: Vaporeon|70\/100|[from] item: Leftovers\n|-heal|p1b: Cursola|52\/100|[from] item: Leftovers\n|-start|p1b: Cursola|perish2\n|upkeep\n|\n|t:|1700320941\n|switch|p2b: Pelipper|Pelipper, F|99\/100\n|-weather|RainDance|[from] ability: Drizzle|[of] p2b: Pelipper\n|turn|7\n|\n|t:|1700320960\n|switch|p1b: Bastiodon|Bastiodon, M|100\/100\n|move|p2b: Pelipper|Hurricane|p1b: Bastiodon\n|-resisted|p1b: Bastiodon\n|-damage|p1b: Bastiodon|91\/100\n|-start|p1b: Bastiodon|confusion\n|move|p2a: Vaporeon|Ice Beam|p1b: Bastiodon\n|-resisted|p1b: Bastiodon\n|-damage|p1b: Bastiodon|81\/100\n|move|p1a: Dudunsparce|Hyper Drill|p2a: Vaporeon\n|-damage|p2a: Vaporeon|27\/100\n|-heal|p1a: Dudunsparce|95\/100|[from] item: Shell Bell|[of] p2a: Vaporeon\n|\n|-weather|RainDance|[upkeep]\n|-heal|p2a: Vaporeon|33\/100|[from] item: Leftovers\n|upkeep\n|turn|8\n|\n|t:|1700321001\n|-terastallize|p2a: Vaporeon|Water\n|move|p2b: Pelipper|Hydro Pump|p1b: Bastiodon\n|-supereffective|p1b: Bastiodon\n|-damage|p1b: Bastiodon|0 fnt\n|faint|p1b: Bastiodon\n|move|p2a: Vaporeon|Wish|p2a: Vaporeon\n|move|p1a: Dudunsparce|Hyper Drill|p2b: Pelipper\n|-damage|p2b: Pelipper|20\/100\n|-heal|p1a: Dudunsparce|100\/100|[from] item: Shell Bell|[of] p2b: Pelipper\n|\n|-weather|RainDance|[upkeep]\n|-heal|p2a: Vaporeon|40\/100|[from] item: Leftovers\n|upkeep\n|\n|t:|1700321018\n|switch|p1b: Cursola|Cursola, F|52\/100\n|turn|9\n|\n|t:|1700321032\n|move|p2b: Pelipper|Hurricane|p1b: Cursola\n|-damage|p1b: Cursola|11\/100\n|move|p2a: Vaporeon|Acid Armor|p2a: Vaporeon\n|-boost|p2a: Vaporeon|def|2\n|move|p1a: Dudunsparce|Hyper Drill|p2b: Pelipper\n|-damage|p2b: Pelipper|0 fnt\n|faint|p2b: Pelipper\n|move|p1b: Cursola|Iron Defense|p1b: Cursola\n|-boost|p1b: Cursola|def|2\n|\n|-weather|RainDance|[upkeep]\n|-heal|p2a: Vaporeon|90\/100|[from] move: Wish|[wisher] Vaporeon\n|-heal|p2a: Vaporeon|96\/100|[from] item: Leftovers\n|-heal|p1b: Cursola|17\/100|[from] item: Leftovers\n|upkeep\n|\n|t:|1700321051\n|switch|p2b: Moltres|Moltres|100\/100\n|turn|10\n|\n|t:|1700321062\n|move|p2b: Moltres|Hurricane|p1b: Cursola\n|-damage|p1b: Cursola|0 fnt\n|faint|p1b: Cursola\n|move|p2a: Vaporeon|Ice Beam|p1a: Dudunsparce\n|-damage|p1a: Dudunsparce|82\/100\n|move|p1a: Dudunsparce|Hyper Drill|p2b: Moltres\n|-damage|p2b: Moltres|37\/100\n|-heal|p1a: Dudunsparce|88\/100|[from] item: Shell Bell|[of] p2b: Moltres\n|\n|-weather|RainDance|[upkeep]\n|-heal|p2a: Vaporeon|100\/100|[from] item: Leftovers\n|upkeep\n|turn|11\n|\n|t:|1700321086\n|move|p2b: Moltres|Hurricane|p1a: Dudunsparce\n|-damage|p1a: Dudunsparce|42\/100\n|move|p2a: Vaporeon|Ice Beam|p1a: Dudunsparce\n|-damage|p1a: Dudunsparce|24\/100\n|move|p1a: Dudunsparce|Hyper Drill|p2b: Moltres\n|-damage|p2b: Moltres|0 fnt\n|-status|p1a: Dudunsparce|brn|[from] ability: Flame Body|[of] p2b: Moltres\n|faint|p2b: Moltres\n|-heal|p1a: Dudunsparce|28\/100 brn|[from] item: Shell Bell|[of] p2: Moltres\n|\n|-weather|none\n|-damage|p1a: Dudunsparce|21\/100 brn|[from] brn\n|upkeep\n|\n|t:|1700321101\n|switch|p2b: Politoed|Politoed, F, shiny|100\/100\n|-weather|RainDance|[from] ability: Drizzle|[of] p2b: Politoed\n|turn|12\n|\n|t:|1700321110\n|move|p2b: Politoed|Muddy Water|p1a: Dudunsparce\n|-damage|p1a: Dudunsparce|0 fnt\n|faint|p1a: Dudunsparce\n|\n|win|gameaider\n|raw|DudunsparceBoi's rating: 1040 &rarr; <strong>1022<\/strong><br \/>(-18 for losing)\n|raw|gameaider's rating: 1000 &rarr; <strong>1045<\/strong><br \/>(+45 for winning)\n|c|\u2606DudunsparceBoi|gg\n","uploadtime":1700321121,"views":5,"p1id":"dudunsparceboi","p2id":"gameaider","formatid":"gen9nationaldexdoubles","rating":1022,"private":0,"password":""}