{"id":"gen9nationaldexdoubles-1967420572","p1":"LeChaelum","p2":"Ancientguirus","format":"[Gen 9] National Dex Doubles","log":"|j|\u2606LeChaelum\n|j|\u2606Ancientguirus\n|t:|1697300146\n|gametype|doubles\n|player|p1|LeChaelum|schoolkid-gen4|1299\n|player|p2|Ancientguirus|raihan|1226\n|teamsize|p1|6\n|teamsize|p2|6\n|gen|9\n|tier|[Gen 9] National Dex Doubles\n|rated|\n|rule|HP Percentage Mod: HP is shown in percentages\n|rule|Endless Battle Clause: Forcing endless battles is banned\n|rule|OHKO Clause: OHKO moves are banned\n|rule|Evasion Moves Clause: Evasion moves are banned\n|rule|Evasion Abilities Clause: Evasion abilities are banned\n|rule|Species Clause: Limit one of each Pok\u00e9mon\n|rule|Gravity Sleep Clause: The combination of sleep-inducing moves with imperfect accuracy and Gravity or Gigantamax Orbeetle are banned\n|clearpoke\n|poke|p1|Okidogi, M|\n|poke|p1|Incineroar, M|\n|poke|p1|Zamazenta-*|\n|poke|p1|Latios, M|\n|poke|p1|Vivillon-Icy Snow, M|\n|poke|p1|Oricorio-Sensu, M|\n|poke|p2|Skeledirge, M|\n|poke|p2|Feraligatr, M|\n|poke|p2|Okidogi, M|\n|poke|p2|Grimmsnarl, M|\n|poke|p2|Glastrier|\n|poke|p2|Serperior, M|\n|teampreview\n|\n|t:|1697300158\n|start\n|switch|p1a: Oricorio|Oricorio-Sensu, M|100\/100\n|switch|p1b: Zamazenta|Zamazenta|100\/100\n|switch|p2a: Ruff Day|Okidogi, M|100\/100\n|switch|p2b: croc|Skeledirge, M|100\/100\n|-ability|p1b: Zamazenta|Dauntless Shield|boost\n|-boost|p1b: Zamazenta|def|1\n|turn|1\n|\n|t:|1697300191\n|move|p1b: Zamazenta|Coaching|p1a: Oricorio\n|-boost|p1a: Oricorio|atk|1\n|-boost|p1a: Oricorio|def|1\n|move|p1a: Oricorio|Quiver Dance|p1a: Oricorio\n|-boost|p1a: Oricorio|spa|1\n|-boost|p1a: Oricorio|spd|1\n|-boost|p1a: Oricorio|spe|1\n|move|p2a: Ruff Day|Bulk Up|p2a: Ruff Day\n|-boost|p2a: Ruff Day|atk|1\n|-boost|p2a: Ruff Day|def|1\n|move|p2b: croc|Shadow Ball|p1a: Oricorio\n|-supereffective|p1a: Oricorio\n|-enditem|p1a: Oricorio|Focus Sash\n|-damage|p1a: Oricorio|1\/100\n|-unboost|p1a: Oricorio|spd|1\n|\n|upkeep\n|turn|2\n|\n|t:|1697300219\n|move|p1a: Oricorio|Baton Pass|p1a: Oricorio\n|\n|t:|1697300221\n|switch|p1a: Incineroar|Incineroar, M|100\/100|[from] Baton Pass\n|-ability|p1a: Incineroar|Intimidate|boost\n|-ability|p2a: Ruff Day|Guard Dog|boost\n|-boost|p2a: Ruff Day|atk|1\n|-enditem|p2a: Ruff Day|Adrenaline Orb\n|-boost|p2a: Ruff Day|spe|1|[from] item: Adrenaline Orb\n|-unboost|p2b: croc|atk|1\n|move|p2a: Ruff Day|Knock Off|p1a: Incineroar\n|-resisted|p1a: Incineroar\n|-damage|p1a: Incineroar|80\/100\n|-enditem|p1a: Incineroar|Weakness Policy|[from] move: Knock Off|[of] p2a: Ruff Day\n|move|p1b: Zamazenta|Coaching|p1a: Incineroar\n|-boost|p1a: Incineroar|atk|1\n|-boost|p1a: Incineroar|def|1\n|move|p2b: croc|Shadow Ball|p1b: Zamazenta\n|-damage|p1b: Zamazenta|66\/100\n|\n|-heal|p1b: Zamazenta|73\/100|[from] item: Leftovers\n|upkeep\n|turn|3\n|\n|t:|1697300250\n|move|p2a: Ruff Day|Drain Punch|p1a: Incineroar\n|-supereffective|p1a: Incineroar\n|-damage|p1a: Incineroar|0 fnt\n|faint|p1a: Incineroar\n|move|p1b: Zamazenta|Body Press|p1: Incineroar|[notarget]\n|-fail|p1b: Zamazenta\n|move|p2b: croc|Torch Song|p1b: Zamazenta\n|-damage|p1b: Zamazenta|40\/100\n|-boost|p2b: croc|spa|1\n|\n|-heal|p1b: Zamazenta|46\/100|[from] item: Leftovers\n|upkeep\n|\n|t:|1697300286\n|switch|p1a: Oricorio|Oricorio-Sensu, M|1\/100\n|turn|4\n|\n|t:|1697300319\n|move|p2a: Ruff Day|Knock Off|p1a: Oricorio\n|-supereffective|p1a: Oricorio\n|-damage|p1a: Oricorio|0 fnt\n|faint|p1a: Oricorio\n|move|p1b: Zamazenta|Body Press|p2a: Ruff Day\n|-resisted|p2a: Ruff Day\n|-damage|p2a: Ruff Day|84\/100\n|move|p2b: croc|Torch Song|p1b: Zamazenta\n|-damage|p1b: Zamazenta|0 fnt\n|-boost|p2b: croc|spa|1\n|faint|p1b: Zamazenta\n|\n|upkeep\n|\n|t:|1697300343\n|switch|p1b: Okidogi|Okidogi, M|100\/100\n|switch|p1a: Vivillon|Vivillon-Icy Snow, M|100\/100\n|turn|5\n|\n|t:|1697300381\n|move|p2a: Ruff Day|Bulk Up|p2a: Ruff Day\n|-boost|p2a: Ruff Day|atk|1\n|-boost|p2a: Ruff Day|def|1\n|move|p1a: Vivillon|Sleep Powder|p2a: Ruff Day|[miss]\n|-miss|p1a: Vivillon|p2a: Ruff Day\n|move|p1b: Okidogi|Knock Off|p2b: croc\n|-supereffective|p2b: croc\n|-damage|p2b: croc|37\/100\n|-enditem|p2b: croc|Assault Vest|[from] move: Knock Off|[of] p1b: Okidogi\n|move|p2b: croc|Torch Song|p1a: Vivillon\n|-supereffective|p1a: Vivillon\n|-enditem|p1a: Vivillon|Focus Sash\n|-damage|p1a: Vivillon|1\/100\n|-boost|p2b: croc|spa|1\n|\n|upkeep\n|turn|6\n|\n|t:|1697300410\n|move|p2a: Ruff Day|Drain Punch|p1b: Okidogi\n|-resisted|p1b: Okidogi\n|-damage|p1b: Okidogi|64\/100\n|-heal|p2a: Ruff Day|100\/100|[from] drain|[of] p1b: Okidogi\n|move|p1a: Vivillon|Sleep Powder|p2a: Ruff Day|[miss]\n|-miss|p1a: Vivillon|p2a: Ruff Day\n|move|p1b: Okidogi|Bulk Up|p1b: Okidogi\n|-boost|p1b: Okidogi|atk|1\n|-boost|p1b: Okidogi|def|1\n|move|p2b: croc|Earth Power|p1b: Okidogi\n|-supereffective|p1b: Okidogi\n|-damage|p1b: Okidogi|0 fnt\n|faint|p1b: Okidogi\n|\n|upkeep\n|\n|t:|1697300416\n|switch|p1b: Latios|Latios, M|100\/100\n|turn|7\n|\n|t:|1697300430\n|-terastallize|p2a: Ruff Day|Dark\n|move|p2a: Ruff Day|Knock Off|p1b: Latios\n|-supereffective|p1b: Latios\n|-damage|p1b: Latios|0 fnt\n|faint|p1b: Latios\n|move|p1a: Vivillon|Pollen Puff|p2b: croc\n|-resisted|p2b: croc\n|-damage|p2b: croc|28\/100\n|move|p2b: croc|Torch Song|p1a: Vivillon\n|-supereffective|p1a: Vivillon\n|-damage|p1a: Vivillon|0 fnt\n|-boost|p2b: croc|spa|1\n|faint|p1a: Vivillon\n|\n|win|Ancientguirus\n|raw|LeChaelum's rating: 1299 &rarr; <strong>1269<\/strong><br \/>(-30 for losing)\n|raw|Ancientguirus's rating: 1226 &rarr; <strong>1256<\/strong><br \/>(+30 for winning)\n|c|\u2606LeChaelum|ggs\n|l|\u2606LeChaelum\n|c|\u2606Ancientguirus|gg\n","uploadtime":1697300557,"views":8,"p1id":"lechaelum","p2id":"ancientguirus","formatid":"gen9nationaldexdoubles","rating":1256,"private":0,"password":""}