{"id":"gen9nationaldexdoubles-1972351199","p1":"scout033","p2":"abcdialzza","format":"[Gen 9] National Dex Doubles","log":"|j|\u2606scout033\n|j|\u2606abcdialzza\n|t:|1697833913\n|gametype|doubles\n|player|p1|scout033|byron|\n|player|p2|abcdialzza|drayden|\n|teamsize|p1|6\n|teamsize|p2|6\n|gen|9\n|tier|[Gen 9] National Dex Doubles\n|rule|HP Percentage Mod: HP is shown in percentages\n|rule|Endless Battle Clause: Forcing endless battles is banned\n|rule|OHKO Clause: OHKO moves are banned\n|rule|Evasion Moves Clause: Evasion moves are banned\n|rule|Evasion Abilities Clause: Evasion abilities are banned\n|rule|Species Clause: Limit one of each Pok\u00e9mon\n|rule|Gravity Sleep Clause: The combination of sleep-inducing moves with imperfect accuracy and Gravity or Gigantamax Orbeetle are banned\n|clearpoke\n|poke|p1|Typhlosion, F|\n|poke|p1|Incineroar, F|\n|poke|p1|Espeon, M|\n|poke|p1|Crobat, F|\n|poke|p1|Ninetales, F|\n|poke|p1|Amoonguss, F|\n|poke|p2|Tornadus, M|\n|poke|p2|Deoxys-Speed|\n|poke|p2|Excadrill, M|\n|poke|p2|Tyranitar, M|\n|poke|p2|Wyrdeer, F|\n|poke|p2|Milotic, M|\n|teampreview\n|c|\u2606scout033|good luck and have fun\n|c|\u2606abcdialzza|u2\n|c|\u2606abcdialzza|!randpoke\n|raw|<div class=\"message\"><ul class=\"utilichart\"><li class=\"result\"><span class=\"col numcol\">LC<\/span> <span class=\"col iconcol\"><psicon pokemon=\"rowlet\"\/><\/span> <span class=\"col pokemonnamecol\" style=\"white-space:nowrap\"><a href=\"https:\/\/dex.pokemonshowdown.com\/pokemon\/rowlet\" target=\"_blank\">Rowlet<\/a><\/span> <span class=\"col typecol\"><img src=\"https:\/\/play.pokemonshowdown.com\/sprites\/types\/Grass.png\" alt=\"Grass\" height=\"14\" width=\"32\"><img src=\"https:\/\/play.pokemonshowdown.com\/sprites\/types\/Flying.png\" alt=\"Flying\" height=\"14\" width=\"32\"><\/span> <span style=\"float:left;min-height:26px\"><span class=\"col abilitycol\">Overgrow<\/span><span class=\"col abilitycol\"><em>Long Reach<\/em><\/span><\/span><span style=\"float:left;min-height:26px\"><span class=\"col statcol\"><em>HP<\/em><br \/>68<\/span> <span class=\"col statcol\"><em>Atk<\/em><br \/>55<\/span> <span class=\"col statcol\"><em>Def<\/em><br \/>55<\/span> <span class=\"col statcol\"><em>SpA<\/em><br \/>50<\/span> <span class=\"col statcol\"><em>SpD<\/em><br \/>50<\/span> <span class=\"col statcol\"><em>Spe<\/em><br \/>42<\/span> <span class=\"col bstcol\"><em>BST<br \/>320<\/em><\/span> <\/span><\/li><li style=\"clear:both\"><\/li><\/ul><\/div>\n|raw|<font size=\"1\"><font color=\"#686868\">Dex#:<\/font> 722&nbsp;|&ThickSpace;<font color=\"#686868\">Gen:<\/font> 7&nbsp;|&ThickSpace;<font color=\"#686868\">Height:<\/font> 0.3 m&nbsp;|&ThickSpace;<font color=\"#686868\">Weight:<\/font> 1.5 kg <em>(20 BP)<\/em>&nbsp;|&ThickSpace;<font color=\"#686868\">Dex Colour:<\/font> Brown&nbsp;|&ThickSpace;<font color=\"#686868\">Egg Group(s):<\/font> Flying&nbsp;|&ThickSpace;<font color=\"#686868\">Evolution:<\/font> Dartrix (17)<\/font>\n\n|\n|t:|1697833991\n|start\n|switch|p1a: Bungaroar|Incineroar, F|100\/100\n|switch|p1b: Bungaeon|Espeon, M|100\/100\n|switch|p2a: Thunduryus|Tornadus, M|100\/100\n|switch|p2b: The Noodle|Milotic, M|100\/100\n|-ability|p1a: Bungaroar|Intimidate|boost\n|-unboost|p2a: Thunduryus|atk|1\n|-unboost|p2b: The Noodle|atk|1\n|-ability|p2b: The Noodle|Competitive|boost\n|-boost|p2b: The Noodle|spa|2\n|turn|1\n|\n|t:|1697834048\n|move|p1a: Bungaroar|Fake Out|p2b: The Noodle\n|-damage|p2b: The Noodle|90\/100\n|move|p2a: Thunduryus|Tailwind|p2a: Thunduryus\n|-sidestart|p2: abcdialzza|move: Tailwind\n|cant|p2b: The Noodle|flinch\n|move|p1b: Bungaeon|Trick Room|p1b: Bungaeon\n|-fieldstart|move: Trick Room|[of] p1b: Bungaeon\n|\n|upkeep\n|turn|2\n|j| Tatoogonnawine\n|c| Tatoogonnawine|dial and dial vs scout and scout?\n|\n|t:|1697834086\n|switch|p1b: Ungabunguss|Amoonguss, F|100\/100\n|move|p2a: Thunduryus|Rain Dance|p2a: Thunduryus\n|-weather|RainDance\n|move|p1a: Bungaroar|Parting Shot|p2a: Thunduryus\n|-unboost|p2a: Thunduryus|atk|1\n|-unboost|p2a: Thunduryus|spa|1\n|\n|t:|1697834096\n|switch|p1a: Bungatales|Ninetales, F|100\/100|[from] Parting Shot\n|-weather|SunnyDay|[from] ability: Drought|[of] p1a: Bungatales\n|move|p2b: The Noodle|Muddy Water|p1a: Bungatales|[spread] p1b\n|-miss|p2b: The Noodle|p1a: Bungatales\n|-resisted|p1b: Ungabunguss\n|-damage|p1b: Ungabunguss|87\/100\n|\n|-weather|SunnyDay|[upkeep]\n|upkeep\n|turn|3\n|c| Tatoogonnawine|I can relate to that\n|\n|t:|1697834175\n|switch|p2b: RBF Moose|Wyrdeer, F|100\/100\n|move|p2a: Thunduryus|Rain Dance|p2a: Thunduryus\n|-weather|RainDance\n|move|p1b: Ungabunguss|Spore|p2a: Thunduryus\n|-status|p2a: Thunduryus|slp|[from] move: Spore\n|move|p1a: Bungatales|Solar Beam||[still]\n|-prepare|p1a: Bungatales|Solar Beam\n|\n|-weather|RainDance|[upkeep]\n|upkeep\n|turn|4\n|\n|t:|1697834203\n|move|p1b: Ungabunguss|Spore|p2b: RBF Moose\n|-ability|p2b: RBF Moose|Sap Sipper|boost\n|-boost|p2b: RBF Moose|atk|1\n|move|p2b: RBF Moose|Light Screen|p2b: RBF Moose\n|-sidestart|p2: abcdialzza|move: Light Screen\n|move|p1a: Bungatales|Solar Beam|p2b: RBF Moose|[from]lockedmove\n|-ability|p2b: RBF Moose|Sap Sipper|boost\n|-boost|p2b: RBF Moose|atk|1\n|cant|p2a: Thunduryus|slp\n|\n|-weather|RainDance|[upkeep]\n|-sideend|p2: abcdialzza|move: Tailwind\n|upkeep\n|turn|5\n|\n|t:|1697834237\n|switch|p1a: Bungaroar|Incineroar, F|100\/100\n|-ability|p1a: Bungaroar|Intimidate|boost\n|-unboost|p2a: Thunduryus|atk|1\n|-unboost|p2b: RBF Moose|atk|1\n|move|p1b: Ungabunguss|Sludge Bomb|p2b: RBF Moose\n|-damage|p2b: RBF Moose|88\/100\n|move|p2b: RBF Moose|Earth Power|p1a: Bungaroar\n|-supereffective|p1a: Bungaroar\n|-damage|p1a: Bungaroar|56\/100\n|cant|p2a: Thunduryus|slp\n|\n|-weather|RainDance|[upkeep]\n|-fieldend|move: Trick Room\n|upkeep\n|turn|6\n|\n|t:|1697834274\n|cant|p2a: Thunduryus|slp\n|move|p1a: Bungaroar|Knock Off|p2b: RBF Moose\n|-supereffective|p2b: RBF Moose\n|-damage|p2b: RBF Moose|1\/100\n|-enditem|p2b: RBF Moose|Light Clay|[from] move: Knock Off|[of] p1a: Bungaroar\n|move|p2b: RBF Moose|Earth Power|p1a: Bungaroar\n|-supereffective|p1a: Bungaroar\n|-damage|p1a: Bungaroar|16\/100\n|-enditem|p1a: Bungaroar|Sitrus Berry|[eat]\n|-heal|p1a: Bungaroar|41\/100|[from] item: Sitrus Berry\n|move|p1b: Ungabunguss|Spore|p2a: Thunduryus\n|-fail|p2a: Thunduryus|slp\n|\n|-weather|RainDance|[upkeep]\n|upkeep\n|turn|7\n|j| Blinkingsky\n|\n|t:|1697834343\n|-curestatus|p2a: Thunduryus|slp|[msg]\n|move|p2a: Thunduryus|Bleakwind Storm|p1b: Ungabunguss|[spread] p1a,p1b\n|-supereffective|p1b: Ungabunguss\n|-damage|p1a: Bungaroar|17\/100\n|-damage|p1b: Ungabunguss|44\/100\n|-unboost|p1a: Bungaroar|spe|1\n|-unboost|p1b: Ungabunguss|spe|1\n|-enditem|p1b: Ungabunguss|Sitrus Berry|[eat]\n|-heal|p1b: Ungabunguss|69\/100|[from] item: Sitrus Berry\n|move|p2b: RBF Moose|Earth Power|p1a: Bungaroar\n|-supereffective|p1a: Bungaroar\n|-damage|p1a: Bungaroar|0 fnt\n|faint|p1a: Bungaroar\n|move|p1b: Ungabunguss|Spore|p2a: Thunduryus\n|-status|p2a: Thunduryus|slp|[from] move: Spore\n|\n|-weather|none\n|upkeep\n|\n|t:|1697834365\n|switch|p1a: Crobunga|Crobat, F|100\/100\n|turn|8\n|\n|t:|1697834394\n|cant|p2a: Thunduryus|slp\n|move|p1a: Crobunga|Tailwind|p1a: Crobunga\n|-sidestart|p1: scout033|move: Tailwind\n|move|p2b: RBF Moose|Reflect|p2b: RBF Moose\n|-sidestart|p2: abcdialzza|Reflect\n|move|p1b: Ungabunguss|Sludge Bomb|p2b: RBF Moose\n|-damage|p2b: RBF Moose|0 fnt\n|faint|p2b: RBF Moose\n|\n|upkeep\n|\n|t:|1697834409\n|switch|p2b: The Noodler|Deoxys-Speed|100\/100\n|-ability|p2b: The Noodler|Pressure\n|turn|9\n|c| Tatoogonnawine|the sleepiest torn\n|c| Blinkingsky|eepy\n|c| Tatoogonnawine|lad worked an 18 hour shift at the factory\n|\n|t:|1697834429\n|switch|p1b: Bungatales|Ninetales, F|100\/100\n|-weather|SunnyDay|[from] ability: Drought|[of] p1b: Bungatales\n|cant|p2a: Thunduryus|slp\n|move|p1a: Crobunga|Super Fang|p2b: The Noodler\n|-damage|p2b: The Noodler|50\/100\n|move|p2b: The Noodler|Taunt|p1b: Bungatales\n|-start|p1b: Bungatales|move: Taunt\n|\n|-weather|SunnyDay|[upkeep]\n|upkeep\n|turn|10\n|\n|t:|1697834452\n|switch|p2a: Ms. Tunnels|Tyranitar, M, shiny|100\/100\n|-weather|Sandstorm|[from] ability: Sand Stream|[of] p2a: Ms. Tunnels\n|move|p1a: Crobunga|Brave Bird|p2a: Ms. Tunnels\n|-resisted|p2a: Ms. Tunnels\n|-damage|p2a: Ms. Tunnels|87\/100\n|-damage|p1a: Crobunga|95\/100|[from] Recoil\n|move|p1b: Bungatales|Heat Wave|p2b: The Noodler|[spread] p2a\n|-miss|p1b: Bungatales|p2b: The Noodler\n|-resisted|p2a: Ms. Tunnels\n|-damage|p2a: Ms. Tunnels|82\/100\n|move|p2b: The Noodler|Psycho Boost|p1a: Crobunga\n|-supereffective|p1a: Crobunga\n|-damage|p1a: Crobunga|0 fnt\n|-unboost|p2b: The Noodler|spa|2\n|-enditem|p2b: The Noodler|Eject Pack\n|faint|p1a: Crobunga\n|\n|t:|1697834472\n|switch|p2b: Mr. Tunnels|Excadrill, M|100\/100\n|\n|-weather|Sandstorm|[upkeep]\n|-damage|p1b: Bungatales|95\/100|[from] Sandstorm\n|upkeep\n|c|\u2606abcdialzza|WAIT fuck i forgot to set ttar's gender\n|c|\u2606abcdialzza|tragedy\n|\n|t:|1697834487\n|switch|p1a: Bungaeon|Espeon, M|100\/100\n|turn|11\n|\n|t:|1697834499\n|move|p2a: Ms. Tunnels|Protect|p2a: Ms. Tunnels\n|-singleturn|p2a: Ms. Tunnels|Protect\n|move|p1b: Bungatales|Flamethrower|p2b: Mr. Tunnels\n|-supereffective|p2b: Mr. Tunnels\n|-enditem|p2b: Mr. Tunnels|Occa Berry|[eat]\n|-enditem|p2b: Mr. Tunnels|Occa Berry|[weaken]\n|-damage|p2b: Mr. Tunnels|71\/100\n|move|p2b: Mr. Tunnels|Earthquake|p1b: Bungatales|[spread] p1a,p1b\n|-activate|p2a: Ms. Tunnels|move: Protect\n|-supereffective|p1b: Bungatales\n|-damage|p1a: Bungaeon|12\/100\n|-damage|p1b: Bungatales|0 fnt\n|faint|p1b: Bungatales\n|move|p1a: Bungaeon|Trick Room|p1a: Bungaeon\n|-fieldstart|move: Trick Room|[of] p1a: Bungaeon\n|\n|-weather|Sandstorm|[upkeep]\n|-damage|p1a: Bungaeon|6\/100|[from] Sandstorm\n|-sideend|p2: abcdialzza|move: Light Screen\n|-sideend|p1: scout033|move: Tailwind\n|upkeep\n|c| Tatoogonnawine|it's a progressive relationship\n|c|\u2606abcdialzza|tru\n|\n|t:|1697834531\n|switch|p1b: Bungaphlosion|Typhlosion, F|100\/100\n|turn|12\n|c|\u2606abcdialzza|ttar with the gender fluids\n|\n|t:|1697834592\n|detailschange|p2a: Ms. Tunnels|Tyranitar-Mega, M, shiny\n|-mega|p2a: Ms. Tunnels|Tyranitar|Tyranitarite\n|-terastallize|p1b: Bungaphlosion|Fire\n|move|p2b: Mr. Tunnels|Protect|p2b: Mr. Tunnels\n|-singleturn|p2b: Mr. Tunnels|Protect\n|move|p2a: Ms. Tunnels|Rock Slide|p1b: Bungaphlosion|[spread] p1a,p1b\n|-supereffective|p1b: Bungaphlosion\n|-damage|p1a: Bungaeon|0 fnt\n|-damage|p1b: Bungaphlosion|0 fnt\n|faint|p1a: Bungaeon\n|faint|p1b: Bungaphlosion\n|\n|-weather|Sandstorm|[upkeep]\n|-sideend|p2: abcdialzza|Reflect\n|upkeep\n|\n|t:|1697834605\n|switch|p1a: Ungabunguss|Amoonguss, F|100\/100\n|turn|13\n|c|\u2606scout033|GG\n|c| Tatoogonnawine|lets go amoonguss you got this\n|\n|t:|1697834614\n|move|p1a: Ungabunguss|Sludge Bomb|p2b: Mr. Tunnels\n|-immune|p2b: Mr. Tunnels\n|move|p2a: Ms. Tunnels|Knock Off|p1a: Ungabunguss\n|-damage|p1a: Ungabunguss|69\/100\n|move|p2b: Mr. Tunnels|High Horsepower|p1a: Ungabunguss\n|-damage|p1a: Ungabunguss|32\/100\n|\n|-weather|Sandstorm|[upkeep]\n|-damage|p1a: Ungabunguss|26\/100|[from] Sandstorm\n|upkeep\n|turn|14\n|c| Tatoogonnawine|eject every one of them\n|\n|t:|1697834624\n|move|p1a: Ungabunguss|Sludge Bomb|p2b: Mr. Tunnels\n|-immune|p2b: Mr. Tunnels\n|move|p2a: Ms. Tunnels|Rock Slide|p1a: Ungabunguss\n|-damage|p1a: Ungabunguss|0 fnt\n|faint|p1a: Ungabunguss\n|\n|win|abcdialzza\n|c|\u2606abcdialzza|gg\n","uploadtime":1697834632,"views":32,"p1id":"scout033","p2id":"abcdialzza","formatid":"gen9nationaldexdoubles","rating":0,"private":0,"password":""}