{"id":"gen9nationaldexdoubles-1954134325","p1":"TMFLEVI","p2":"Delfuerte","format":"[Gen 9] National Dex Doubles","log":"|j|\u2606TMFLEVI\n|j|\u2606Delfuerte\n|t:|1695857260\n|gametype|doubles\n|player|p1|TMFLEVI|cynthia|\n|player|p2|Delfuerte|candice|\n|teamsize|p1|6\n|teamsize|p2|6\n|gen|9\n|tier|[Gen 9] National Dex Doubles\n|rule|HP Percentage Mod: HP is shown in percentages\n|rule|Endless Battle Clause: Forcing endless battles is banned\n|rule|OHKO Clause: OHKO moves are banned\n|rule|Evasion Moves Clause: Evasion moves are banned\n|rule|Evasion Abilities Clause: Evasion abilities are banned\n|rule|Species Clause: Limit one of each Pok\u00e9mon\n|rule|Gravity Sleep Clause: The combination of sleep-inducing moves with imperfect accuracy and Gravity or Gigantamax Orbeetle are banned\n|clearpoke\n|poke|p1|Ninetales-Alola, M|\n|poke|p1|Baxcalibur, M|\n|poke|p1|Froslass, F|\n|poke|p1|Mamoswine, F|\n|poke|p1|Arctozolt|\n|poke|p1|Rotom-Frost|\n|poke|p2|Kleavor, M|\n|poke|p2|Aegislash, M|\n|poke|p2|Garganacl, M|\n|poke|p2|Skeledirge, M|\n|poke|p2|Lokix, F|\n|poke|p2|Iron Valiant|\n|teampreview\n|c|\u2606TMFLEVI|Glhf\n|\n|t:|1695857275\n|start\n|switch|p1a: Froslass|Froslass, F|100\/100\n|switch|p1b: Ninetales|Ninetales-Alola, M|100\/100\n|switch|p2a: Gimli|Kleavor, M|100\/100\n|switch|p2b: Salt Bae|Garganacl, M|100\/100\n|-weather|Snow|[from] ability: Snow Warning|[of] p1b: Ninetales\n|turn|1\n|inactive|Battle timer is ON: inactive players will automatically lose when time's up. (requested by TMFLEVI)\n|c|\u2606Delfuerte|To you as well.\n|\n|t:|1695857295\n|move|p1a: Froslass|Taunt|p2a: Gimli\n|-start|p2a: Gimli|move: Taunt\n|move|p1b: Ninetales|Aurora Veil|p1b: Ninetales\n|-sidestart|p1: TMFLEVI|move: Aurora Veil\n|move|p2a: Gimli|Stone Axe|p1a: Froslass\n|-supereffective|p1a: Froslass\n|-damage|p1a: Froslass|1\/100\n|-start|p2a: Gimli|Disable|Stone Axe|[from] ability: Cursed Body|[of] p1a: Froslass\n|-sidestart|p1: TMFLEVI|move: Stealth Rock\n|move|p2b: Salt Bae|Heavy Slam|p1b: Ninetales\n|-supereffective|p1b: Ninetales\n|-damage|p1b: Ninetales|0 fnt\n|faint|p1b: Ninetales\n|\n|-weather|Snow|[upkeep]\n|upkeep\n|\n|t:|1695857311\n|switch|p1b: Rotom|Rotom-Frost|100\/100\n|turn|2\n|\n|t:|1695857326\n|switch|p2a: Masamune|Aegislash, M|100\/100\n|move|p1a: Froslass|Destiny Bond|p1a: Froslass\n|-singlemove|p1a: Froslass|Destiny Bond\n|move|p1b: Rotom|Blizzard|p2a: Masamune|[spread] p2a,p2b\n|-resisted|p2a: Masamune\n|-damage|p2a: Masamune|89\/100\n|-damage|p2b: Salt Bae|65\/100\n|move|p2b: Salt Bae|Salt Cure|p1b: Rotom\n|-supereffective|p1b: Rotom\n|-damage|p1b: Rotom|75\/100\n|-start|p1b: Rotom|Salt Cure\n|\n|-weather|Snow|[upkeep]\n|-heal|p2b: Salt Bae|72\/100|[from] item: Leftovers\n|-damage|p1b: Rotom|63\/100|[from] Salt Cure\n|upkeep\n|turn|3\n|\n|t:|1695857354\n|move|p1a: Froslass|Taunt|p2a: Masamune\n|-start|p2a: Masamune|move: Taunt\n|move|p1b: Rotom|Will-O-Wisp|p2b: Salt Bae|[miss]\n|-miss|p1b: Rotom|p2b: Salt Bae\n|-formechange|p2a: Masamune|Aegislash-Blade||[from] ability: Stance Change\n|move|p2a: Masamune|Iron Head|p1b: Rotom\n|-damage|p1b: Rotom|37\/100\n|-damage|p2a: Masamune|79\/100|[from] item: Life Orb\n|move|p2b: Salt Bae|Salt Cure|p1a: Froslass\n|-supereffective|p1a: Froslass\n|-damage|p1a: Froslass|0 fnt\n|faint|p1a: Froslass\n|\n|-weather|Snow|[upkeep]\n|-heal|p2b: Salt Bae|78\/100|[from] item: Leftovers\n|-damage|p1b: Rotom|24\/100|[from] Salt Cure\n|upkeep\n|inactive|TMFLEVI has 270 seconds left.\n|\n|t:|1695857374\n|switch|p1a: Mamoswine|Mamoswine, F|100\/100\n|-damage|p1a: Mamoswine|88\/100|[from] Stealth Rock\n|turn|4\n|\n|t:|1695857388\n|move|p1b: Rotom|Blizzard|p2b: Salt Bae|[spread] p2a,p2b\n|-resisted|p2a: Masamune\n|-damage|p2a: Masamune|56\/100\n|-damage|p2b: Salt Bae|41\/100\n|move|p1a: Mamoswine|Earthquake|p2b: Salt Bae|[spread] p2a,p2b\n|-immune|p1b: Rotom|[from] ability: Levitate\n|-supereffective|p2a: Masamune\n|-supereffective|p2b: Salt Bae\n|-damage|p2a: Masamune|0 fnt\n|-damage|p2b: Salt Bae|0 fnt\n|faint|p2a: Masamune\n|faint|p2b: Salt Bae\n|\n|-weather|Snow|[upkeep]\n|-damage|p1b: Rotom|12\/100|[from] Salt Cure\n|upkeep\n|\n|t:|1695857407\n|switch|p2a: Gimli|Kleavor, M|100\/100\n|switch|p2b: Karmen|Lokix, F|100\/100\n|turn|5\n|\n|t:|1695857415\n|move|p2b: Karmen|Leech Life|p1b: Rotom\n|-damage|p1b: Rotom|0 fnt\n|faint|p1b: Rotom\n|move|p2a: Gimli|Stone Axe|p1a: Mamoswine\n|-damage|p1a: Mamoswine|49\/100\n|move|p1a: Mamoswine|Earthquake|p2a: Gimli|[spread] p2a,p2b\n|-resisted|p2b: Karmen\n|-damage|p2a: Gimli|29\/100\n|-damage|p2b: Karmen|60\/100\n|\n|-weather|none\n|upkeep\n|c|\u2606Delfuerte|nibble\n|\n|t:|1695857428\n|switch|p1b: Baxcalibur|Baxcalibur, M|100\/100\n|-damage|p1b: Baxcalibur|76\/100|[from] Stealth Rock\n|turn|6\n|\n|t:|1695857438\n|move|p2b: Karmen|Axe Kick|p1a: Mamoswine\n|-supereffective|p1a: Mamoswine\n|-damage|p1a: Mamoswine|0 fnt\n|faint|p1a: Mamoswine\n|move|p2a: Gimli|Stone Axe|p1b: Baxcalibur\n|-supereffective|p1b: Baxcalibur\n|-damage|p1b: Baxcalibur|0 fnt\n|faint|p1b: Baxcalibur\n|\n|upkeep\n|\n|t:|1695857449\n|switch|p1a: Arctozolt|Arctozolt|100\/100\n|-damage|p1a: Arctozolt|76\/100|[from] Stealth Rock\n|turn|7\n|\n|t:|1695857461\n|-terastallize|p1a: Arctozolt|Fire\n|move|p1a: Arctozolt|Bolt Beak|p2a: Gimli\n|-damage|p2a: Gimli|0 fnt\n|faint|p2a: Gimli\n|move|p2b: Karmen|Axe Kick|p1a: Arctozolt\n|-damage|p1a: Arctozolt|46\/100\n|\n|upkeep\n|j| mothday_delta\n|c|\u2606Delfuerte|I did not expect that\n|\n|t:|1695857472\n|switch|p2a: Danny Devito|Skeledirge, M|100\/100\n|turn|8\n|\n|t:|1695857487\n|move|p1a: Arctozolt|Bolt Beak|p2b: Karmen\n|-damage|p2b: Karmen|0 fnt\n|faint|p2b: Karmen\n|move|p2a: Danny Devito|Shadow Ball|p1a: Arctozolt\n|-damage|p1a: Arctozolt|4\/100\n|\n|-sideend|p1: TMFLEVI|move: Aurora Veil\n|upkeep\n|\n|t:|1695857493\n|switch|p2b: Anakin|Iron Valiant|100\/100\n|-enditem|p2b: Anakin|Booster Energy\n|-activate|p2b: Anakin|ability: Quark Drive|[fromitem]\n|-start|p2b: Anakin|quarkdrivespe\n|turn|9\n|\n|t:|1695857504\n|-terastallize|p2b: Anakin|Fairy\n|move|p2b: Anakin|Spirit Break|p1a: Arctozolt\n|-resisted|p1a: Arctozolt\n|-damage|p1a: Arctozolt|0 fnt\n|faint|p1a: Arctozolt\n|\n|win|Delfuerte\n|c|\u2606TMFLEVI|Ggwp\n|c|\u2606Delfuerte|GG\n|c|\u2606Delfuerte|Thank you\n|l|\u2606TMFLEVI\n","uploadtime":1695857609,"views":8,"p1id":"tmflevi","p2id":"delfuerte","formatid":"gen9nationaldexdoubles","rating":0,"private":0,"password":""}