{"id":"gen9nationaldexdoubles-1978583063","p1":"larsonshark","p2":"Weavil4","format":"[Gen 9] National Dex Doubles","log":"|j|\u2606larsonshark\n|j|\u2606Weavil4\n|t:|1698560391\n|gametype|doubles\n|player|p1|larsonshark|caitlin|1375\n|player|p2|Weavil4|cyclistf-gen4|1179\n|teamsize|p1|6\n|teamsize|p2|6\n|gen|9\n|tier|[Gen 9] National Dex Doubles\n|rated|\n|rule|HP Percentage Mod: HP is shown in percentages\n|rule|Endless Battle Clause: Forcing endless battles is banned\n|rule|OHKO Clause: OHKO moves are banned\n|rule|Evasion Moves Clause: Evasion moves are banned\n|rule|Evasion Abilities Clause: Evasion abilities are banned\n|rule|Species Clause: Limit one of each Pok\u00e9mon\n|rule|Gravity Sleep Clause: The combination of sleep-inducing moves with imperfect accuracy and Gravity or Gigantamax Orbeetle are banned\n|clearpoke\n|poke|p1|Ceruledge, M|\n|poke|p1|Chien-Pao|\n|poke|p1|Ogerpon-Hearthflame, F|\n|poke|p1|Salamence, M|\n|poke|p1|Okidogi, M|\n|poke|p1|Tapu Fini|\n|poke|p2|Ursaluna-Bloodmoon, M|\n|poke|p2|Cresselia, F|\n|poke|p2|Iron Hands|\n|poke|p2|Torkoal, M|\n|poke|p2|Lilligant-Hisui, F|\n|poke|p2|Flutter Mane|\n|teampreview\n|inactive|Battle timer is ON: inactive players will automatically lose when time's up. (requested by larsonshark)\n|\n|t:|1698560406\n|start\n|switch|p1a: Ogerpon|Ogerpon-Hearthflame, F|100\/100\n|switch|p1b: Chien-Pao|Chien-Pao|100\/100\n|switch|p2a: Trippy|Cresselia, F, shiny|100\/100\n|switch|p2b: Feddy fazbear|Ursaluna-Bloodmoon, M|100\/100\n|-ability|p1b: Chien-Pao|Sword of Ruin\n|-ability|p1a: Ogerpon|Mold Breaker\n|turn|1\n|\n|t:|1698560438\n|move|p1b: Chien-Pao|Crunch|p2a: Trippy\n|-supereffective|p2a: Trippy\n|-damage|p2a: Trippy|19\/100\n|-unboost|p2a: Trippy|def|1\n|-damage|p1b: Chien-Pao|91\/100|[from] item: Life Orb\n|move|p1a: Ogerpon|Ivy Cudgel|p2a: Trippy\n|-damage|p2a: Trippy|0 fnt\n|faint|p2a: Trippy\n|move|p2b: Feddy fazbear|Blood Moon|p1a: Ogerpon\n|-damage|p1a: Ogerpon|10\/100\n|\n|upkeep\n|\n|t:|1698560449\n|switch|p2a: MyStranglinghands|Iron Hands, shiny|100\/100\n|turn|2\n|\n|t:|1698560458\n|move|p2a: MyStranglinghands|Fake Out|p1b: Chien-Pao\n|-damage|p1b: Chien-Pao|67\/100\n|cant|p1b: Chien-Pao|flinch\n|move|p1a: Ogerpon|Ivy Cudgel|p2a: MyStranglinghands\n|-damage|p2a: MyStranglinghands|43\/100\n|move|p2b: Feddy fazbear|Hyper Voice|p1a: Ogerpon|[spread] p1a,p1b\n|-damage|p1a: Ogerpon|0 fnt\n|-damage|p1b: Chien-Pao|3\/100\n|faint|p1a: Ogerpon\n|\n|upkeep\n|\n|t:|1698560476\n|switch|p1a: Salamence|Salamence, M|100\/100\n|-ability|p1a: Salamence|Intimidate|boost\n|-unboost|p2a: MyStranglinghands|atk|1\n|-unboost|p2b: Feddy fazbear|atk|1\n|turn|3\n|\n|t:|1698560489\n|move|p2b: Feddy fazbear|Vacuum Wave|p1b: Chien-Pao\n|-supereffective|p1b: Chien-Pao\n|-damage|p1b: Chien-Pao|0 fnt\n|faint|p1b: Chien-Pao\n|move|p1a: Salamence|Dragon Dance|p1a: Salamence\n|-boost|p1a: Salamence|atk|1\n|-boost|p1a: Salamence|spe|1\n|move|p2a: MyStranglinghands|Ice Punch|p1a: Salamence\n|-supereffective|p1a: Salamence\n|-damage|p1a: Salamence|4\/100\n|\n|upkeep\n|\n|t:|1698560498\n|switch|p1b: Tapu Fini|Tapu Fini|100\/100\n|-fieldstart|move: Misty Terrain|[from] ability: Misty Surge|[of] p1b: Tapu Fini\n|turn|4\n|\n|t:|1698560523\n|detailschange|p1a: Salamence|Salamence-Mega, M\n|-mega|p1a: Salamence|Salamence|Salamencite\n|move|p2b: Feddy fazbear|Vacuum Wave|p1a: Salamence\n|-resisted|p1a: Salamence\n|-damage|p1a: Salamence|0 fnt\n|faint|p1a: Salamence\n|move|p1b: Tapu Fini|Heal Pulse|p1: Salamence|[notarget]\n|-fail|p1b: Tapu Fini\n|move|p2a: MyStranglinghands|Drain Punch|p1b: Tapu Fini\n|-resisted|p1b: Tapu Fini\n|-damage|p1b: Tapu Fini|90\/100\n|-heal|p2a: MyStranglinghands|46\/100|[from] drain|[of] p1b: Tapu Fini\n|\n|-heal|p1b: Tapu Fini|96\/100|[from] item: Leftovers\n|upkeep\n|\n|t:|1698560528\n|switch|p1a: Okidogi|Okidogi, M|100\/100\n|turn|5\n|\n|t:|1698560548\n|move|p1b: Tapu Fini|Scald|p2b: Feddy fazbear\n|-supereffective|p2b: Feddy fazbear\n|-damage|p2b: Feddy fazbear|44\/100\n|-enditem|p2b: Feddy fazbear|Sitrus Berry|[eat]\n|-heal|p2b: Feddy fazbear|69\/100|[from] item: Sitrus Berry\n|move|p1a: Okidogi|Drain Punch|p2b: Feddy fazbear\n|-supereffective|p2b: Feddy fazbear\n|-damage|p2b: Feddy fazbear|16\/100\n|move|p2b: Feddy fazbear|Blood Moon|p1a: Okidogi\n|-damage|p1a: Okidogi|36\/100\n|move|p2a: MyStranglinghands|Wild Charge|p1b: Tapu Fini\n|-supereffective|p1b: Tapu Fini\n|-damage|p1b: Tapu Fini|40\/100\n|-damage|p2a: MyStranglinghands|38\/100|[from] Recoil\n|\n|-heal|p1b: Tapu Fini|46\/100|[from] item: Leftovers\n|upkeep\n|turn|6\n|inactive|larsonshark has 120 seconds left.\n|\n|t:|1698560581\n|move|p1b: Tapu Fini|Heal Pulse|p1a: Okidogi\n|-heal|p1a: Okidogi|86\/100\n|move|p1a: Okidogi|Gunk Shot|p2a: MyStranglinghands\n|-damage|p2a: MyStranglinghands|0 fnt\n|faint|p2a: MyStranglinghands\n|-end|p2a: MyStranglinghands|Quark Drive|[silent]\n|move|p2b: Feddy fazbear|Hyper Voice|p1a: Okidogi|[spread] p1a,p1b\n|-damage|p1a: Okidogi|56\/100\n|-damage|p1b: Tapu Fini|16\/100\n|\n|-heal|p1b: Tapu Fini|22\/100|[from] item: Leftovers\n|upkeep\n|inactive|Weavil4 has 120 seconds left.\n|\n|t:|1698560592\n|switch|p2a: Genesis 1:3-5|Torkoal, M, shiny|100\/100\n|-weather|SunnyDay|[from] ability: Drought|[of] p2a: Genesis 1:3-5\n|turn|7\n|\n|t:|1698560607\n|switch|p2b: Iamspeed|Lilligant-Hisui, F, shiny|100\/100\n|-terastallize|p2a: Genesis 1:3-5|Fire\n|move|p2a: Genesis 1:3-5|Protect|p2a: Genesis 1:3-5\n|-singleturn|p2a: Genesis 1:3-5|Protect\n|move|p1b: Tapu Fini|Heal Pulse|p1a: Okidogi\n|-heal|p1a: Okidogi|100\/100\n|move|p1a: Okidogi|Drain Punch|p2b: Iamspeed\n|-damage|p2b: Iamspeed|41\/100\n|\n|-weather|SunnyDay|[upkeep]\n|-heal|p1b: Tapu Fini|28\/100|[from] item: Leftovers\n|upkeep\n|turn|8\n|\n|t:|1698560625\n|move|p2b: Iamspeed|After You|p2a: Genesis 1:3-5\n|-activate|p2a: Genesis 1:3-5|move: After You\n|move|p2a: Genesis 1:3-5|Eruption|p1a: Okidogi|[spread] p1a,p1b\n|-resisted|p1b: Tapu Fini\n|-damage|p1a: Okidogi|22\/100\n|-damage|p1b: Tapu Fini|0 fnt\n|faint|p1b: Tapu Fini\n|move|p1a: Okidogi|Ice Punch|p2b: Iamspeed\n|-supereffective|p2b: Iamspeed\n|-damage|p2b: Iamspeed|0 fnt\n|faint|p2b: Iamspeed\n|\n|-weather|SunnyDay|[upkeep]\n|-fieldend|Misty Terrain\n|upkeep\n|\n|t:|1698560635\n|switch|p2b: NYOOM|Flutter Mane, shiny|100\/100\n|switch|p1b: Ceruledge|Ceruledge, M|100\/100\n|-activate|p2b: NYOOM|ability: Protosynthesis\n|-start|p2b: NYOOM|protosynthesisspe\n|turn|9\n|\n|t:|1698560665\n|-terastallize|p1b: Ceruledge|Grass\n|move|p2b: NYOOM|Dazzling Gleam|p1b: Ceruledge|[spread] p1a,p1b\n|-damage|p1a: Okidogi|0 fnt\n|-damage|p1b: Ceruledge|44\/100\n|faint|p1a: Okidogi\n|move|p1b: Ceruledge|Bitter Blade|p2b: NYOOM\n|-damage|p2b: NYOOM|0 fnt\n|-heal|p1b: Ceruledge|87\/100|[from] drain|[of] p2b: NYOOM\n|faint|p2b: NYOOM\n|-end|p2b: NYOOM|Protosynthesis|[silent]\n|move|p2a: Genesis 1:3-5|Earth Power|p1b: Ceruledge\n|-resisted|p1b: Ceruledge\n|-damage|p1b: Ceruledge|71\/100\n|\n|-weather|SunnyDay|[upkeep]\n|upkeep\n|\n|t:|1698560679\n|switch|p2b: Feddy fazbear|Ursaluna-Bloodmoon, M|16\/100\n|turn|10\n|\n|t:|1698560685\n|move|p2a: Genesis 1:3-5|Protect|p2a: Genesis 1:3-5\n|-singleturn|p2a: Genesis 1:3-5|Protect\n|move|p1b: Ceruledge|Poltergeist|p2a: Genesis 1:3-5\n|-activate|p2a: Genesis 1:3-5|move: Protect\n|move|p2b: Feddy fazbear|Blood Moon|p1b: Ceruledge\n|-damage|p1b: Ceruledge|0 fnt\n|faint|p1b: Ceruledge\n|\n|win|Weavil4\n|raw|larsonshark's rating: 1375 &rarr; <strong>1345<\/strong><br \/>(-30 for losing)\n|raw|Weavil4's rating: 1179 &rarr; <strong>1217<\/strong><br \/>(+38 for winning)\n|l|\u2606larsonshark\n","uploadtime":1698560701,"views":7,"p1id":"larsonshark","p2id":"weavil4","formatid":"gen9nationaldexdoubles","rating":1217,"private":0,"password":""}