{"id":"gen9nationaldexdoubles-1970834790","p1":"cyndaquilrockz","p2":"Lord Highkage","format":"[Gen 9] National Dex Doubles","log":"|j|\u2606cyndaquilrockz\n|j|\u2606Lord Highkage\n|t:|1697671969\n|gametype|doubles\n|player|p1|cyndaquilrockz|pokemonranger-gen4|\n|player|p2|Lord Highkage|101|\n|teamsize|p1|6\n|teamsize|p2|6\n|gen|9\n|tier|[Gen 9] National Dex Doubles\n|rule|HP Percentage Mod: HP is shown in percentages\n|rule|Endless Battle Clause: Forcing endless battles is banned\n|rule|OHKO Clause: OHKO moves are banned\n|rule|Evasion Moves Clause: Evasion moves are banned\n|rule|Evasion Abilities Clause: Evasion abilities are banned\n|rule|Species Clause: Limit one of each Pok\u00e9mon\n|rule|Gravity Sleep Clause: The combination of sleep-inducing moves with imperfect accuracy and Gravity or Gigantamax Orbeetle are banned\n|clearpoke\n|poke|p1|Pincurchin, M|\n|poke|p1|Iron Leaves|\n|poke|p1|Iron Bundle|\n|poke|p1|Ribombee, F|\n|poke|p1|Slowking-Galar, F|\n|poke|p1|Clefable, M|\n|poke|p2|Pachirisu, F|\n|poke|p2|Hydreigon, M|\n|poke|p2|Diancie|\n|poke|p2|Weavile, M|\n|poke|p2|Jirachi|\n|poke|p2|Torterra, F|\n|teampreview\n|\n|t:|1697671991\n|start\n|switch|p1a: La Creatura|Pincurchin, M|100\/100\n|switch|p1b: Ribombee|Ribombee, F|100\/100\n|switch|p2a: Torterra|Torterra, F|100\/100\n|switch|p2b: Weavile|Weavile, M|100\/100\n|-ability|p2b: Weavile|Pressure\n|-fieldstart|move: Electric Terrain|[from] ability: Electric Surge|[of] p1a: La Creatura\n|turn|1\n|\n|t:|1697672008\n|move|p2b: Weavile|Fake Out|p1b: Ribombee\n|-damage|p1b: Ribombee|78\/100\n|move|p1b: Ribombee|Sticky Web|p2a: Torterra\n|-sidestart|p2: Lord Highkage|move: Sticky Web\n|move|p2a: Torterra|Grassy Terrain|p2a: Torterra\n|-fieldstart|move: Grassy Terrain\n|move|p1a: La Creatura|Thunder Wave|p2b: Weavile\n|-status|p2b: Weavile|par\n|\n|-heal|p1b: Ribombee|84\/100|[from] Grassy Terrain\n|upkeep\n|turn|2\n|\n|t:|1697672038\n|move|p1a: La Creatura|Sucker Punch|p2a: Torterra\n|-damage|p2a: Torterra|80\/100\n|move|p1b: Ribombee|Sticky Web||[still]\n|-fail|p1b: Ribombee\n|move|p2b: Weavile|Knock Off|p1a: La Creatura\n|-damage|p1a: La Creatura|40\/100\n|-enditem|p1a: La Creatura|Terrain Extender|[from] move: Knock Off|[of] p2b: Weavile\n|move|p2a: Torterra|Rock Slide|p1a: La Creatura|[spread] p1a,p1b\n|-supereffective|p1b: Ribombee\n|-damage|p1a: La Creatura|18\/100\n|-damage|p1b: Ribombee|23\/100\n|\n|-heal|p1b: Ribombee|29\/100|[from] Grassy Terrain\n|-heal|p2a: Torterra|87\/100|[from] Grassy Terrain\n|-heal|p1a: La Creatura|24\/100|[from] Grassy Terrain\n|upkeep\n|turn|3\n|\n|t:|1697672063\n|switch|p1b: Clefable|Clefable, M|100\/100\n|switch|p1a: Slowking|Slowking-Galar, F|100\/100\n|move|p2a: Torterra|Grassy Glide|p1a: Slowking\n|-resisted|p1a: Slowking\n|-damage|p1a: Slowking|81\/100\n|move|p2b: Weavile|Icicle Crash|p1b: Clefable\n|-damage|p1b: Clefable|54\/100\n|\n|-heal|p1b: Clefable|60\/100|[from] Grassy Terrain\n|-heal|p2a: Torterra|93\/100|[from] Grassy Terrain\n|-heal|p1a: Slowking|87\/100|[from] Grassy Terrain\n|-heal|p1a: Slowking|93\/100|[from] item: Leftovers\n|upkeep\n|turn|4\n|\n|t:|1697672087\n|move|p2b: Weavile|Icicle Crash|p1b: Clefable\n|-damage|p1b: Clefable|15\/100\n|cant|p1b: Clefable|flinch\n|move|p2a: Torterra|Headlong Rush|p1a: Slowking\n|-supereffective|p1a: Slowking\n|-damage|p1a: Slowking|0 fnt\n|-unboost|p2a: Torterra|def|1\n|-unboost|p2a: Torterra|spd|1\n|faint|p1a: Slowking\n|\n|-heal|p1b: Clefable|21\/100|[from] Grassy Terrain\n|-heal|p2a: Torterra|99\/100|[from] Grassy Terrain\n|upkeep\n|\n|t:|1697672096\n|switch|p1a: La Creatura|Pincurchin, M|24\/100\n|-fieldstart|move: Electric Terrain|[from] ability: Electric Surge|[of] p1a: La Creatura\n|turn|5\n|\n|t:|1697672113\n|switch|p1b: Ribombee|Ribombee, F|29\/100\n|cant|p2b: Weavile|par\n|move|p2a: Torterra|Grassy Terrain|p2a: Torterra\n|-fieldstart|move: Grassy Terrain\n|move|p1a: La Creatura|Liquidation|p2a: Torterra\n|-damage|p2a: Torterra|64\/100\n|\n|-heal|p1b: Ribombee|35\/100|[from] Grassy Terrain\n|-heal|p2a: Torterra|70\/100|[from] Grassy Terrain\n|-heal|p1a: La Creatura|30\/100|[from] Grassy Terrain\n|upkeep\n|turn|6\n|\n|t:|1697672142\n|switch|p1a: Iron Bundle|Iron Bundle|100\/100\n|move|p2a: Torterra|Grassy Glide|p1a: Iron Bundle\n|-supereffective|p1a: Iron Bundle\n|-damage|p1a: Iron Bundle|10\/100\n|move|p1b: Ribombee|Pollen Puff|p1a: Iron Bundle\n|-heal|p1a: Iron Bundle|60\/100\n|move|p2b: Weavile|Knock Off|p1a: Iron Bundle\n|-damage|p1a: Iron Bundle|6\/100\n|-enditem|p1a: Iron Bundle|Focus Sash|[from] move: Knock Off|[of] p2b: Weavile\n|\n|-heal|p1a: Iron Bundle|12\/100|[from] Grassy Terrain\n|-heal|p1b: Ribombee|42\/100|[from] Grassy Terrain\n|-heal|p2a: Torterra|76\/100|[from] Grassy Terrain\n|upkeep\n|turn|7\n|\n|t:|1697672166\n|move|p1a: Iron Bundle|Ice Beam|p2a: Torterra\n|-supereffective|p2a: Torterra\n|-damage|p2a: Torterra|0 fnt\n|faint|p2a: Torterra\n|move|p1b: Ribombee|Pollen Puff|p1a: Iron Bundle\n|-heal|p1a: Iron Bundle|61\/100\n|cant|p2b: Weavile|par\n|\n|-heal|p1a: Iron Bundle|67\/100|[from] Grassy Terrain\n|-heal|p1b: Ribombee|48\/100|[from] Grassy Terrain\n|upkeep\n|\n|t:|1697672192\n|switch|p2a: Pachirisu|Pachirisu, F|100\/100\n|-activate|p2a: Pachirisu|move: Sticky Web\n|-unboost|p2a: Pachirisu|spe|1\n|turn|8\n|\n|t:|1697672201\n|move|p1a: Iron Bundle|Hydro Pump|p2a: Pachirisu|[miss]\n|-miss|p1a: Iron Bundle|p2a: Pachirisu\n|move|p1b: Ribombee|Pollen Puff|p1a: Iron Bundle\n|-heal|p1a: Iron Bundle|100\/100\n|move|p2a: Pachirisu|Light Screen|p2a: Pachirisu\n|-sidestart|p2: Lord Highkage|move: Light Screen\n|move|p2b: Weavile|Icicle Crash|p1b: Ribombee\n|-damage|p1b: Ribombee|0 fnt\n|faint|p1b: Ribombee\n|\n|upkeep\n|\n|t:|1697672207\n|switch|p1b: La Creatura|Pincurchin, M|30\/100\n|-fieldstart|move: Electric Terrain|[from] ability: Electric Surge|[of] p1b: La Creatura\n|-activate|p1a: Iron Bundle|ability: Quark Drive\n|-start|p1a: Iron Bundle|quarkdrivespe\n|turn|9\n|\n|t:|1697672239\n|switch|p1b: Clefable|Clefable, M|21\/100\n|move|p1a: Iron Bundle|Flip Turn|p2a: Pachirisu\n|-damage|p2a: Pachirisu|78\/100\n|\n|t:|1697672242\n|-end|p1a: Iron Bundle|Quark Drive|[silent]\n|switch|p1a: Iron Leaves|Iron Leaves|100\/100|[from] Flip Turn\n|-activate|p1a: Iron Leaves|ability: Quark Drive\n|-start|p1a: Iron Leaves|quarkdriveatk\n|move|p2a: Pachirisu|Thunderbolt|p1a: Iron Leaves\n|-resisted|p1a: Iron Leaves\n|-damage|p1a: Iron Leaves|87\/100\n|move|p2b: Weavile|Knock Off|p1b: Clefable\n|-resisted|p1b: Clefable\n|-damage|p1b: Clefable|0 fnt\n|-damage|p2b: Weavile|84\/100 par|[from] item: Rocky Helmet|[of] p1b: Clefable\n|-enditem|p1b: Clefable|Rocky Helmet|[from] move: Knock Off|[of] p2b: Weavile\n|faint|p1b: Clefable\n|\n|-heal|p2a: Pachirisu|84\/100|[from] item: Leftovers\n|upkeep\n|\n|t:|1697672246\n|switch|p1b: Iron Bundle|Iron Bundle|100\/100\n|-activate|p1b: Iron Bundle|ability: Quark Drive\n|-start|p1b: Iron Bundle|quarkdrivespe\n|turn|10\n|\n|t:|1697672264\n|move|p1b: Iron Bundle|Protect|p1b: Iron Bundle\n|-singleturn|p1b: Iron Bundle|Protect\n|move|p2a: Pachirisu|Follow Me|p2a: Pachirisu\n|-singleturn|p2a: Pachirisu|move: Follow Me\n|move|p1a: Iron Leaves|Psyblade|p2a: Pachirisu\n|-damage|p2a: Pachirisu|0 fnt\n|faint|p2a: Pachirisu\n|move|p2b: Weavile|Knock Off|p1a: Iron Leaves\n|-supereffective|p1a: Iron Leaves\n|-crit|p1a: Iron Leaves\n|-damage|p1a: Iron Leaves|0 fnt\n|-enditem|p1a: Iron Leaves|Clear Amulet|[from] move: Knock Off|[of] p2b: Weavile\n|faint|p1a: Iron Leaves\n|-end|p1a: Iron Leaves|Quark Drive|[silent]\n|\n|upkeep\n|-message|cyndaquilrockz forfeited.\n|\n|win|Lord Highkage\n|l|\u2606cyndaquilrockz\n","uploadtime":1697672282,"views":12,"p1id":"cyndaquilrockz","p2id":"lordhighkage","formatid":"gen9nationaldexdoubles","rating":0,"private":0,"password":""}