{"id":"gen9nationaldexdoubles-1987295493","p1":"Junky Dummy","p2":"Genosse_Pflanze","format":"[Gen 9] National Dex Doubles","log":"|j|\u2606Junky Dummy\n|j|\u2606Genosse_Pflanze\n|t:|1699574320\n|gametype|doubles\n|player|p1|Junky Dummy|1|1246\n|player|p2|Genosse_Pflanze|n|1198\n|teamsize|p1|6\n|teamsize|p2|6\n|gen|9\n|tier|[Gen 9] National Dex Doubles\n|rated|\n|rule|HP Percentage Mod: HP is shown in percentages\n|rule|Endless Battle Clause: Forcing endless battles is banned\n|rule|OHKO Clause: OHKO moves are banned\n|rule|Evasion Moves Clause: Evasion moves are banned\n|rule|Evasion Abilities Clause: Evasion abilities are banned\n|rule|Species Clause: Limit one of each Pok\u00e9mon\n|rule|Gravity Sleep Clause: The combination of sleep-inducing moves with imperfect accuracy and Gravity or Gigantamax Orbeetle are banned\n|clearpoke\n|poke|p1|Gothitelle, F|\n|poke|p1|Salamence, F|\n|poke|p1|Amoonguss, F|\n|poke|p1|Diancie|\n|poke|p1|Incineroar, F|\n|poke|p1|Ursaluna-Bloodmoon, M|\n|poke|p2|Smeargle, M|\n|poke|p2|Latias, F|\n|poke|p2|Weavile, F|\n|poke|p2|Lucario, F|\n|poke|p2|Sableye, F|\n|poke|p2|Togekiss, F|\n|teampreview\n|inactive|Battle timer is ON: inactive players will automatically lose when time's up. (requested by Junky Dummy)\n|\n|t:|1699574359\n|start\n|switch|p1a: Diancie|Diancie, shiny|100\/100\n|switch|p1b: Incineroar|Incineroar, F|100\/100\n|switch|p2a: Snibunna|Weavile, F|100\/100\n|switch|p2b: Sableye|Sableye, F|100\/100\n|-ability|p2a: Snibunna|Pressure\n|-ability|p1b: Incineroar|Intimidate|boost\n|-unboost|p2a: Snibunna|atk|1\n|-unboost|p2b: Sableye|atk|1\n|turn|1\n|inactive|Genosse_Pflanze has 120 seconds left.\n|\n|t:|1699574403\n|switch|p2b: Lucario|Lucario, F|100\/100\n|-terastallize|p2a: Snibunna|Fire\n|move|p2a: Snibunna|Fake Out|p1b: Incineroar\n|-damage|p1b: Incineroar|92\/100\n|cant|p1b: Incineroar|flinch\n|move|p1a: Diancie|Trick Room|p1a: Diancie\n|-fieldstart|move: Trick Room|[of] p1a: Diancie\n|\n|upkeep\n|turn|2\n|inactive|Genosse_Pflanze has 120 seconds left.\n|\n|t:|1699574445\n|switch|p2a: Farbeagle|Smeargle, M|100\/100\n|move|p1a: Diancie|Diamond Storm|p2a: Farbeagle|[spread] p2a,p2b\n|-resisted|p2b: Lucario\n|-damage|p2a: Farbeagle|13\/100\n|-damage|p2b: Lucario|86\/100\n|-boost|p1a: Diancie|def|2\n|move|p1b: Incineroar|Parting Shot|p2b: Lucario\n|-unboost|p2b: Lucario|atk|1\n|-unboost|p2b: Lucario|spa|1\n|\n|t:|1699574461\n|switch|p1b: Amoonguss|Amoonguss, F|100\/100|[from] Parting Shot\n|move|p2b: Lucario|Role Play|p2a: Farbeagle\n|-endability|p2b: Lucario|Inner Focus|[from] move: Role Play\n|-ability|p2b: Lucario|Moody|[from] move: Role Play|[of] p2a: Farbeagle\n|\n|-heal|p2b: Lucario|92\/100|[from] item: Leftovers\n|-ability|p2a: Farbeagle|Moody|boost\n|-boost|p2a: Farbeagle|spd|2\n|-unboost|p2a: Farbeagle|spe|1\n|-ability|p2b: Lucario|Moody|boost\n|-boost|p2b: Lucario|spa|2\n|-unboost|p2b: Lucario|spe|1\n|upkeep\n|turn|3\n|inactive|Genosse_Pflanze has 120 seconds left.\n|\n|t:|1699574482\n|move|p2b: Lucario|Protect|p2b: Lucario\n|-singleturn|p2b: Lucario|Protect\n|move|p1b: Amoonguss|Spore|p2b: Lucario\n|-activate|p2b: Lucario|move: Protect\n|move|p1a: Diancie|Diamond Storm|p2b: Lucario|[spread] p2a\n|-activate|p2b: Lucario|move: Protect\n|-damage|p2a: Farbeagle|0 fnt\n|-boost|p1a: Diancie|def|2\n|faint|p2a: Farbeagle\n|\n|-heal|p2b: Lucario|98\/100|[from] item: Leftovers\n|-ability|p2b: Lucario|Moody|boost\n|-boost|p2b: Lucario|atk|2\n|-unboost|p2b: Lucario|def|1\n|upkeep\n|\n|t:|1699574495\n|switch|p2a: Sableye|Sableye, F|100\/100\n|turn|4\n|inactive|Genosse_Pflanze has 120 seconds left.\n|inactive|Junky Dummy has 120 seconds left.\n|\n|t:|1699574532\n|move|p1b: Amoonguss|Rage Powder|p1b: Amoonguss\n|-singleturn|p1b: Amoonguss|move: Rage Powder\n|move|p2a: Sableye|Disable|p1b: Amoonguss\n|-start|p1b: Amoonguss|Disable|Rage Powder\n|move|p1a: Diancie|Body Press|p2b: Lucario\n|-supereffective|p2b: Lucario\n|-damage|p2b: Lucario|0 fnt\n|faint|p2b: Lucario\n|\n|upkeep\n|inactive|Genosse_Pflanze has 120 seconds left.\n|\n|t:|1699574549\n|switch|p2b: Togekiss|Togekiss, F|100\/100\n|turn|5\n|inactive|Genosse_Pflanze has 120 seconds left.\n|\n|t:|1699574567\n|move|p2a: Sableye|Encore|p1a: Diancie\n|-start|p1a: Diancie|Encore\n|move|p1b: Amoonguss|Spore|p2a: Sableye\n|-status|p2a: Sableye|slp|[from] move: Spore\n|move|p1a: Diancie|Body Press|p2a: Sableye\n|-immune|p2a: Sableye\n|move|p2b: Togekiss|Ancient Power|p1b: Amoonguss\n|-damage|p1b: Amoonguss|85\/100\n|-boost|p2b: Togekiss|atk|1\n|-boost|p2b: Togekiss|def|1\n|-boost|p2b: Togekiss|spa|1\n|-boost|p2b: Togekiss|spd|1\n|-boost|p2b: Togekiss|spe|1\n|\n|-fieldend|move: Trick Room\n|upkeep\n|turn|6\n|inactive|Genosse_Pflanze has 120 seconds left.\n|\n|t:|1699574621\n|cant|p2a: Sableye|slp\n|move|p2b: Togekiss|Air Slash|p1b: Amoonguss\n|-supereffective|p1b: Amoonguss\n|-damage|p1b: Amoonguss|1\/100\n|move|p1a: Diancie|Body Press|p2b: Togekiss\n|-resisted|p2b: Togekiss\n|-damage|p2b: Togekiss|88\/100\n|cant|p1b: Amoonguss|flinch\n|\n|upkeep\n|turn|7\n|inactive|Genosse_Pflanze has 90 seconds left.\n|\n|t:|1699574658\n|switch|p1b: Incineroar|Incineroar, F|92\/100\n|-ability|p1b: Incineroar|Intimidate|boost\n|-unboost|p2a: Sableye|atk|1\n|-unboost|p2b: Togekiss|atk|1\n|cant|p2a: Sableye|slp\n|move|p2b: Togekiss|Ancient Power|p1b: Incineroar\n|-supereffective|p1b: Incineroar\n|-damage|p1b: Incineroar|55\/100\n|-boost|p2b: Togekiss|atk|1\n|-boost|p2b: Togekiss|def|1\n|-boost|p2b: Togekiss|spa|1\n|-boost|p2b: Togekiss|spd|1\n|-boost|p2b: Togekiss|spe|1\n|move|p1a: Diancie|Body Press|p2b: Togekiss\n|-resisted|p2b: Togekiss\n|-damage|p2b: Togekiss|80\/100\n|\n|-end|p1a: Diancie|Encore\n|upkeep\n|turn|8\n|inactive|Genosse_Pflanze has 90 seconds left.\n|\n|t:|1699574681\n|move|p1b: Incineroar|Fake Out|p2b: Togekiss\n|-damage|p2b: Togekiss|73\/100\n|-curestatus|p2a: Sableye|slp|[msg]\n|move|p2a: Sableye|Encore|p1a: Diancie\n|-start|p1a: Diancie|Encore\n|cant|p2b: Togekiss|flinch\n|move|p1a: Diancie|Body Press|p2b: Togekiss\n|-resisted|p2b: Togekiss\n|-damage|p2b: Togekiss|65\/100\n|\n|upkeep\n|turn|9\n|\n|t:|1699574704\n|move|p2a: Sableye|Disable|p1a: Diancie\n|-start|p1a: Diancie|Disable|Body Press\n|move|p2b: Togekiss|Ancient Power|p1b: Incineroar\n|-supereffective|p1b: Incineroar\n|-damage|p1b: Incineroar|9\/100\n|cant|p1b: Incineroar|flinch\n|cant|p1a: Diancie|Disable|Body Press\n|\n|upkeep\n|turn|10\n|inactive|Genosse_Pflanze has 120 seconds left.\n|inactive|Genosse_Pflanze has 90 seconds left.\n|\n|t:|1699574746\n|switch|p1b: Amoonguss|Amoonguss, F|34\/100\n|switch|p1a: Gothitelle|Gothitelle, F|100\/100\n|move|p2a: Sableye|Thunder Wave|p1a: Gothitelle\n|-status|p1a: Gothitelle|par\n|move|p2b: Togekiss|Ancient Power|p1b: Amoonguss\n|-damage|p1b: Amoonguss|5\/100\n|\n|upkeep\n|turn|11\n|inactive|Genosse_Pflanze has 90 seconds left.\n|\n|t:|1699574777\n|switch|p1b: Ursaluna|Ursaluna-Bloodmoon, M|100\/100\n|move|p2b: Togekiss|Ancient Power|p1b: Ursaluna\n|-resisted|p1b: Ursaluna\n|-damage|p1b: Ursaluna|84\/100\n|-boost|p2b: Togekiss|atk|1\n|-boost|p2b: Togekiss|def|1\n|-boost|p2b: Togekiss|spa|1\n|-boost|p2b: Togekiss|spd|1\n|-boost|p2b: Togekiss|spe|1\n|move|p2a: Sableye|Night Shade|p1a: Gothitelle\n|-damage|p1a: Gothitelle|71\/100 par\n|move|p1a: Gothitelle|Trick Room|p1a: Gothitelle\n|-fieldstart|move: Trick Room|[of] p1a: Gothitelle\n|\n|upkeep\n|turn|12\n|inactive|Genosse_Pflanze has 90 seconds left.\n|inactive|Junky Dummy has 120 seconds left.\n|\n|t:|1699574808\n|switch|p1a: Diancie|Diancie, shiny|100\/100\n|move|p2a: Sableye|Encore||[still]\n|-fail|p2a: Sableye\n|move|p1b: Ursaluna|Blood Moon|p2b: Togekiss\n|-damage|p2b: Togekiss|33\/100\n|move|p2b: Togekiss|Life Dew||[still]|[spread] p2a,p2b\n|-fail|p2a: Sableye|heal\n|-heal|p2b: Togekiss|59\/100\n|\n|upkeep\n|turn|13\n|inactive|Genosse_Pflanze has 90 seconds left.\n|\n|t:|1699574838\n|move|p2a: Sableye|Encore|p1b: Ursaluna\n|-start|p1b: Ursaluna|Encore\n|move|p1a: Diancie|Diamond Storm|p2a: Sableye|[spread] p2a,p2b\n|-supereffective|p2b: Togekiss\n|-damage|p2a: Sableye|67\/100\n|-damage|p2b: Togekiss|30\/100\n|move|p1b: Ursaluna|Blood Moon|p2b: Togekiss\n|-damage|p2b: Togekiss|0 fnt\n|faint|p2b: Togekiss\n|-hint|Some effects can force a Pokemon to use Blood Moon again in a row.\n|\n|-heal|p2a: Sableye|73\/100|[from] item: Leftovers\n|upkeep\n|\n|t:|1699574856\n|switch|p2b: Snibunna|Weavile, F, tera:Fire|100\/100\n|-ability|p2b: Snibunna|Pressure\n|turn|14\n|c|\u2606Junky Dummy|lmao\n|inactive|Genosse_Pflanze has 90 seconds left.\n|inactive|Junky Dummy has 120 seconds left.\n|\n|t:|1699574890\n|switch|p1b: Gothitelle|Gothitelle, F|71\/100 par\n|move|p2b: Snibunna|Fake Out|p1a: Diancie\n|-resisted|p1a: Diancie\n|-damage|p1a: Diancie|95\/100\n|move|p2a: Sableye|Disable||[still]\n|-fail|p2a: Sableye\n|cant|p1a: Diancie|flinch\n|\n|-heal|p2a: Sableye|79\/100|[from] item: Leftovers\n|upkeep\n|turn|15\n|\n|t:|1699574907\n|move|p1b: Gothitelle|Fake Out|p2b: Snibunna\n|-damage|p2b: Snibunna|91\/100\n|move|p2a: Sableye|Thunder Wave|p1a: Diancie\n|-status|p1a: Diancie|par\n|cant|p1a: Diancie|par\n|cant|p2b: Snibunna|flinch\n|\n|-heal|p2a: Sableye|85\/100|[from] item: Leftovers\n|-fieldend|move: Trick Room\n|upkeep\n|turn|16\n|\n|t:|1699574932\n|move|p2a: Sableye|Encore|p1b: Gothitelle\n|-start|p1b: Gothitelle|Encore\n|move|p2b: Snibunna|Taunt|p1a: Diancie\n|-start|p1a: Diancie|move: Taunt\n|move|p1a: Diancie|Diamond Storm|p2b: Snibunna|[spread] p2a,p2b\n|-supereffective|p2b: Snibunna\n|-damage|p2a: Sableye|52\/100\n|-damage|p2b: Snibunna|0 fnt\n|faint|p2b: Snibunna\n|move|p1b: Gothitelle|Fake Out||[still]\n|-hint|Fake Out only works on your first turn out.\n|-fail|p1b: Gothitelle\n|\n|-heal|p2a: Sableye|58\/100|[from] item: Leftovers\n|upkeep\n|\n|t:|1699574943\n|switch|p2b: Latias|Latias, F|100\/100\n|turn|17\n|-message|Genosse_Pflanze forfeited.\n|\n|win|Junky Dummy\n|raw|Junky Dummy's rating: 1246 &rarr; <strong>1268<\/strong><br \/>(+22 for winning)\n|raw|Genosse_Pflanze's rating: 1198 &rarr; <strong>1176<\/strong><br \/>(-22 for losing)\n|l|\u2606Genosse_Pflanze\n","uploadtime":1699574958,"views":6,"p1id":"junkydummy","p2id":"genossepflanze","formatid":"gen9nationaldexdoubles","rating":1176,"private":0,"password":""}