{"id":"gen9nationaldexdoubles-1970084030","p1":"lxvliiz","p2":"snowgust","format":"[Gen 9] National Dex Doubles","log":"|j|\u2606lxvliiz\n|j|\u2606snowgust\n|t:|1697592500\n|gametype|doubles\n|player|p1|lxvliiz|gambler|1172\n|player|p2|snowgust|265|1111\n|teamsize|p1|6\n|teamsize|p2|6\n|gen|9\n|tier|[Gen 9] National Dex Doubles\n|rated|\n|rule|HP Percentage Mod: HP is shown in percentages\n|rule|Endless Battle Clause: Forcing endless battles is banned\n|rule|OHKO Clause: OHKO moves are banned\n|rule|Evasion Moves Clause: Evasion moves are banned\n|rule|Evasion Abilities Clause: Evasion abilities are banned\n|rule|Species Clause: Limit one of each Pok\u00e9mon\n|rule|Gravity Sleep Clause: The combination of sleep-inducing moves with imperfect accuracy and Gravity or Gigantamax Orbeetle are banned\n|clearpoke\n|poke|p1|Nidoking, M|\n|poke|p1|Ogerpon-Cornerstone, F|\n|poke|p1|Eevee, M|\n|poke|p1|Volcarona, F|\n|poke|p1|Mr. Mime, M|\n|poke|p1|Hoopa-Unbound|\n|poke|p2|Dunsparce, M|\n|poke|p2|Dudunsparce-*, F|\n|poke|p2|Roaring Moon|\n|poke|p2|Sableye, M|\n|poke|p2|Blissey, F|\n|poke|p2|Dragonite, F|\n|teampreview\n|\n|t:|1697592509\n|start\n|switch|p1a: testing1|Eevee, M|100\/100\n|switch|p1b: testing2|Ogerpon-Cornerstone, F|100\/100\n|switch|p2a: Dunsparce|Dunsparce, M|100\/100\n|switch|p2b: Sableye|Sableye, M|100\/100\n|turn|1\n|\n|t:|1697592524\n|-terastallize|p1b: testing2|Rock\n|detailschange|p1b: testing2|Ogerpon-Cornerstone-Tera, F, tera:Rock\n|-ability|p1b: testing2|Embody Aspect (Cornerstone)|boost\n|-boost|p1b: testing2|def|1\n|move|p1b: testing2|Follow Me|p1b: testing2\n|-singleturn|p1b: testing2|move: Follow Me\n|move|p2b: Sableye|Thunder Wave|p1b: testing2\n|-status|p1b: testing2|par\n|move|p2a: Dunsparce|Rock Slide|p1a: testing1|[spread] p1a,p1b\n|-damage|p1a: testing1|78\/100\n|-damage|p1b: testing2|89\/100 par\n|cant|p1a: testing1|flinch\n|\n|upkeep\n|turn|2\n|\n|t:|1697592541\n|move|p1b: testing2|Follow Me|p1b: testing2\n|-singleturn|p1b: testing2|move: Follow Me\n|move|p2b: Sableye|Gravity|p2b: Sableye\n|-fieldstart|move: Gravity\n|move|p2a: Dunsparce|Rock Slide|p1b: testing2|[spread] p1a,p1b\n|-damage|p1a: testing1|53\/100\n|-damage|p1b: testing2|77\/100 par\n|cant|p1a: testing1|flinch\n|\n|upkeep\n|turn|3\n|c|\u2606lxvliiz|bro the double flinch is crazy\n|\n|t:|1697592559\n|switch|p2b: Dragonite|Dragonite, F|100\/100\n|cant|p1b: testing2|par\n|move|p2a: Dunsparce|Rock Slide|p1a: testing1|[spread] p1a,p1b\n|-damage|p1a: testing1|29\/100\n|-damage|p1b: testing2|65\/100 par\n|-zpower|p1a: testing1\n|move|p1a: testing1|Extreme Evoboost|p1a: testing1\n|-boost|p1a: testing1|atk|2\n|-boost|p1a: testing1|def|2\n|-boost|p1a: testing1|spa|2\n|-boost|p1a: testing1|spd|2\n|-boost|p1a: testing1|spe|2\n|\n|upkeep\n|turn|4\n|\n|t:|1697592577\n|move|p1b: testing2|Follow Me|p1b: testing2\n|-singleturn|p1b: testing2|move: Follow Me\n|move|p2a: Dunsparce|Rock Slide|p1a: testing1|[spread] p1a,p1b\n|-damage|p1a: testing1|15\/100\n|-damage|p1b: testing2|53\/100 par\n|cant|p1a: testing1|flinch\n|move|p2b: Dragonite|Tailwind|p2b: Dragonite\n|-sidestart|p2: snowgust|move: Tailwind\n|\n|upkeep\n|turn|5\n|\n|t:|1697592605\n|move|p1a: testing1|Quick Attack|p2a: Dunsparce\n|-damage|p2a: Dunsparce|54\/100\n|move|p2a: Dunsparce|Rock Slide|p1a: testing1|[spread] p1a,p1b\n|-damage|p1a: testing1|3\/100\n|-damage|p1b: testing2|42\/100 par\n|move|p2b: Dragonite|Thunder Wave|p1a: testing1\n|-status|p1a: testing1|par\n|move|p1b: testing2|Ivy Cudgel|p2a: Dunsparce\n|-damage|p2a: Dunsparce|0 fnt\n|faint|p2a: Dunsparce\n|\n|upkeep\n|\n|t:|1697592616\n|switch|p2a: Dudunsparce|Dudunsparce, F|100\/100\n|turn|6\n|c|\u2606lxvliiz|\ud83d\ude2d\ud83d\ude2d NAH\n|\n|t:|1697592637\n|move|p1b: testing2|Follow Me|p1b: testing2\n|-singleturn|p1b: testing2|move: Follow Me\n|move|p2a: Dudunsparce|Coil|p2a: Dudunsparce\n|-boost|p2a: Dudunsparce|atk|1\n|-boost|p2a: Dudunsparce|def|1\n|-boost|p2a: Dudunsparce|accuracy|1\n|move|p2b: Dragonite|Rock Slide|p1b: testing2|[spread] p1a,p1b\n|-damage|p1a: testing1|0 fnt\n|-damage|p1b: testing2|28\/100 par\n|faint|p1a: testing1\n|\n|-fieldend|move: Gravity\n|upkeep\n|c|\u2606lxvliiz|SOBBING\n|c|\u2606lxvliiz|i lost lmao gg\n|-message|lxvliiz forfeited.\n|\n|win|snowgust\n|raw|lxvliiz's rating: 1172 &rarr; <strong>1143<\/strong><br \/>(-29 for losing)\n|raw|snowgust's rating: 1111 &rarr; <strong>1140<\/strong><br \/>(+29 for winning)\n|l|\u2606lxvliiz\n","uploadtime":1697592672,"views":5,"p1id":"lxvliiz","p2id":"snowgust","formatid":"gen9nationaldexdoubles","rating":1140,"private":0,"password":""}