{"id":"gen9nationaldexdoubles-1962275375","p1":"smudgerox","p2":"Onehance","format":"[Gen 9] National Dex Doubles","log":"|j|\u2606smudgerox\n|j|\u2606Onehance\n|t:|1696725709\n|gametype|doubles\n|player|p1|smudgerox|#dwcopiii|\n|player|p2|Onehance|1|\n|teamsize|p1|6\n|teamsize|p2|6\n|gen|9\n|tier|[Gen 9] National Dex Doubles\n|rated|Tournament battle\n|rule|HP Percentage Mod: HP is shown in percentages\n|rule|Endless Battle Clause: Forcing endless battles is banned\n|rule|OHKO Clause: OHKO moves are banned\n|rule|Evasion Moves Clause: Evasion moves are banned\n|rule|Evasion Abilities Clause: Evasion abilities are banned\n|rule|Species Clause: Limit one of each Pok\u00e9mon\n|rule|Gravity Sleep Clause: The combination of sleep-inducing moves with imperfect accuracy and Gravity or Gigantamax Orbeetle are banned\n|clearpoke\n|poke|p1|Tornadus, M|\n|poke|p1|Ogerpon-Hearthflame, F|\n|poke|p1|Rillaboom, M|\n|poke|p1|Chi-Yu|\n|poke|p1|Zamazenta-*|\n|poke|p1|Flutter Mane|\n|poke|p2|Lopunny, F|\n|poke|p2|Zamazenta-*|\n|poke|p2|Zygarde|\n|poke|p2|Volcanion|\n|poke|p2|Rillaboom, M|\n|poke|p2|Flutter Mane|\n|teampreview\n|inactive|Battle timer is ON: inactive players will automatically lose when time's up. (requested by smudgerox)\n|c|\u2606smudgerox|hf\n|j| kitsu-aria\n|j| cornpopbad\n|c|\u2606Onehance|Ffs off its u first round xD\n|inactive|smudgerox has 120 seconds left.\n|inactive|Onehance has 120 seconds left.\n|c|\u2606Onehance|Hf\n|\n|t:|1696725742\n|start\n|switch|p1a: Rillaboom|Rillaboom, M|100\/100\n|switch|p1b: Chi-Yu|Chi-Yu|100\/100\n|switch|p2a: Lopunny|Lopunny, F|100\/100\n|switch|p2b: Zamazenta|Zamazenta, shiny|100\/100\n|-ability|p2b: Zamazenta|Dauntless Shield|boost\n|-boost|p2b: Zamazenta|def|1\n|-ability|p1b: Chi-Yu|Beads of Ruin\n|-fieldstart|move: Grassy Terrain|[from] ability: Grassy Surge|[of] p1a: Rillaboom\n|-enditem|p1b: Chi-Yu|Grassy Seed\n|-boost|p1b: Chi-Yu|def|1|[from] item: Grassy Seed\n|turn|1\n|j|+Slash Death\n|inactive|smudgerox has 120 seconds left.\n|\n|t:|1696725778\n|-terastallize|p1b: Chi-Yu|Grass\n|move|p2b: Zamazenta|Wide Guard|p2b: Zamazenta\n|-singleturn|p2b: Zamazenta|Wide Guard\n|move|p2a: Lopunny|Fake Out|p1a: Rillaboom\n|-damage|p1a: Rillaboom|87\/100\n|cant|p1a: Rillaboom|flinch\n|move|p1b: Chi-Yu|Nasty Plot|p1b: Chi-Yu\n|-boost|p1b: Chi-Yu|spa|2\n|\n|-heal|p1a: Rillaboom|93\/100|[from] Grassy Terrain\n|upkeep\n|turn|2\n|\n|t:|1696725803\n|switch|p2b: Zygarde|Zygarde|100\/100\n|-ability|p2b: Zygarde|Aura Break\n|switch|p1a: Zamazenta|Zamazenta|100\/100\n|-ability|p1a: Zamazenta|Dauntless Shield|boost\n|-boost|p1a: Zamazenta|def|1\n|detailschange|p2a: Lopunny|Lopunny-Mega, F\n|-mega|p2a: Lopunny|Lopunny|Lopunnite\n|move|p1b: Chi-Yu|Protect|p1b: Chi-Yu\n|-singleturn|p1b: Chi-Yu|Protect\n|move|p2a: Lopunny|Close Combat|p1b: Chi-Yu\n|-activate|p1b: Chi-Yu|move: Protect\n|\n|upkeep\n|turn|3\n|\n|t:|1696725832\n|move|p2a: Lopunny|Protect|p2a: Lopunny\n|-singleturn|p2a: Lopunny|Protect\n|move|p1a: Zamazenta|Coaching|p1b: Chi-Yu\n|-boost|p1b: Chi-Yu|atk|1\n|-boost|p1b: Chi-Yu|def|1\n|move|p1b: Chi-Yu|Heat Wave|p2b: Zygarde|[spread] \n|-activate|p2a: Lopunny|move: Protect\n|-miss|p1b: Chi-Yu|p2b: Zygarde\n|move|p2b: Zygarde|Dragon Dance|p2b: Zygarde\n|-boost|p2b: Zygarde|atk|1\n|-boost|p2b: Zygarde|spe|1\n|\n|upkeep\n|turn|4\n|\n|t:|1696725855\n|move|p1a: Zamazenta|Body Press|p2a: Lopunny\n|-supereffective|p2a: Lopunny\n|-damage|p2a: Lopunny|0 fnt\n|faint|p2a: Lopunny\n|move|p2b: Zygarde|Thousand Arrows|p1a: Zamazenta|[spread] p1a,p1b\n|-resisted|p1b: Chi-Yu\n|-damage|p1a: Zamazenta|79\/100\n|-damage|p1b: Chi-Yu|88\/100\n|move|p1b: Chi-Yu|Dark Pulse|p2b: Zygarde\n|-damage|p2b: Zygarde|14\/100\n|\n|-heal|p1a: Zamazenta|85\/100|[from] Grassy Terrain\n|-heal|p1a: Zamazenta|91\/100|[from] item: Leftovers\n|-heal|p2b: Zygarde|21\/100|[from] Grassy Terrain\n|-heal|p1b: Chi-Yu|94\/100|[from] Grassy Terrain\n|upkeep\n|\n|t:|1696725864\n|switch|p2a: Flutter Mane|Flutter Mane|100\/100\n|turn|5\n|\n|t:|1696725875\n|switch|p2b: Zamazenta|Zamazenta, shiny|100\/100\n|move|p1a: Zamazenta|Heavy Slam|p2a: Flutter Mane\n|-supereffective|p2a: Flutter Mane\n|-damage|p2a: Flutter Mane|10\/100\n|move|p2a: Flutter Mane|Dazzling Gleam|p1b: Chi-Yu|[spread] p1a,p1b\n|-supereffective|p1a: Zamazenta\n|-damage|p1a: Zamazenta|0 fnt\n|-damage|p1b: Chi-Yu|54\/100\n|faint|p1a: Zamazenta\n|move|p1b: Chi-Yu|Heat Wave|p2a: Flutter Mane|[spread] p2a,p2b\n|-crit|p2a: Flutter Mane\n|-damage|p2a: Flutter Mane|0 fnt\n|-damage|p2b: Zamazenta|28\/100\n|faint|p2a: Flutter Mane\n|-end|p2a: Flutter Mane|Protosynthesis|[silent]\n|\n|-heal|p2b: Zamazenta|34\/100|[from] Grassy Terrain\n|-heal|p1b: Chi-Yu|60\/100|[from] Grassy Terrain\n|-fieldend|move: Grassy Terrain\n|upkeep\n|\n|t:|1696725891\n|switch|p1a: Tornadus|Tornadus, M|100\/100\n|switch|p2a: Rillaboom|Rillaboom, M|100\/100\n|-fieldstart|move: Grassy Terrain|[from] ability: Grassy Surge|[of] p2a: Rillaboom\n|turn|6\n|\n|t:|1696725907\n|move|p1b: Chi-Yu|Protect|p1b: Chi-Yu\n|-singleturn|p1b: Chi-Yu|Protect\n|move|p2b: Zamazenta|Wide Guard|p2b: Zamazenta\n|-singleturn|p2b: Zamazenta|Wide Guard\n|move|p1a: Tornadus|Tailwind|p1a: Tornadus\n|-sidestart|p1: smudgerox|move: Tailwind\n|move|p2a: Rillaboom|U-turn|p1b: Chi-Yu\n|-activate|p1b: Chi-Yu|move: Protect\n|\n|-heal|p1b: Chi-Yu|66\/100|[from] Grassy Terrain\n|-heal|p2b: Zamazenta|40\/100|[from] Grassy Terrain\n|upkeep\n|turn|7\n|\n|t:|1696725927\n|switch|p2a: Zygarde|Zygarde|21\/100\n|-ability|p2a: Zygarde|Aura Break\n|-terastallize|p2b: Zamazenta|Fairy\n|move|p1a: Tornadus|Sunny Day|p1a: Tornadus\n|-weather|SunnyDay\n|move|p1b: Chi-Yu|Dark Pulse|p2a: Zygarde\n|-damage|p2a: Zygarde|0 fnt\n|faint|p2a: Zygarde\n|move|p2b: Zamazenta|Tera Blast|p1a: Tornadus|[anim] Tera Blast Fairy\n|-damage|p1a: Tornadus|73\/100\n|\n|-weather|SunnyDay|[upkeep]\n|-heal|p1b: Chi-Yu|72\/100|[from] Grassy Terrain\n|-heal|p2b: Zamazenta|46\/100|[from] Grassy Terrain\n|upkeep\n|\n|t:|1696725941\n|switch|p2a: Volcanion|Volcanion|100\/100\n|turn|8\n|\n|t:|1696725946\n|move|p2b: Zamazenta|Wide Guard|p2b: Zamazenta\n|-singleturn|p2b: Zamazenta|Wide Guard\n|move|p1b: Chi-Yu|Dark Pulse|p2a: Volcanion\n|-damage|p2a: Volcanion|35\/100\n|move|p1a: Tornadus|Bleakwind Storm|p2b: Zamazenta|[spread] \n|-activate|p2a: Volcanion|move: Wide Guard\n|-activate|p2b: Zamazenta|move: Wide Guard\n|move|p2a: Volcanion|Heat Wave|p1b: Chi-Yu|[spread] p1a,p1b\n|-supereffective|p1b: Chi-Yu\n|-damage|p1a: Tornadus|0 fnt\n|-damage|p1b: Chi-Yu|0 fnt\n|faint|p1a: Tornadus\n|faint|p1b: Chi-Yu\n|\n|-weather|SunnyDay|[upkeep]\n|-heal|p2b: Zamazenta|52\/100|[from] Grassy Terrain\n|-heal|p2a: Volcanion|41\/100|[from] Grassy Terrain\n|upkeep\n|\n|t:|1696725962\n|switch|p1b: Ogerpon|Ogerpon-Hearthflame, F|100\/100\n|switch|p1a: Flutter Mane|Flutter Mane|100\/100\n|-activate|p1a: Flutter Mane|ability: Protosynthesis\n|-start|p1a: Flutter Mane|protosynthesisspe\n|-ability|p1b: Ogerpon|Mold Breaker\n|turn|9\n|inactive|Onehance has 120 seconds left.\n|\n|t:|1696725997\n|move|p1a: Flutter Mane|Shadow Ball|p2a: Volcanion\n|-damage|p2a: Volcanion|0 fnt\n|faint|p2a: Volcanion\n|move|p1b: Ogerpon|Ivy Cudgel|p2b: Zamazenta\n|-crit|p2b: Zamazenta\n|-damage|p2b: Zamazenta|0 fnt\n|faint|p2b: Zamazenta\n|\n|-weather|SunnyDay|[upkeep]\n|-sideend|p1: smudgerox|move: Tailwind\n|upkeep\n|inactive|Onehance has 120 seconds left.\n|\n|t:|1696726003\n|switch|p2b: Rillaboom|Rillaboom, M|100\/100\n|turn|10\n|c|\u2606Onehance|Gg\n|c|\u2606smudgerox|gg\n|\n|t:|1696726014\n|move|p2b: Rillaboom|Fake Out|p1b: Ogerpon\n|-damage|p1b: Ogerpon|80\/100\n|move|p1a: Flutter Mane|Shadow Ball|p2b: Rillaboom\n|-damage|p2b: Rillaboom|59\/100\n|cant|p1b: Ogerpon|flinch\n|\n|-weather|SunnyDay|[upkeep]\n|-heal|p1b: Ogerpon|86\/100|[from] Grassy Terrain\n|-heal|p2b: Rillaboom|65\/100|[from] Grassy Terrain\n|-fieldend|move: Grassy Terrain\n|upkeep\n|turn|11\n|\n|t:|1696726025\n|move|p1a: Flutter Mane|Shadow Ball|p2b: Rillaboom\n|-damage|p2b: Rillaboom|17\/100\n|-unboost|p2b: Rillaboom|spd|1\n|move|p1b: Ogerpon|Ivy Cudgel|p2b: Rillaboom\n|-supereffective|p2b: Rillaboom\n|-damage|p2b: Rillaboom|0 fnt\n|faint|p2b: Rillaboom\n|\n|win|smudgerox\n|n|\u2606smudgerox|smudgerox\n|n|\u2606Onehance|onehance\n|n| kitsu-aria|kitsuaria\n|n| cornpopbad|cornpopbad\n|n| Slash Death|slashdeath\n|l|\u2606Onehance\n","uploadtime":1696726032,"views":8,"p1id":"smudgerox","p2id":"onehance","formatid":"gen9nationaldexdoubles","rating":0,"private":0,"password":""}