{"id":"gen9nationaldexdoubles-1978737559","p1":"FURRETSHINY123","p2":"Gi th Uk if if","format":"[Gen 9] National Dex Doubles","log":"|j|\u2606FURRETSHINY123\n|j|\u2606Gi th Uk if if\n|t:|1698589049\n|gametype|doubles\n|player|p1|FURRETSHINY123|cynthia|1136\n|player|p2|Gi th Uk if if|lucas|1080\n|teamsize|p1|6\n|teamsize|p2|6\n|gen|9\n|tier|[Gen 9] National Dex Doubles\n|rated|\n|rule|HP Percentage Mod: HP is shown in percentages\n|rule|Endless Battle Clause: Forcing endless battles is banned\n|rule|OHKO Clause: OHKO moves are banned\n|rule|Evasion Moves Clause: Evasion moves are banned\n|rule|Evasion Abilities Clause: Evasion abilities are banned\n|rule|Species Clause: Limit one of each Pok\u00e9mon\n|rule|Gravity Sleep Clause: The combination of sleep-inducing moves with imperfect accuracy and Gravity or Gigantamax Orbeetle are banned\n|clearpoke\n|poke|p1|Typhlosion-Hisui, F|\n|poke|p1|Greninja-*, M|\n|poke|p1|Meowscarada, F|\n|poke|p1|Aegislash, M|\n|poke|p1|Grimmsnarl, M|\n|poke|p1|Maushold|\n|poke|p2|Indeedee, M|\n|poke|p2|Deoxys-Attack|\n|poke|p2|Typhlosion, M|\n|poke|p2|Kartana|\n|poke|p2|Murkrow, F|\n|poke|p2|Shuckle, F|\n|teampreview\n|inactive|Battle timer is ON: inactive players will automatically lose when time's up. (requested by FURRETSHINY123)\n|\n|t:|1698589073\n|start\n|switch|p1a: Maushold|Maushold|100\/100\n|switch|p1b: Greninja|Greninja, M, shiny|100\/100\n|switch|p2a: Murkrow|Murkrow, F|100\/100\n|switch|p2b: Shuckle|Shuckle, F|100\/100\n|turn|1\n|\n|t:|1698589084\n|move|p2a: Murkrow|Perish Song|p2a: Murkrow\n|-start|p1a: Maushold|perish3|[silent]\n|-start|p1b: Greninja|perish3|[silent]\n|-start|p2a: Murkrow|perish3|[silent]\n|-start|p2b: Shuckle|perish3|[silent]\n|-fieldactivate|move: Perish Song\n|move|p1b: Greninja|Ice Beam|p2a: Murkrow\n|-start|p1b: Greninja|typechange|Ice|[from] ability: Protean\n|-supereffective|p2a: Murkrow\n|-enditem|p2a: Murkrow|Focus Sash\n|-damage|p2a: Murkrow|1\/100\n|-damage|p1b: Greninja|91\/100|[from] item: Life Orb\n|move|p1a: Maushold|Thunder Wave|p2b: Shuckle\n|-status|p2b: Shuckle|par\n|move|p2b: Shuckle|Stealth Rock|p1b: Greninja\n|-sidestart|p1: FURRETSHINY123|move: Stealth Rock\n|\n|-start|p1b: Greninja|perish3\n|-start|p1a: Maushold|perish3\n|-start|p2a: Murkrow|perish3\n|-start|p2b: Shuckle|perish3\n|upkeep\n|turn|2\n|\n|t:|1698589103\n|move|p2a: Murkrow|Taunt|p1a: Maushold\n|-start|p1a: Maushold|move: Taunt\n|move|p1b: Greninja|Ice Beam|p2a: Murkrow\n|-supereffective|p2a: Murkrow\n|-damage|p2a: Murkrow|0 fnt\n|faint|p2a: Murkrow\n|-damage|p1b: Greninja|81\/100|[from] item: Life Orb\n|move|p1a: Maushold|Super Fang|p2b: Shuckle\n|-damage|p2b: Shuckle|50\/100 par\n|move|p2b: Shuckle|Sticky Web|p1b: Greninja\n|-sidestart|p1: FURRETSHINY123|move: Sticky Web\n|\n|-start|p1b: Greninja|perish2\n|-start|p1a: Maushold|perish2\n|-start|p2b: Shuckle|perish2\n|upkeep\n|inactive|Gi th Uk if if has 120 seconds left.\n|inactive|Gi th Uk if if has 90 seconds left.\n|\n|t:|1698589171\n|switch|p2a: Kartana|Kartana|100\/100\n|turn|3\n|inactive|Gi th Uk if if has 90 seconds left.\n|\n|t:|1698589184\n|move|p2a: Kartana|Leaf Blade|p1a: Maushold\n|-damage|p1a: Maushold|19\/100\n|-enditem|p1a: Maushold|Sitrus Berry|[eat]\n|-heal|p1a: Maushold|44\/100|[from] item: Sitrus Berry\n|move|p1b: Greninja|U-turn|p2a: Kartana\n|-damage|p2a: Kartana|80\/100\n|-damage|p1b: Greninja|71\/100|[from] item: Life Orb\n|\n|t:|1698589193\n|switch|p1b: Typhlosion|Typhlosion-Hisui, F|100\/100|[from] U-turn\n|-damage|p1b: Typhlosion|76\/100|[from] Stealth Rock\n|-activate|p1b: Typhlosion|move: Sticky Web\n|-unboost|p1b: Typhlosion|spe|1\n|move|p1a: Maushold|Super Fang|p2b: Shuckle|[miss]\n|-miss|p1a: Maushold|p2b: Shuckle\n|cant|p2b: Shuckle|par\n|\n|-start|p1a: Maushold|perish1\n|-start|p2b: Shuckle|perish1\n|upkeep\n|turn|4\n|\n|t:|1698589214\n|move|p2a: Kartana|Leaf Blade|p1b: Typhlosion\n|-resisted|p1b: Typhlosion\n|-crit|p1b: Typhlosion\n|-damage|p1b: Typhlosion|26\/100\n|move|p1a: Maushold|Super Fang|p2b: Shuckle|[miss]\n|-miss|p1a: Maushold|p2b: Shuckle\n|move|p1b: Typhlosion|Eruption|p2a: Kartana|[spread] p2a,p2b\n|-supereffective|p2a: Kartana\n|-damage|p2a: Kartana|0 fnt\n|-damage|p2b: Shuckle|39\/100 par\n|faint|p2a: Kartana\n|move|p2b: Shuckle|Power Split|p1a: Maushold\n|-activate|p2b: Shuckle|move: Power Split|[of] p1a: Maushold\n|\n|-end|p1a: Maushold|move: Taunt\n|-start|p1a: Maushold|perish0\n|-start|p2b: Shuckle|perish0\n|upkeep\n|faint|p1a: Maushold\n|faint|p2b: Shuckle\n|inactive|Gi th Uk if if has 120 seconds left.\n|inactive|FURRETSHINY123 has 120 seconds left.\n|inactive|Gi th Uk if if has 90 seconds left.\n|\n|t:|1698589265\n|switch|p1a: Aegislash|Aegislash, M, shiny|100\/100\n|switch|p2a: Indeedee|Indeedee, M|100\/100\n|switch|p2b: Typhlosion|Typhlosion, M|100\/100\n|-fieldstart|move: Psychic Terrain|[from] ability: Psychic Surge|[of] p2a: Indeedee\n|-damage|p1a: Aegislash|94\/100|[from] Stealth Rock\n|-activate|p1a: Aegislash|move: Sticky Web\n|-unboost|p1a: Aegislash|spe|1\n|turn|5\n|inactive|Gi th Uk if if has 90 seconds left.\n|\n|t:|1698589282\n|switch|p1b: Greninja|Greninja, M, shiny|71\/100\n|-damage|p1b: Greninja|59\/100|[from] Stealth Rock\n|-activate|p1b: Greninja|move: Sticky Web\n|-unboost|p1b: Greninja|spe|1\n|move|p1a: Aegislash|King's Shield|p1a: Aegislash\n|-singleturn|p1a: Aegislash|Protect\n|move|p2b: Typhlosion|Eruption|p1b: Greninja|[spread] p1b\n|-activate|p1a: Aegislash|move: Protect\n|-resisted|p1b: Greninja\n|-damage|p1b: Greninja|18\/100\n|move|p2a: Indeedee|Expanding Force|p1b: Greninja|[spread] \n|-activate|p1a: Aegislash|move: Protect\n|-immune|p1b: Greninja\n|\n|-heal|p1a: Aegislash|100\/100|[from] item: Leftovers\n|upkeep\n|turn|6\n|\n|t:|1698589305\n|switch|p1a: Typhlosion|Typhlosion-Hisui, F|26\/100\n|-damage|p1a: Typhlosion|1\/100|[from] Stealth Rock\n|-activate|p1a: Typhlosion|move: Sticky Web\n|-unboost|p1a: Typhlosion|spe|1\n|move|p2b: Typhlosion|Eruption|p1a: Typhlosion|[spread] p1a,p1b\n|-resisted|p1a: Typhlosion\n|-crit|p1a: Typhlosion\n|-resisted|p1b: Greninja\n|-damage|p1a: Typhlosion|0 fnt\n|-damage|p1b: Greninja|0 fnt\n|faint|p1a: Typhlosion\n|faint|p1b: Greninja\n|move|p2a: Indeedee|Expanding Force|p1: Typhlosion|[notarget]\n|-fail|p2a: Indeedee\n|\n|upkeep\n|\n|t:|1698589320\n|switch|p1b: Meowscarada|Meowscarada, F|100\/100\n|switch|p1a: Grimmsnarl|Grimmsnarl, M, shiny|100\/100\n|-damage|p1b: Meowscarada|88\/100|[from] Stealth Rock\n|-activate|p1b: Meowscarada|move: Sticky Web\n|-unboost|p1b: Meowscarada|spe|1\n|-damage|p1a: Grimmsnarl|88\/100|[from] Stealth Rock\n|-activate|p1a: Grimmsnarl|move: Sticky Web\n|-unboost|p1a: Grimmsnarl|spe|1\n|turn|7\n|-message|FURRETSHINY123 forfeited.\n|\n|win|Gi th Uk if if\n|raw|FURRETSHINY123's rating: 1136 &rarr; <strong>1107<\/strong><br \/>(-29 for losing)\n|raw|Gi th Uk if if's rating: 1080 &rarr; <strong>1112<\/strong><br \/>(+32 for winning)\n|l|\u2606FURRETSHINY123\n","uploadtime":1698589411,"views":9,"p1id":"furretshiny123","p2id":"githukifif","formatid":"gen9nationaldexdoubles","rating":1107,"private":0,"password":""}