{"id":"gen9nationaldexdoubles-1992774337","p1":"psng","p2":"Math la ele","format":"[Gen 9] National Dex Doubles","log":"|j|\u2606psng\n|j|\u2606Math la ele\n|t:|1700234284\n|gametype|doubles\n|player|p1|psng|wallace|1274\n|player|p2|Math la ele|102|1158\n|teamsize|p1|6\n|teamsize|p2|6\n|gen|9\n|tier|[Gen 9] National Dex Doubles\n|rated|\n|rule|HP Percentage Mod: HP is shown in percentages\n|rule|Endless Battle Clause: Forcing endless battles is banned\n|rule|OHKO Clause: OHKO moves are banned\n|rule|Evasion Moves Clause: Evasion moves are banned\n|rule|Evasion Abilities Clause: Evasion abilities are banned\n|rule|Species Clause: Limit one of each Pok\u00e9mon\n|rule|Gravity Sleep Clause: The combination of sleep-inducing moves with imperfect accuracy and Gravity or Gigantamax Orbeetle are banned\n|clearpoke\n|poke|p1|Hatterene, F|\n|poke|p1|Incineroar, F|\n|poke|p1|Gastrodon-East, M|\n|poke|p1|Mawile, F|\n|poke|p1|Porygon2|\n|poke|p1|Rillaboom, F|\n|poke|p2|Garchomp, M|\n|poke|p2|Tyranitar, M|\n|poke|p2|Darkrai|\n|poke|p2|Excadrill, F|\n|poke|p2|Volcanion|\n|poke|p2|Salamence, M|\n|teampreview\n|inactive|Battle timer is ON: inactive players will automatically lose when time's up. (requested by psng)\n|\n|t:|1700234299\n|start\n|switch|p1a: Hatterene|Hatterene, F, shiny|100\/100\n|switch|p1b: Incineroar|Incineroar, F, shiny|100\/100\n|switch|p2a: Tyranitar|Tyranitar, M|100\/100\n|switch|p2b: Excadrill|Excadrill, F|100\/100\n|-weather|Sandstorm|[from] ability: Sand Stream|[of] p2a: Tyranitar\n|-ability|p1b: Incineroar|Intimidate|boost\n|-unboost|p2a: Tyranitar|atk|1\n|-unboost|p2b: Excadrill|atk|1\n|turn|1\n|\n|t:|1700234319\n|move|p1b: Incineroar|Fake Out|p2b: Excadrill\n|-resisted|p2b: Excadrill\n|-damage|p2b: Excadrill|94\/100\n|cant|p2b: Excadrill|flinch\n|move|p2a: Tyranitar|Rock Slide|p1a: Hatterene|[spread] p1a\n|-miss|p2a: Tyranitar|p1b: Incineroar\n|-damage|p1a: Hatterene|80\/100\n|cant|p1a: Hatterene|flinch\n|\n|-weather|Sandstorm|[upkeep]\n|-damage|p1b: Incineroar|94\/100|[from] Sandstorm\n|-damage|p1a: Hatterene|74\/100|[from] Sandstorm\n|-heal|p1b: Incineroar|100\/100|[from] item: Leftovers\n|upkeep\n|turn|2\n|\n|t:|1700234339\n|move|p1a: Hatterene|Protect|p1a: Hatterene\n|-singleturn|p1a: Hatterene|Protect\n|move|p2b: Excadrill|Iron Head|p1a: Hatterene\n|-activate|p1a: Hatterene|move: Protect\n|move|p2a: Tyranitar|Rock Slide|p1a: Hatterene|[spread] \n|-activate|p1a: Hatterene|move: Protect\n|-miss|p2a: Tyranitar|p1b: Incineroar\n|move|p1b: Incineroar|Flare Blitz|p2b: Excadrill\n|-supereffective|p2b: Excadrill\n|-damage|p2b: Excadrill|0 fnt\n|faint|p2b: Excadrill\n|-damage|p1b: Incineroar|72\/100|[from] Recoil\n|\n|-weather|Sandstorm|[upkeep]\n|-damage|p1b: Incineroar|66\/100|[from] Sandstorm\n|-damage|p1a: Hatterene|68\/100|[from] Sandstorm\n|-heal|p1b: Incineroar|72\/100|[from] item: Leftovers\n|upkeep\n|\n|t:|1700234358\n|switch|p2b: Salamence|Salamence, M|100\/100\n|-ability|p2b: Salamence|Intimidate|boost\n|-unboost|p1a: Hatterene|atk|1\n|-unboost|p1b: Incineroar|atk|1\n|turn|3\n|\n|t:|1700234373\n|switch|p1b: Mawile|Mawile, F, shiny|100\/100\n|-ability|p1b: Mawile|Intimidate|boost\n|-unboost|p2a: Tyranitar|atk|1\n|-unboost|p2b: Salamence|atk|1\n|detailschange|p2b: Salamence|Salamence-Mega, M\n|-mega|p2b: Salamence|Salamence|Salamencite\n|move|p2b: Salamence|Air Slash|p1a: Hatterene\n|-damage|p1a: Hatterene|42\/100\n|move|p2a: Tyranitar|Earthquake|p1b: Mawile|[spread] p1a,p1b\n|-immune|p2b: Salamence\n|-supereffective|p1b: Mawile\n|-damage|p1a: Hatterene|27\/100\n|-damage|p1b: Mawile|67\/100\n|move|p1a: Hatterene|Trick Room|p1a: Hatterene\n|-fieldstart|move: Trick Room|[of] p1a: Hatterene\n|\n|-weather|Sandstorm|[upkeep]\n|-damage|p1a: Hatterene|21\/100|[from] Sandstorm\n|-damage|p2b: Salamence|94\/100|[from] Sandstorm\n|upkeep\n|turn|4\n|inactive|psng has 120 seconds left.\n|\n|t:|1700234419\n|switch|p1b: Incineroar|Incineroar, F, shiny|72\/100\n|-ability|p1b: Incineroar|Intimidate|boost\n|-unboost|p2a: Tyranitar|atk|1\n|-unboost|p2b: Salamence|atk|1\n|move|p1a: Hatterene|Dazzling Gleam|p2b: Salamence|[spread] p2a,p2b\n|-supereffective|p2a: Tyranitar\n|-supereffective|p2b: Salamence\n|-damage|p2a: Tyranitar|56\/100\n|-damage|p2b: Salamence|12\/100\n|-damage|p1a: Hatterene|12\/100|[from] item: Life Orb\n|move|p2a: Tyranitar|Earthquake|p1a: Hatterene|[spread] p1a,p1b\n|-immune|p2b: Salamence\n|-supereffective|p1b: Incineroar\n|-damage|p1a: Hatterene|0 fnt\n|-damage|p1b: Incineroar|55\/100\n|faint|p1a: Hatterene\n|move|p2b: Salamence|Air Slash|p1b: Incineroar|[miss]\n|-miss|p2b: Salamence|p1b: Incineroar\n|\n|-weather|Sandstorm|[upkeep]\n|-damage|p1b: Incineroar|49\/100|[from] Sandstorm\n|-damage|p2b: Salamence|6\/100|[from] Sandstorm\n|-heal|p1b: Incineroar|55\/100|[from] item: Leftovers\n|-heal|p2a: Tyranitar|62\/100|[from] item: Leftovers\n|upkeep\n|\n|t:|1700234436\n|switch|p1a: Mawile|Mawile, F, shiny|67\/100\n|-ability|p1a: Mawile|Intimidate|boost\n|-unboost|p2a: Tyranitar|atk|1\n|-unboost|p2b: Salamence|atk|1\n|turn|5\n|inactive|Math la ele has 120 seconds left.\n|\n|t:|1700234479\n|detailschange|p1a: Mawile|Mawile-Mega, F, shiny\n|-mega|p1a: Mawile|Mawile|Mawilite\n|move|p1b: Incineroar|Fake Out|p2b: Salamence\n|-damage|p2b: Salamence|0 fnt\n|faint|p2b: Salamence\n|move|p1a: Mawile|Swords Dance|p1a: Mawile\n|-boost|p1a: Mawile|atk|2\n|move|p2a: Tyranitar|Earthquake|p1b: Incineroar|[spread] p1a,p1b\n|-supereffective|p1a: Mawile\n|-supereffective|p1b: Incineroar\n|-damage|p1a: Mawile|53\/100\n|-damage|p1b: Incineroar|39\/100\n|\n|-weather|none\n|-heal|p1b: Incineroar|45\/100|[from] item: Leftovers\n|-heal|p2a: Tyranitar|69\/100|[from] item: Leftovers\n|upkeep\n|\n|t:|1700234498\n|switch|p2b: Volcanion|Volcanion|100\/100\n|turn|6\n|inactive|Math la ele has 120 seconds left.\n|\n|t:|1700234514\n|move|p1a: Mawile|Iron Head|p2b: Volcanion\n|-resisted|p2b: Volcanion\n|-damage|p2b: Volcanion|72\/100\n|move|p1b: Incineroar|Parting Shot|p2b: Volcanion\n|-unboost|p2b: Volcanion|atk|1\n|-unboost|p2b: Volcanion|spa|1\n|\n|t:|1700234519\n|switch|p1b: Gastrodon|Gastrodon-East, M, shiny|100\/100|[from] Parting Shot\n|move|p2a: Tyranitar|Rock Slide|p1b: Gastrodon|[spread] p1a,p1b\n|-resisted|p1a: Mawile\n|-crit|p1a: Mawile\n|-resisted|p1b: Gastrodon\n|-damage|p1a: Mawile|35\/100\n|-damage|p1b: Gastrodon|96\/100\n|cant|p2b: Volcanion|flinch\n|\n|-heal|p2a: Tyranitar|75\/100|[from] item: Leftovers\n|upkeep\n|turn|7\n|\n|t:|1700234547\n|move|p2b: Volcanion|Protect|p2b: Volcanion\n|-singleturn|p2b: Volcanion|Protect\n|-zpower|p1b: Gastrodon\n|move|p1b: Gastrodon|Tectonic Rage|p2b: Volcanion|[zeffect]\n|-supereffective|p2b: Volcanion\n|-zbroken|p2b: Volcanion\n|-damage|p2b: Volcanion|21\/100\n|move|p1a: Mawile|Iron Head|p2a: Tyranitar\n|-supereffective|p2a: Tyranitar\n|-damage|p2a: Tyranitar|0 fnt\n|faint|p2a: Tyranitar\n|\n|-fieldend|move: Trick Room\n|upkeep\n|inactive|Math la ele has 120 seconds left.\n|\n|t:|1700234567\n|switch|p2a: Garchomp|Garchomp, M|100\/100\n|turn|8\n|\n|t:|1700234581\n|move|p2a: Garchomp|Earthquake|p1b: Gastrodon|[spread] p2b,p1a,p1b\n|-supereffective|p2b: Volcanion\n|-supereffective|p1a: Mawile\n|-damage|p2b: Volcanion|0 fnt\n|-damage|p1a: Mawile|0 fnt\n|-damage|p1b: Gastrodon|36\/100\n|faint|p2b: Volcanion\n|faint|p1a: Mawile\n|-damage|p2a: Garchomp|91\/100|[from] item: Life Orb\n|move|p1b: Gastrodon|Earth Power|p2a: Garchomp\n|-damage|p2a: Garchomp|45\/100\n|\n|upkeep\n|\n|t:|1700234594\n|switch|p2b: Darkrai|Darkrai|100\/100\n|switch|p1a: Porygon2|Porygon2, shiny|100\/100\n|-ability|p1a: Porygon2|Download|boost\n|-boost|p1a: Porygon2|spa|1\n|turn|9\n|\n|t:|1700234622\n|move|p1b: Gastrodon|Protect|p1b: Gastrodon\n|-singleturn|p1b: Gastrodon|Protect\n|move|p2b: Darkrai|Dark Pulse|p1a: Porygon2\n|-damage|p1a: Porygon2|73\/100\n|move|p2a: Garchomp|Dragon Claw|p1b: Gastrodon\n|-activate|p1b: Gastrodon|move: Protect\n|move|p1a: Porygon2|Trick Room|p1a: Porygon2\n|-fieldstart|move: Trick Room|[of] p1a: Porygon2\n|\n|upkeep\n|turn|10\n|\n|t:|1700234637\n|move|p1b: Gastrodon|Ice Beam|p2a: Garchomp\n|-supereffective|p2a: Garchomp\n|-damage|p2a: Garchomp|0 fnt\n|faint|p2a: Garchomp\n|move|p1a: Porygon2|Tri Attack|p2b: Darkrai\n|-damage|p2b: Darkrai|26\/100\n|move|p2b: Darkrai|Dark Pulse|p1b: Gastrodon\n|-damage|p1b: Gastrodon|0 fnt\n|faint|p1b: Gastrodon\n|\n|upkeep\n|\n|t:|1700234651\n|switch|p1b: Incineroar|Incineroar, F, shiny|45\/100\n|-ability|p1b: Incineroar|Intimidate|boost\n|-unboost|p2b: Darkrai|atk|1\n|turn|11\n|-message|Math la ele forfeited.\n|\n|win|psng\n|raw|psng's rating: 1274 &rarr; <strong>1289<\/strong><br \/>(+15 for winning)\n|raw|Math la ele's rating: 1122 &rarr; <strong>1107<\/strong><br \/>(-15 for losing)\n|l|\u2606Math la ele\n","uploadtime":1700234665,"views":18,"p1id":"psng","p2id":"mathlaele","formatid":"gen9nationaldexdoubles","rating":1107,"private":0,"password":""}