{"id":"gen9nationaldexdoubles-1968554169","p1":"Miiirza","p2":"mint29","format":"[Gen 9] National Dex Doubles","log":"|j|\u2606Miiirza\n|j|\u2606mint29\n|t:|1697432514\n|gametype|doubles\n|player|p1|Miiirza|266|1429\n|player|p2|mint29|2|1174\n|teamsize|p1|6\n|teamsize|p2|6\n|gen|9\n|tier|[Gen 9] National Dex Doubles\n|rated|\n|rule|HP Percentage Mod: HP is shown in percentages\n|rule|Endless Battle Clause: Forcing endless battles is banned\n|rule|OHKO Clause: OHKO moves are banned\n|rule|Evasion Moves Clause: Evasion moves are banned\n|rule|Evasion Abilities Clause: Evasion abilities are banned\n|rule|Species Clause: Limit one of each Pok\u00e9mon\n|rule|Gravity Sleep Clause: The combination of sleep-inducing moves with imperfect accuracy and Gravity or Gigantamax Orbeetle are banned\n|clearpoke\n|poke|p1|Incineroar, M|\n|poke|p1|Gastrodon-East, M|\n|poke|p1|Rillaboom, M|\n|poke|p1|Zygarde|\n|poke|p1|Amoonguss, M|\n|poke|p1|Chien-Pao|\n|poke|p2|Incineroar, M|\n|poke|p2|Ogerpon, F|\n|poke|p2|Ninetales-Alola, M|\n|poke|p2|Quaquaval, F|\n|poke|p2|Clodsire, F|\n|poke|p2|Sinistcha-Masterpiece|\n|teampreview\n|inactive|Battle timer is ON: inactive players will automatically lose when time's up. (requested by Miiirza)\n|\n|t:|1697432525\n|start\n|switch|p1a: Incineroar|Incineroar, M, shiny|100\/100\n|switch|p1b: Chien-Pao|Chien-Pao|100\/100\n|switch|p2a: Incineroar|Incineroar, M|100\/100\n|switch|p2b: Ninetales|Ninetales-Alola, M|100\/100\n|-ability|p1b: Chien-Pao|Sword of Ruin\n|-weather|Snow|[from] ability: Snow Warning|[of] p2b: Ninetales\n|-ability|p1a: Incineroar|Intimidate|boost\n|-unboost|p2a: Incineroar|atk|1\n|-unboost|p2b: Ninetales|atk|1\n|-ability|p2a: Incineroar|Intimidate|boost\n|-unboost|p1a: Incineroar|atk|1\n|-unboost|p1b: Chien-Pao|atk|1\n|turn|1\n|\n|t:|1697432547\n|move|p1a: Incineroar|Fake Out|p2a: Incineroar\n|-damage|p2a: Incineroar|88\/100\n|move|p1b: Chien-Pao|Sacred Sword|p2a: Incineroar\n|-supereffective|p2a: Incineroar\n|-damage|p2a: Incineroar|40\/100\n|move|p2b: Ninetales|Aurora Veil|p2b: Ninetales\n|-sidestart|p2: mint29|move: Aurora Veil\n|cant|p2a: Incineroar|flinch\n|\n|-weather|Snow|[upkeep]\n|upkeep\n|turn|2\n|\n|t:|1697432560\n|move|p1b: Chien-Pao|Protect|p1b: Chien-Pao\n|-singleturn|p1b: Chien-Pao|Protect\n|move|p2b: Ninetales|Dazzling Gleam|p1b: Chien-Pao|[spread] p1a\n|-activate|p1b: Chien-Pao|move: Protect\n|-damage|p1a: Incineroar|78\/100\n|move|p1a: Incineroar|Knock Off|p2a: Incineroar\n|-resisted|p2a: Incineroar\n|-damage|p2a: Incineroar|26\/100\n|-enditem|p2a: Incineroar|Shell Bell|[from] move: Knock Off|[of] p1a: Incineroar\n|move|p2a: Incineroar|Darkest Lariat|p1a: Incineroar\n|-resisted|p1a: Incineroar\n|-damage|p1a: Incineroar|60\/100\n|\n|-weather|Snow|[upkeep]\n|upkeep\n|turn|3\n|\n|t:|1697432577\n|switch|p1b: Gastrodon|Gastrodon-East, M, shiny|100\/100\n|move|p2b: Ninetales|Dazzling Gleam|p1b: Gastrodon|[spread] p1a,p1b\n|-damage|p1a: Incineroar|39\/100\n|-damage|p1b: Gastrodon|81\/100\n|move|p1a: Incineroar|Flare Blitz|p2b: Ninetales\n|-supereffective|p2b: Ninetales\n|-crit|p2b: Ninetales\n|-damage|p2b: Ninetales|0 fnt\n|faint|p2b: Ninetales\n|-damage|p1a: Incineroar|10\/100|[from] Recoil\n|-enditem|p1a: Incineroar|Mago Berry|[eat]\n|-heal|p1a: Incineroar|43\/100|[from] item: Mago Berry\n|move|p2a: Incineroar|Darkest Lariat|p1a: Incineroar\n|-resisted|p1a: Incineroar\n|-damage|p1a: Incineroar|30\/100\n|\n|-weather|Snow|[upkeep]\n|-heal|p1b: Gastrodon|87\/100|[from] item: Leftovers\n|upkeep\n|\n|t:|1697432591\n|switch|p2b: Ogerpon|Ogerpon, F|100\/100\n|turn|4\n|\n|t:|1697432607\n|-terastallize|p2b: Ogerpon|Grass\n|detailschange|p2b: Ogerpon|Ogerpon-Teal-Tera, F, tera:Grass\n|-ability|p2b: Ogerpon|Embody Aspect (Teal)|boost\n|-boost|p2b: Ogerpon|spe|1\n|move|p1b: Gastrodon|Protect|p1b: Gastrodon\n|-singleturn|p1b: Gastrodon|Protect\n|move|p2b: Ogerpon|Ivy Cudgel|p1b: Gastrodon\n|-activate|p1b: Gastrodon|move: Protect\n|move|p1a: Incineroar|Parting Shot|p2a: Incineroar\n|-unboost|p2a: Incineroar|atk|1\n|-unboost|p2a: Incineroar|spa|1\n|\n|t:|1697432617\n|switch|p1a: Amoonguss|Amoonguss, M|100\/100|[from] Parting Shot\n|move|p2a: Incineroar|Darkest Lariat|p1a: Amoonguss\n|-damage|p1a: Amoonguss|82\/100\n|\n|-weather|Snow|[upkeep]\n|-heal|p1b: Gastrodon|93\/100|[from] item: Leftovers\n|-heal|p1a: Amoonguss|88\/100|[from] item: Leftovers\n|upkeep\n|turn|5\n|\n|t:|1697432631\n|-terastallize|p1b: Gastrodon|Fire\n|move|p2b: Ogerpon|Ivy Cudgel|p1b: Gastrodon\n|-resisted|p1b: Gastrodon\n|-damage|p1b: Gastrodon|57\/100\n|move|p2a: Incineroar|Fire Punch|p1a: Amoonguss\n|-supereffective|p1a: Amoonguss\n|-damage|p1a: Amoonguss|59\/100\n|move|p1b: Gastrodon|Ice Beam|p2b: Ogerpon\n|-supereffective|p2b: Ogerpon\n|-damage|p2b: Ogerpon|68\/100\n|move|p1a: Amoonguss|Clear Smog|p2b: Ogerpon\n|-supereffective|p2b: Ogerpon\n|-damage|p2b: Ogerpon|49\/100\n|-clearboost|p2b: Ogerpon\n|\n|-weather|none\n|-heal|p1b: Gastrodon|63\/100|[from] item: Leftovers\n|-heal|p1a: Amoonguss|65\/100|[from] item: Leftovers\n|upkeep\n|turn|6\n|\n|t:|1697432649\n|switch|p1b: Incineroar|Incineroar, M, shiny|30\/100\n|-ability|p1b: Incineroar|Intimidate|boost\n|-unboost|p2a: Incineroar|atk|1\n|-unboost|p2b: Ogerpon|atk|1\n|move|p2b: Ogerpon|Play Rough|p1a: Amoonguss|[miss]\n|-miss|p2b: Ogerpon|p1a: Amoonguss\n|move|p2a: Incineroar|Fire Punch|p1a: Amoonguss\n|-supereffective|p1a: Amoonguss\n|-damage|p1a: Amoonguss|37\/100\n|-status|p1a: Amoonguss|brn\n|move|p1a: Amoonguss|Pollen Puff|p1b: Incineroar\n|-heal|p1b: Incineroar|80\/100\n|\n|-heal|p1a: Amoonguss|44\/100 brn|[from] item: Leftovers\n|-damage|p1a: Amoonguss|37\/100 brn|[from] brn\n|upkeep\n|turn|7\n|\n|t:|1697432671\n|switch|p2a: Sinistcha|Sinistcha-Masterpiece|100\/100\n|-heal|p2b: Ogerpon|74\/100|[from] ability: Hospitality|[of] p2a: Sinistcha\n|switch|p1a: Zygarde|Zygarde, shiny|100\/100\n|-ability|p1a: Zygarde|Aura Break\n|move|p2b: Ogerpon|Spiky Shield|p2b: Ogerpon\n|-singleturn|p2b: Ogerpon|move: Protect\n|move|p1b: Incineroar|Flare Blitz|p2b: Ogerpon\n|-activate|p2b: Ogerpon|move: Protect\n|-damage|p1b: Incineroar|68\/100|[from] Spiky Shield|[of] p2b: Ogerpon\n|\n|upkeep\n|turn|8\n|\n|t:|1697432690\n|switch|p2b: Quaquaval|Quaquaval, F|100\/100\n|switch|p1a: Amoonguss|Amoonguss, M|71\/100 brn\n|move|p2a: Sinistcha|Matcha Gotcha|p1b: Incineroar|[spread] p1a,p1b\n|-resisted|p1a: Amoonguss\n|-resisted|p1b: Incineroar\n|-damage|p1a: Amoonguss|64\/100 brn\n|-damage|p1b: Incineroar|51\/100\n|move|p1b: Incineroar|Knock Off|p2a: Sinistcha\n|-supereffective|p2a: Sinistcha\n|-damage|p2a: Sinistcha|33\/100\n|-enditem|p2a: Sinistcha|Wide Lens|[from] move: Knock Off|[of] p1b: Incineroar\n|\n|-heal|p1a: Amoonguss|70\/100 brn|[from] item: Leftovers\n|-damage|p1a: Amoonguss|64\/100 brn|[from] brn\n|-sideend|p2: mint29|move: Aurora Veil\n|upkeep\n|turn|9\n|\n|t:|1697432711\n|switch|p2a: Incineroar|Incineroar, M|26\/100\n|-ability|p2a: Incineroar|Intimidate|boost\n|-unboost|p1a: Amoonguss|atk|1\n|-unboost|p1b: Incineroar|atk|1\n|switch|p1b: Rillaboom|Rillaboom, M|100\/100\n|-fieldstart|move: Grassy Terrain|[from] ability: Grassy Surge|[of] p1b: Rillaboom\n|move|p2b: Quaquaval|Aqua Step|p1b: Rillaboom\n|-resisted|p1b: Rillaboom\n|-crit|p1b: Rillaboom\n|-damage|p1b: Rillaboom|66\/100\n|-boost|p2b: Quaquaval|spe|1\n|move|p1a: Amoonguss|Spore|p2b: Quaquaval\n|-status|p2b: Quaquaval|slp|[from] move: Spore\n|\n|-heal|p1b: Rillaboom|72\/100|[from] Grassy Terrain\n|-heal|p2a: Incineroar|32\/100|[from] Grassy Terrain\n|-heal|p1a: Amoonguss|70\/100 brn|[from] Grassy Terrain\n|-heal|p1a: Amoonguss|76\/100 brn|[from] item: Leftovers\n|-damage|p1a: Amoonguss|70\/100 brn|[from] brn\n|upkeep\n|turn|10\n|\n|t:|1697432737\n|switch|p1a: Incineroar|Incineroar, M, shiny|51\/100\n|-ability|p1a: Incineroar|Intimidate|boost\n|-unboost|p2a: Incineroar|atk|1\n|-unboost|p2b: Quaquaval|atk|1\n|move|p1b: Rillaboom|Grassy Glide|p2b: Quaquaval\n|-supereffective|p2b: Quaquaval\n|-damage|p2b: Quaquaval|12\/100 slp\n|cant|p2b: Quaquaval|slp\n|move|p2a: Incineroar|Fire Punch|p1b: Rillaboom\n|-supereffective|p1b: Rillaboom\n|-damage|p1b: Rillaboom|14\/100\n|\n|-heal|p2b: Quaquaval|18\/100 slp|[from] Grassy Terrain\n|-heal|p1b: Rillaboom|20\/100|[from] Grassy Terrain\n|-heal|p1a: Incineroar|57\/100|[from] Grassy Terrain\n|-heal|p2a: Incineroar|38\/100|[from] Grassy Terrain\n|upkeep\n|turn|11\n|\n|t:|1697432755\n|move|p1a: Incineroar|Fake Out|p2b: Quaquaval\n|-damage|p2b: Quaquaval|0 fnt\n|faint|p2b: Quaquaval\n|move|p1b: Rillaboom|Superpower|p2a: Incineroar\n|-supereffective|p2a: Incineroar\n|-damage|p2a: Incineroar|0 fnt\n|-unboost|p1b: Rillaboom|atk|1\n|-unboost|p1b: Rillaboom|def|1\n|faint|p2a: Incineroar\n|\n|-heal|p1b: Rillaboom|26\/100|[from] Grassy Terrain\n|-heal|p1a: Incineroar|63\/100|[from] Grassy Terrain\n|upkeep\n|\n|t:|1697432764\n|switch|p2b: Ogerpon|Ogerpon-Teal-Tera, F, tera:Grass|74\/100\n|switch|p2a: Sinistcha|Sinistcha-Masterpiece|33\/100\n|-ability|p2b: Ogerpon|Embody Aspect (Teal)|boost\n|-boost|p2b: Ogerpon|spe|1\n|-heal|p2b: Ogerpon|99\/100|[from] ability: Hospitality|[of] p2a: Sinistcha\n|turn|12\n|\n|t:|1697432780\n|switch|p1b: Gastrodon|Gastrodon-East, M, shiny, tera:Fire|63\/100\n|move|p2b: Ogerpon|Play Rough|p1a: Incineroar\n|-damage|p1a: Incineroar|29\/100\n|move|p2a: Sinistcha|Matcha Gotcha|p1b: Gastrodon|[spread] p1a,p1b\n|-resisted|p1a: Incineroar\n|-resisted|p1b: Gastrodon\n|-damage|p1a: Incineroar|9\/100\n|-heal|p2a: Sinistcha|45\/100|[from] drain|[of] p1a: Incineroar\n|-damage|p1b: Gastrodon|42\/100\n|-heal|p2a: Sinistcha|59\/100|[from] drain|[of] p1b: Gastrodon\n|move|p1a: Incineroar|Flare Blitz|p2a: Sinistcha\n|-supereffective|p2a: Sinistcha\n|-damage|p2a: Sinistcha|0 fnt\n|faint|p2a: Sinistcha\n|-damage|p1a: Incineroar|0 fnt|[from] Recoil\n|faint|p1a: Incineroar\n|\n|-heal|p2b: Ogerpon|100\/100|[from] Grassy Terrain\n|-heal|p1b: Gastrodon|48\/100|[from] Grassy Terrain\n|-heal|p1b: Gastrodon|54\/100|[from] item: Leftovers\n|upkeep\n|\n|t:|1697432800\n|switch|p2a: Clodsire|Clodsire, F|100\/100\n|switch|p1a: Amoonguss|Amoonguss, M|100\/100 brn\n|turn|13\n|\n|t:|1697432808\n|move|p2b: Ogerpon|Spiky Shield|p2b: Ogerpon\n|-singleturn|p2b: Ogerpon|move: Protect\n|move|p2a: Clodsire|Earthquake|p1b: Gastrodon|[spread] p1a,p1b\n|-activate|p2b: Ogerpon|move: Protect\n|-supereffective|p1b: Gastrodon\n|-damage|p1a: Amoonguss|87\/100 brn\n|-damage|p1b: Gastrodon|25\/100\n|move|p1b: Gastrodon|Ice Beam|p2b: Ogerpon\n|-activate|p2b: Ogerpon|move: Protect\n|move|p1a: Amoonguss|Spore|p2a: Clodsire\n|-status|p2a: Clodsire|slp|[from] move: Spore\n|\n|-heal|p1b: Gastrodon|31\/100|[from] Grassy Terrain\n|-heal|p1b: Gastrodon|38\/100|[from] item: Leftovers\n|-heal|p1a: Amoonguss|93\/100 brn|[from] Grassy Terrain\n|-heal|p1a: Amoonguss|99\/100 brn|[from] item: Leftovers\n|-damage|p1a: Amoonguss|93\/100 brn|[from] brn\n|-fieldend|move: Grassy Terrain\n|upkeep\n|turn|14\n|inactive|mint29 has 120 seconds left.\n|\n|t:|1697432839\n|switch|p1b: Zygarde|Zygarde, shiny|100\/100\n|-ability|p1b: Zygarde|Aura Break\n|move|p2b: Ogerpon|Ivy Cudgel|p1b: Zygarde\n|-crit|p1b: Zygarde\n|-damage|p1b: Zygarde|30\/100\n|cant|p2a: Clodsire|slp\n|move|p1a: Amoonguss|Clear Smog|p2b: Ogerpon\n|-supereffective|p2b: Ogerpon\n|-damage|p2b: Ogerpon|67\/100\n|-clearboost|p2b: Ogerpon\n|\n|-heal|p1b: Zygarde|36\/100|[from] item: Leftovers\n|-heal|p1a: Amoonguss|99\/100 brn|[from] item: Leftovers\n|-damage|p1a: Amoonguss|93\/100 brn|[from] brn\n|upkeep\n|turn|15\n|\n|t:|1697432857\n|move|p1b: Zygarde|Protect|p1b: Zygarde\n|-singleturn|p1b: Zygarde|Protect\n|move|p2b: Ogerpon|Ivy Cudgel|p1b: Zygarde\n|-activate|p1b: Zygarde|move: Protect\n|cant|p2a: Clodsire|slp\n|move|p1a: Amoonguss|Pollen Puff|p2b: Ogerpon\n|-supereffective|p2b: Ogerpon\n|-damage|p2b: Ogerpon|32\/100\n|\n|-heal|p1b: Zygarde|42\/100|[from] item: Leftovers\n|-heal|p1a: Amoonguss|99\/100 brn|[from] item: Leftovers\n|-damage|p1a: Amoonguss|93\/100 brn|[from] brn\n|upkeep\n|turn|16\n|\n|t:|1697432874\n|switch|p1b: Rillaboom|Rillaboom, M|26\/100\n|-fieldstart|move: Grassy Terrain|[from] ability: Grassy Surge|[of] p1b: Rillaboom\n|-curestatus|p2a: Clodsire|slp|[msg]\n|move|p2a: Clodsire|Protect|p2a: Clodsire\n|-singleturn|p2a: Clodsire|Protect\n|move|p2b: Ogerpon|Ivy Cudgel|p1b: Rillaboom\n|-resisted|p1b: Rillaboom\n|-damage|p1b: Rillaboom|0 fnt\n|faint|p1b: Rillaboom\n|move|p1a: Amoonguss|Pollen Puff|p2b: Ogerpon\n|-supereffective|p2b: Ogerpon\n|-damage|p2b: Ogerpon|0 fnt\n|faint|p2b: Ogerpon\n|\n|-heal|p1a: Amoonguss|99\/100 brn|[from] Grassy Terrain\n|-heal|p1a: Amoonguss|100\/100 brn|[from] item: Leftovers\n|-damage|p1a: Amoonguss|94\/100 brn|[from] brn\n|upkeep\n|\n|t:|1697432893\n|switch|p1b: Zygarde|Zygarde, shiny|42\/100\n|-ability|p1b: Zygarde|Aura Break\n|turn|17\n|\n|t:|1697432899\n|move|p1b: Zygarde|Protect|p1b: Zygarde\n|-singleturn|p1b: Zygarde|Protect\n|move|p2a: Clodsire|Earthquake|p1b: Zygarde|[spread] p1a\n|-activate|p1b: Zygarde|move: Protect\n|-damage|p1a: Amoonguss|82\/100 brn\n|move|p1a: Amoonguss|Spore|p2a: Clodsire\n|-status|p2a: Clodsire|slp|[from] move: Spore\n|\n|-heal|p1b: Zygarde|49\/100|[from] Grassy Terrain\n|-heal|p1b: Zygarde|55\/100|[from] item: Leftovers\n|-heal|p1a: Amoonguss|88\/100 brn|[from] Grassy Terrain\n|-heal|p1a: Amoonguss|94\/100 brn|[from] item: Leftovers\n|-damage|p1a: Amoonguss|88\/100 brn|[from] brn\n|upkeep\n|turn|18\n|c|\u2606mint29|bro\n|\n|t:|1697432915\n|cant|p2a: Clodsire|slp\n|move|p1b: Zygarde|Dragon Dance|p1b: Zygarde\n|-boost|p1b: Zygarde|atk|1\n|-boost|p1b: Zygarde|spe|1\n|move|p1a: Amoonguss|Pollen Puff|p1b: Zygarde\n|-heal|p1b: Zygarde|100\/100\n|\n|-heal|p1a: Amoonguss|94\/100 brn|[from] Grassy Terrain\n|-heal|p1a: Amoonguss|99\/100 brn|[from] item: Leftovers\n|-damage|p1a: Amoonguss|94\/100 brn|[from] brn\n|upkeep\n|turn|19\n|-message|mint29 forfeited.\n|\n|win|Miiirza\n|raw|Miiirza's rating: 1429 &rarr; <strong>1436<\/strong><br \/>(+7 for winning)\n|raw|mint29's rating: 1174 &rarr; <strong>1165<\/strong><br \/>(-9 for losing)\n|l|\u2606mint29\n|c|\u2606Miiirza|yess?\n","uploadtime":1697432943,"views":9,"p1id":"miiirza","p2id":"mint29","formatid":"gen9nationaldexdoubles","rating":1165,"private":0,"password":""}