{"id":"gen9nationaldexdoubles-1990809591","p1":"The OG Trainer Red","p2":"Marinorey002","format":"[Gen 9] National Dex Doubles","log":"|j|\u2606The OG Trainer Red\n|j|\u2606Marinorey002\n|t:|1700003067\n|gametype|doubles\n|player|p1|The OG Trainer Red|fisherman-gen4|1232\n|player|p2|Marinorey002|101|1224\n|teamsize|p1|6\n|teamsize|p2|6\n|gen|9\n|tier|[Gen 9] National Dex Doubles\n|rated|\n|rule|HP Percentage Mod: HP is shown in percentages\n|rule|Endless Battle Clause: Forcing endless battles is banned\n|rule|OHKO Clause: OHKO moves are banned\n|rule|Evasion Moves Clause: Evasion moves are banned\n|rule|Evasion Abilities Clause: Evasion abilities are banned\n|rule|Species Clause: Limit one of each Pok\u00e9mon\n|rule|Gravity Sleep Clause: The combination of sleep-inducing moves with imperfect accuracy and Gravity or Gigantamax Orbeetle are banned\n|clearpoke\n|poke|p1|Ninetales, F|\n|poke|p1|Leafeon, F|\n|poke|p1|Espeon, F|\n|poke|p1|Indeedee-F, F|\n|poke|p1|Umbreon, F|\n|poke|p1|Cresselia, F|\n|poke|p2|Indeedee-F, F|\n|poke|p2|Hatterene, F|\n|poke|p2|Stakataka|\n|poke|p2|Porygon2|\n|poke|p2|Reuniclus, F|\n|poke|p2|Jellicent, M|\n|teampreview\n|\n|t:|1700003118\n|start\n|switch|p1a: Espeon|Espeon, F|100\/100\n|switch|p1b: Indeedee|Indeedee-F, F|100\/100\n|switch|p2a: Indeedee|Indeedee-F, F|100\/100\n|switch|p2b: Reuniclus|Reuniclus, F|100\/100\n|-fieldstart|move: Psychic Terrain|[from] ability: Psychic Surge|[of] p2a: Indeedee\n|turn|1\n|\n|t:|1700003138\n|move|p2a: Indeedee|Protect|p2a: Indeedee\n|-singleturn|p2a: Indeedee|Protect\n|move|p1a: Espeon|Calm Mind|p1a: Espeon\n|-boost|p1a: Espeon|spa|1\n|-boost|p1a: Espeon|spd|1\n|move|p2b: Reuniclus|Shadow Ball|p1a: Espeon\n|-supereffective|p1a: Espeon\n|-damage|p1a: Espeon|44\/100\n|move|p1b: Indeedee|Trick Room|p1b: Indeedee\n|-fieldstart|move: Trick Room|[of] p1b: Indeedee\n|\n|-status|p2b: Reuniclus|brn|[from] item: Flame Orb\n|upkeep\n|turn|2\n|\n|t:|1700003155\n|switch|p1b: Cresselia|Cresselia, F|100\/100\n|-terastallize|p1a: Espeon|Fairy\n|move|p2b: Reuniclus|Shadow Ball|p1a: Espeon\n|-crit|p1a: Espeon\n|-damage|p1a: Espeon|0 fnt\n|faint|p1a: Espeon\n|move|p2a: Indeedee|Reflect|p2a: Indeedee\n|-sidestart|p2: Marinorey002|Reflect\n|\n|upkeep\n|\n|t:|1700003164\n|switch|p1a: Umbreon|Umbreon, F|100\/100\n|turn|3\n|\n|t:|1700003194\n|-terastallize|p2a: Indeedee|Ghost\n|move|p2b: Reuniclus|Energy Ball|p1a: Umbreon\n|-damage|p1a: Umbreon|77\/100\n|move|p1a: Umbreon|Calm Mind|p1a: Umbreon\n|-boost|p1a: Umbreon|spa|1\n|-boost|p1a: Umbreon|spd|1\n|move|p1b: Cresselia|Lunar Blessing|p1b: Cresselia|[spread] p1a,p1b\n|-heal|p1a: Umbreon|100\/100\n|move|p2a: Indeedee|Psychic|p1b: Cresselia\n|-resisted|p1b: Cresselia\n|-damage|p1b: Cresselia|88\/100\n|\n|-heal|p1b: Cresselia|94\/100|[from] item: Leftovers\n|upkeep\n|turn|4\n|\n|t:|1700003282\n|move|p2b: Reuniclus|Shadow Ball|p1b: Cresselia\n|-supereffective|p1b: Cresselia\n|-damage|p1b: Cresselia|57\/100\n|move|p1a: Umbreon|Calm Mind|p1a: Umbreon\n|-boost|p1a: Umbreon|spa|1\n|-boost|p1a: Umbreon|spd|1\n|move|p1b: Cresselia|Calm Mind|p1b: Cresselia\n|-boost|p1b: Cresselia|spa|1\n|-boost|p1b: Cresselia|spd|1\n|move|p2a: Indeedee|Psychic|p1b: Cresselia\n|-resisted|p1b: Cresselia\n|-damage|p1b: Cresselia|50\/100\n|\n|-heal|p1b: Cresselia|56\/100|[from] item: Leftovers\n|upkeep\n|turn|5\n|j| Rosalia\n|\n|t:|1700003316\n|move|p2b: Reuniclus|Shadow Ball|p1b: Cresselia\n|-supereffective|p1b: Cresselia\n|-damage|p1b: Cresselia|30\/100\n|move|p1a: Umbreon|Calm Mind|p1a: Umbreon\n|-boost|p1a: Umbreon|spa|1\n|-boost|p1a: Umbreon|spd|1\n|move|p1b: Cresselia|Calm Mind|p1b: Cresselia\n|-boost|p1b: Cresselia|spa|1\n|-boost|p1b: Cresselia|spd|1\n|move|p2a: Indeedee|Psychic|p1b: Cresselia\n|-resisted|p1b: Cresselia\n|-damage|p1b: Cresselia|23\/100\n|\n|-heal|p1b: Cresselia|30\/100|[from] item: Leftovers\n|-fieldend|move: Trick Room\n|-fieldend|move: Psychic Terrain\n|upkeep\n|turn|6\n|\n|t:|1700003336\n|move|p1b: Cresselia|Lunar Blessing|p1b: Cresselia|[spread] p1a,p1b\n|-heal|p1b: Cresselia|55\/100\n|move|p1a: Umbreon|Dark Pulse|p2b: Reuniclus\n|-supereffective|p2b: Reuniclus\n|-damage|p2b: Reuniclus|18\/100 brn\n|move|p2b: Reuniclus|Shadow Ball|p1b: Cresselia\n|-supereffective|p1b: Cresselia\n|-damage|p1b: Cresselia|33\/100\n|move|p2a: Indeedee|Trick Room|p2a: Indeedee\n|-fieldstart|move: Trick Room|[of] p2a: Indeedee\n|\n|-heal|p1b: Cresselia|39\/100|[from] item: Leftovers\n|-sideend|p2: Marinorey002|Reflect\n|upkeep\n|turn|7\n|\n|t:|1700003356\n|move|p2b: Reuniclus|Shadow Ball|p1b: Cresselia\n|-supereffective|p1b: Cresselia\n|-damage|p1b: Cresselia|18\/100\n|-unboost|p1b: Cresselia|spd|1\n|move|p1a: Umbreon|Dark Pulse|p2b: Reuniclus\n|-supereffective|p2b: Reuniclus\n|-damage|p2b: Reuniclus|0 fnt\n|faint|p2b: Reuniclus\n|move|p1b: Cresselia|Lunar Blessing|p1b: Cresselia|[spread] p1a,p1b\n|-heal|p1b: Cresselia|43\/100\n|move|p2a: Indeedee|Psychic|p1b: Cresselia\n|-resisted|p1b: Cresselia\n|-damage|p1b: Cresselia|37\/100\n|\n|-heal|p1b: Cresselia|43\/100|[from] item: Leftovers\n|upkeep\n|\n|t:|1700003371\n|switch|p2b: Stakataka|Stakataka|100\/100\n|turn|8\n|\n|t:|1700003395\n|move|p2b: Stakataka|Superpower|p1a: Umbreon\n|-supereffective|p1a: Umbreon\n|-damage|p1a: Umbreon|54\/100\n|-unboost|p2b: Stakataka|atk|1\n|-unboost|p2b: Stakataka|def|1\n|move|p1a: Umbreon|Dark Pulse|p2a: Indeedee\n|-supereffective|p2a: Indeedee\n|-damage|p2a: Indeedee|17\/100\n|-enditem|p2a: Indeedee|Eject Button\n|\n|t:|1700003406\n|switch|p2a: Hatterene|Hatterene, F|100\/100\n|move|p1b: Cresselia|Lunar Blessing|p1b: Cresselia|[spread] p1a,p1b\n|-heal|p1a: Umbreon|79\/100\n|-heal|p1b: Cresselia|68\/100\n|\n|-heal|p1a: Umbreon|85\/100|[from] item: Leftovers\n|-heal|p1b: Cresselia|74\/100|[from] item: Leftovers\n|upkeep\n|turn|9\n|\n|t:|1700003429\n|move|p2b: Stakataka|Superpower|p1a: Umbreon\n|-supereffective|p1a: Umbreon\n|-damage|p1a: Umbreon|53\/100\n|-unboost|p2b: Stakataka|atk|1\n|-unboost|p2b: Stakataka|def|1\n|move|p2a: Hatterene|Dazzling Gleam|p1b: Cresselia|[spread] p1a,p1b\n|-supereffective|p1a: Umbreon\n|-damage|p1a: Umbreon|28\/100\n|-damage|p1b: Cresselia|54\/100\n|-damage|p2a: Hatterene|91\/100|[from] item: Life Orb\n|move|p1a: Umbreon|Dark Pulse|p2b: Stakataka\n|-damage|p2b: Stakataka|56\/100\n|move|p1b: Cresselia|Stored Power|p2b: Stakataka\n|-resisted|p2b: Stakataka\n|-damage|p2b: Stakataka|33\/100\n|\n|-heal|p1a: Umbreon|34\/100|[from] item: Leftovers\n|-heal|p1b: Cresselia|60\/100|[from] item: Leftovers\n|upkeep\n|turn|10\n|c|\u2606The OG Trainer Red|ugh.. I wish I could tera ghost right now\n|\n|t:|1700003488\n|move|p2b: Stakataka|Superpower|p1a: Umbreon\n|-supereffective|p1a: Umbreon\n|-damage|p1a: Umbreon|8\/100\n|-unboost|p2b: Stakataka|atk|1\n|-unboost|p2b: Stakataka|def|1\n|move|p2a: Hatterene|Dazzling Gleam|p1a: Umbreon|[spread] p1a,p1b\n|-supereffective|p1a: Umbreon\n|-damage|p1a: Umbreon|0 fnt\n|-damage|p1b: Cresselia|39\/100\n|faint|p1a: Umbreon\n|-damage|p2a: Hatterene|81\/100|[from] item: Life Orb\n|move|p1b: Cresselia|Lunar Blessing|p1b: Cresselia\n|-heal|p1b: Cresselia|64\/100\n|\n|-heal|p1b: Cresselia|70\/100|[from] item: Leftovers\n|-fieldend|move: Trick Room\n|upkeep\n|\n|t:|1700003502\n|switch|p1a: Leafeon|Leafeon, F|100\/100\n|turn|11\n|\n|t:|1700003517\n|move|p1a: Leafeon|Knock Off|p2b: Stakataka\n|-damage|p2b: Stakataka|10\/100\n|move|p1b: Cresselia|Lunar Blessing|p1b: Cresselia|[spread] p1a,p1b\n|-heal|p1b: Cresselia|95\/100\n|move|p2b: Stakataka|Stone Edge|p1a: Leafeon\n|-damage|p1a: Leafeon|82\/100\n|move|p2a: Hatterene|Trick Room|p2a: Hatterene\n|-fieldstart|move: Trick Room|[of] p2a: Hatterene\n|\n|-heal|p1b: Cresselia|100\/100|[from] item: Leftovers\n|upkeep\n|turn|12\n|c|\u2606The OG Trainer Red|WHAAAAAAAAAAAAAAAAATAATTATATATATATATATATATATAT\n|c|\u2606The OG Trainer Red|WHAT..\n|c|\u2606The OG Trainer Red|OH MY GOD THATS RIDICULOUS..\n|c|\u2606The OG Trainer Red|would a ground type move even do it..\n|\n|t:|1700003570\n|-zpower|p2b: Stakataka\n|move|p2b: Stakataka|Continental Crush|p1b: Cresselia|[zeffect]\n|-damage|p1b: Cresselia|80\/100\n|move|p2a: Hatterene|Mystical Fire|p1a: Leafeon\n|-supereffective|p1a: Leafeon\n|-damage|p1a: Leafeon|13\/100\n|-unboost|p1a: Leafeon|spa|1\n|-damage|p2a: Hatterene|71\/100|[from] item: Life Orb\n|move|p1b: Cresselia|Calm Mind|p1b: Cresselia\n|-boost|p1b: Cresselia|spa|1\n|-boost|p1b: Cresselia|spd|1\n|move|p1a: Leafeon|Dig||[still]\n|-prepare|p1a: Leafeon|Dig\n|\n|-heal|p1b: Cresselia|86\/100|[from] item: Leftovers\n|upkeep\n|turn|13\n|l| Rosalia\n|\n|t:|1700003605\n|move|p2b: Stakataka|Stone Edge|p1a: Leafeon|[miss]\n|-miss|p2b: Stakataka|p1a: Leafeon\n|move|p2a: Hatterene|Dazzling Gleam|p1b: Cresselia|[spread] p1b\n|-miss|p2a: Hatterene|p1a: Leafeon\n|-damage|p1b: Cresselia|72\/100\n|-damage|p2a: Hatterene|62\/100|[from] item: Life Orb\n|move|p1b: Cresselia|Calm Mind|p1b: Cresselia\n|-boost|p1b: Cresselia|spa|1\n|-boost|p1b: Cresselia|spd|1\n|move|p1a: Leafeon|Dig|p2b: Stakataka|[from]lockedmove\n|-supereffective|p2b: Stakataka\n|-damage|p2b: Stakataka|0 fnt\n|faint|p2b: Stakataka\n|\n|-heal|p1b: Cresselia|78\/100|[from] item: Leftovers\n|upkeep\n|\n|t:|1700003622\n|switch|p2b: Jellicent|Jellicent, M|100\/100\n|turn|14\n|\n|t:|1700003633\n|switch|p1a: Ninetales|Ninetales, F|100\/100\n|-weather|SunnyDay|[from] ability: Drought|[of] p1a: Ninetales\n|move|p2a: Hatterene|Mystical Fire|p1a: Ninetales\n|-resisted|p1a: Ninetales\n|-damage|p1a: Ninetales|67\/100\n|-unboost|p1a: Ninetales|spa|1\n|-damage|p2a: Hatterene|52\/100|[from] item: Life Orb\n|move|p2b: Jellicent|Taunt|p1b: Cresselia\n|-start|p1b: Cresselia|move: Taunt\n|move|p1b: Cresselia|Stored Power|p2b: Jellicent\n|-damage|p2b: Jellicent|24\/100\n|\n|-weather|SunnyDay|[upkeep]\n|-heal|p2b: Jellicent|30\/100|[from] item: Leftovers\n|-heal|p1b: Cresselia|84\/100|[from] item: Leftovers\n|upkeep\n|turn|15\n|\n|t:|1700003661\n|move|p2b: Jellicent|Protect|p2b: Jellicent\n|-singleturn|p2b: Jellicent|Protect\n|move|p2a: Hatterene|Psychic|p1a: Ninetales\n|-damage|p1a: Ninetales|0 fnt\n|faint|p1a: Ninetales\n|-damage|p2a: Hatterene|42\/100|[from] item: Life Orb\n|move|p1b: Cresselia|Stored Power|p2b: Jellicent\n|-activate|p2b: Jellicent|move: Protect\n|\n|-weather|SunnyDay|[upkeep]\n|-heal|p2b: Jellicent|36\/100|[from] item: Leftovers\n|-heal|p1b: Cresselia|90\/100|[from] item: Leftovers\n|-fieldend|move: Trick Room\n|upkeep\n|\n|t:|1700003674\n|switch|p1a: Leafeon|Leafeon, F|13\/100\n|turn|16\n|\n|t:|1700003685\n|move|p1a: Leafeon|X-Scissor|p2a: Hatterene\n|-damage|p2a: Hatterene|17\/100\n|move|p1b: Cresselia|Stored Power|p2b: Jellicent\n|-damage|p2b: Jellicent|0 fnt\n|faint|p2b: Jellicent\n|move|p2a: Hatterene|Trick Room|p2a: Hatterene\n|-fieldstart|move: Trick Room|[of] p2a: Hatterene\n|\n|-weather|SunnyDay|[upkeep]\n|-heal|p1b: Cresselia|96\/100|[from] item: Leftovers\n|-end|p1b: Cresselia|move: Taunt\n|upkeep\n|\n|t:|1700003696\n|switch|p2b: Porygon2|Porygon2|100\/100\n|-ability|p2b: Porygon2|Download|boost\n|-boost|p2b: Porygon2|atk|1\n|turn|17\n|\n|t:|1700003708\n|move|p2a: Hatterene|Mystical Fire|p1a: Leafeon\n|-supereffective|p1a: Leafeon\n|-damage|p1a: Leafeon|0 fnt\n|faint|p1a: Leafeon\n|-damage|p2a: Hatterene|7\/100|[from] item: Life Orb\n|move|p2b: Porygon2|Thunderbolt|p1b: Cresselia\n|-damage|p1b: Cresselia|88\/100\n|move|p1b: Cresselia|Stored Power|p2a: Hatterene\n|-resisted|p2a: Hatterene\n|-damage|p2a: Hatterene|0 fnt\n|faint|p2a: Hatterene\n|\n|-weather|SunnyDay|[upkeep]\n|-heal|p1b: Cresselia|94\/100|[from] item: Leftovers\n|upkeep\n|\n|t:|1700003722\n|switch|p2a: Indeedee|Indeedee-F, F, tera:Ghost|17\/100\n|switch|p1a: Indeedee|Indeedee-F, F|100\/100\n|-fieldstart|move: Psychic Terrain|[from] ability: Psychic Surge|[of] p1a: Indeedee\n|turn|18\n|\n|t:|1700003737\n|move|p2a: Indeedee|Protect|p2a: Indeedee\n|-singleturn|p2a: Indeedee|Protect\n|move|p2b: Porygon2|Ice Beam|p1b: Cresselia\n|-damage|p1b: Cresselia|87\/100\n|move|p1a: Indeedee|Expanding Force|p2a: Indeedee|[spread] p2b\n|-activate|p2a: Indeedee|move: Protect\n|-damage|p2b: Porygon2|66\/100\n|move|p1b: Cresselia|Stored Power|p2b: Porygon2\n|-damage|p2b: Porygon2|0 fnt\n|faint|p2b: Porygon2\n|\n|-weather|none\n|-heal|p1b: Cresselia|93\/100|[from] item: Leftovers\n|upkeep\n|turn|19\n|\n|t:|1700003794\n|move|p1a: Indeedee|Expanding Force|p2a: Indeedee\n|-damage|p2a: Indeedee|0 fnt\n|faint|p2a: Indeedee\n|\n|win|The OG Trainer Red\n|raw|The OG Trainer Red's rating: 1232 &rarr; <strong>1256<\/strong><br \/>(+24 for winning)\n|raw|Marinorey002's rating: 1224 &rarr; <strong>1200<\/strong><br \/>(-24 for losing)\n|c|\u2606The OG Trainer Red|Leafeon hits fucking HARD and that was .4x defense..\n|c|\u2606The OG Trainer Red|Good lord\n|l|\u2606Marinorey002\n|c|\u2606The OG Trainer Red|Oh and the critical hit at the very beginning and I lost the ability to tera... that was crazy\n|c|\u2606The OG Trainer Red|It occurs to me now that Solar Blade would've taken down Hatterence\n","uploadtime":1700004078,"views":5,"p1id":"theogtrainerred","p2id":"marinorey002","formatid":"gen9nationaldexdoubles","rating":1200,"private":0,"password":""}