{"id":"gen9nationaldexdoubles-1990774342","p1":"El Ryuk456","p2":"The OG Trainer Red","format":"[Gen 9] National Dex Doubles","log":"|j|\u2606El Ryuk456\n|j|\u2606The OG Trainer Red\n|t:|1699999560\n|gametype|doubles\n|player|p1|El Ryuk456|ingo|1349\n|player|p2|The OG Trainer Red|fisherman-gen4|1247\n|teamsize|p1|6\n|teamsize|p2|6\n|gen|9\n|tier|[Gen 9] National Dex Doubles\n|rated|\n|rule|HP Percentage Mod: HP is shown in percentages\n|rule|Endless Battle Clause: Forcing endless battles is banned\n|rule|OHKO Clause: OHKO moves are banned\n|rule|Evasion Moves Clause: Evasion moves are banned\n|rule|Evasion Abilities Clause: Evasion abilities are banned\n|rule|Species Clause: Limit one of each Pok\u00e9mon\n|rule|Gravity Sleep Clause: The combination of sleep-inducing moves with imperfect accuracy and Gravity or Gigantamax Orbeetle are banned\n|clearpoke\n|poke|p1|Tsareena, F|\n|poke|p1|Talonflame, M|\n|poke|p1|Lapras, F|\n|poke|p1|Eldegoss, F|\n|poke|p1|Cinderace, F|\n|poke|p1|Goodra, M|\n|poke|p2|Ninetales, F|\n|poke|p2|Leafeon, F|\n|poke|p2|Espeon, F|\n|poke|p2|Indeedee-F, F|\n|poke|p2|Umbreon, F|\n|poke|p2|Cresselia, F|\n|teampreview\n|inactive|Battle timer is ON: inactive players will automatically lose when time's up. (requested by The OG Trainer Red)\n|\n|t:|1699999591\n|start\n|switch|p1a: Gale|Talonflame, M|100\/100\n|switch|p1b: Hanami|Cinderace, F|100\/100\n|switch|p2a: Espeon|Espeon, F|100\/100\n|switch|p2b: Indeedee|Indeedee-F, F|100\/100\n|-fieldstart|move: Psychic Terrain|[from] ability: Psychic Surge|[of] p2b: Indeedee\n|turn|1\n|\n|t:|1699999604\n|move|p1a: Gale|Tailwind|p1a: Gale\n|-sidestart|p1: El Ryuk456|move: Tailwind\n|move|p1b: Hanami|U-turn|p2a: Espeon\n|-start|p1b: Hanami|typechange|Bug|[from] ability: Libero\n|-supereffective|p2a: Espeon\n|-enditem|p2a: Espeon|Focus Sash\n|-damage|p2a: Espeon|1\/100\n|\n|t:|1699999612\n|switch|p1b: Goodra|Goodra, M|100\/100|[from] U-turn\n|move|p2a: Espeon|Expanding Force|p1b: Goodra|[spread] p1a,p1b\n|-damage|p1a: Gale|31\/100\n|-damage|p1b: Goodra|73\/100\n|move|p2b: Indeedee|Expanding Force|p1b: Goodra|[spread] p1a,p1b\n|-damage|p1a: Gale|0 fnt\n|-damage|p1b: Goodra|50\/100\n|faint|p1a: Gale\n|\n|upkeep\n|\n|t:|1699999621\n|switch|p1a: Hanami|Cinderace, F|100\/100\n|turn|2\n|\n|t:|1699999628\n|switch|p2a: Ninetales|Ninetales, F|100\/100\n|-weather|SunnyDay|[from] ability: Drought|[of] p2a: Ninetales\n|move|p1a: Hanami|U-turn|p2a: Ninetales\n|-start|p1a: Hanami|typechange|Bug|[from] ability: Libero\n|-resisted|p2a: Ninetales\n|-damage|p2a: Ninetales|76\/100\n|\n|t:|1699999636\n|switch|p1a: Lapras|Lapras, F|100\/100|[from] U-turn\n|move|p1b: Goodra|Muddy Water|p2b: Indeedee|[spread] p2a,p2b\n|-supereffective|p2a: Ninetales\n|-damage|p2a: Ninetales|52\/100\n|-damage|p2b: Indeedee|90\/100\n|-unboost|p2a: Ninetales|accuracy|1\n|move|p2b: Indeedee|Trick Room|p2b: Indeedee\n|-fieldstart|move: Trick Room|[of] p2b: Indeedee\n|\n|-weather|SunnyDay|[upkeep]\n|upkeep\n|turn|3\n|\n|t:|1699999653\n|move|p2b: Indeedee|Expanding Force|p1a: Lapras|[spread] p1a,p1b\n|-damage|p1a: Lapras|61\/100\n|-damage|p1b: Goodra|25\/100\n|move|p2a: Ninetales|Solar Beam||[still]\n|-prepare|p2a: Ninetales|Solar Beam\n|-anim|p2a: Ninetales|Solar Beam|p1a: Lapras|[miss]\n|-miss|p2a: Ninetales|p1a: Lapras\n|move|p1a: Lapras|Life Dew|p1a: Lapras|[spread] p1a,p1b\n|-heal|p1a: Lapras|86\/100\n|-heal|p1b: Goodra|50\/100\n|move|p1b: Goodra|Muddy Water|p2a: Ninetales|[spread] p2a,p2b\n|-supereffective|p2a: Ninetales\n|-damage|p2a: Ninetales|28\/100\n|-damage|p2b: Indeedee|79\/100\n|\n|-weather|SunnyDay|[upkeep]\n|upkeep\n|turn|4\n|\n|t:|1699999673\n|switch|p2a: Cresselia|Cresselia, F|100\/100\n|-terastallize|p1a: Lapras|Fire\n|move|p2b: Indeedee|Expanding Force|p1b: Goodra|[spread] p1a,p1b\n|-damage|p1a: Lapras|45\/100\n|-damage|p1b: Goodra|26\/100\n|move|p1a: Lapras|Life Dew|p1a: Lapras|[spread] p1a,p1b\n|-heal|p1a: Lapras|70\/100\n|-heal|p1b: Goodra|51\/100\n|move|p1b: Goodra|Muddy Water|p2b: Indeedee|[spread] p2b\n|-miss|p1b: Goodra|p2a: Cresselia\n|-damage|p2b: Indeedee|69\/100\n|\n|-weather|SunnyDay|[upkeep]\n|-sideend|p1: El Ryuk456|move: Tailwind\n|upkeep\n|turn|5\n|\n|t:|1699999692\n|move|p2a: Cresselia|Calm Mind|p2a: Cresselia\n|-boost|p2a: Cresselia|spa|1\n|-boost|p2a: Cresselia|spd|1\n|move|p2b: Indeedee|Expanding Force|p1a: Lapras|[spread] p1a,p1b\n|-damage|p1a: Lapras|30\/100\n|-damage|p1b: Goodra|29\/100\n|move|p1a: Lapras|Life Dew|p1a: Lapras|[spread] p1a,p1b\n|-heal|p1a: Lapras|55\/100\n|-heal|p1b: Goodra|54\/100\n|move|p1b: Goodra|Muddy Water|p2b: Indeedee|[spread] p2a,p2b\n|-damage|p2a: Cresselia|95\/100\n|-damage|p2b: Indeedee|59\/100\n|\n|-weather|SunnyDay|[upkeep]\n|-heal|p2a: Cresselia|100\/100|[from] item: Leftovers\n|-fieldend|move: Psychic Terrain\n|upkeep\n|turn|6\n|\n|t:|1699999710\n|move|p2b: Indeedee|Expanding Force|p1a: Lapras\n|-damage|p1a: Lapras|28\/100\n|move|p2a: Cresselia|Calm Mind|p2a: Cresselia\n|-boost|p2a: Cresselia|spa|1\n|-boost|p2a: Cresselia|spd|1\n|move|p1a: Lapras|Life Dew|p1a: Lapras|[spread] p1a,p1b\n|-heal|p1a: Lapras|53\/100\n|-heal|p1b: Goodra|79\/100\n|move|p1b: Goodra|Dragon Tail|p2a: Cresselia\n|-damage|p2a: Cresselia|90\/100\n|drag|p2a: Leafeon|Leafeon, F|100\/100\n|\n|-weather|none\n|-fieldend|move: Trick Room\n|upkeep\n|turn|7\n|\n|t:|1699999732\n|switch|p2b: Ninetales|Ninetales, F|28\/100\n|-weather|SunnyDay|[from] ability: Drought|[of] p2b: Ninetales\n|move|p2a: Leafeon|Solar Blade||[still]\n|-prepare|p2a: Leafeon|Solar Blade\n|-anim|p2a: Leafeon|Solar Blade|p1b: Goodra\n|-ability|p1b: Goodra|Sap Sipper|boost\n|-boost|p1b: Goodra|atk|1\n|move|p1b: Goodra|Sludge Bomb|p2a: Leafeon\n|-supereffective|p2a: Leafeon\n|-damage|p2a: Leafeon|51\/100\n|move|p1a: Lapras|Life Dew|p1a: Lapras|[spread] p1a,p1b\n|-heal|p1a: Lapras|78\/100\n|-heal|p1b: Goodra|100\/100\n|\n|-weather|SunnyDay|[upkeep]\n|upkeep\n|turn|8\n|\n|t:|1699999757\n|-terastallize|p2b: Ninetales|Fire\n|move|p1a: Lapras|Protect|p1a: Lapras\n|-singleturn|p1a: Lapras|Protect\n|move|p2a: Leafeon|Dig||[still]\n|-prepare|p2a: Leafeon|Dig\n|move|p2b: Ninetales|Flamethrower|p1b: Goodra\n|-resisted|p1b: Goodra\n|-damage|p1b: Goodra|77\/100\n|move|p1b: Goodra|Sludge Bomb|p2a: Leafeon|[miss]\n|-miss|p1b: Goodra|p2a: Leafeon\n|\n|-weather|SunnyDay|[upkeep]\n|upkeep\n|turn|9\n|\n|t:|1699999781\n|switch|p2b: Espeon|Espeon, F|1\/100\n|move|p2a: Leafeon|Dig|p1a: Lapras|[from]lockedmove\n|-supereffective|p1a: Lapras\n|-damage|p1a: Lapras|39\/100\n|move|p1b: Goodra|Muddy Water|p2b: Espeon|[spread] p2b\n|-miss|p1b: Goodra|p2a: Leafeon\n|-crit|p2b: Espeon\n|-damage|p2b: Espeon|0 fnt\n|faint|p2b: Espeon\n|move|p1a: Lapras|Life Dew|p1a: Lapras|[spread] p1a,p1b\n|-heal|p1a: Lapras|64\/100\n|-heal|p1b: Goodra|100\/100\n|\n|-weather|SunnyDay|[upkeep]\n|upkeep\n|inactive|The OG Trainer Red has 120 seconds left.\n|\n|t:|1699999798\n|switch|p2b: Indeedee|Indeedee-F, F|59\/100\n|-fieldstart|move: Psychic Terrain|[from] ability: Psychic Surge|[of] p2b: Indeedee\n|turn|10\n|\n|t:|1699999811\n|move|p1a: Lapras|Protect|p1a: Lapras\n|-singleturn|p1a: Lapras|Protect\n|move|p2a: Leafeon|Knock Off|p1b: Goodra\n|-damage|p1b: Goodra|68\/100\n|-enditem|p1b: Goodra|Assault Vest|[from] move: Knock Off|[of] p2a: Leafeon\n|move|p2b: Indeedee|Expanding Force|p1a: Lapras|[spread] p1b\n|-activate|p1a: Lapras|move: Protect\n|-damage|p1b: Goodra|31\/100\n|move|p1b: Goodra|Dragon Tail|p2b: Indeedee\n|-damage|p2b: Indeedee|21\/100\n|drag|p2b: Ninetales|Ninetales, F, tera:Fire|28\/100\n|\n|-weather|SunnyDay|[upkeep]\n|upkeep\n|turn|11\n|\n|t:|1699999832\n|move|p2a: Leafeon|Knock Off|p1b: Goodra\n|-damage|p1b: Goodra|9\/100\n|move|p2b: Ninetales|Flamethrower|p1a: Lapras\n|-resisted|p1a: Lapras\n|-damage|p1a: Lapras|20\/100\n|move|p1b: Goodra|Sludge Bomb|p2b: Ninetales\n|-damage|p2b: Ninetales|0 fnt\n|faint|p2b: Ninetales\n|move|p1a: Lapras|Freeze-Dry|p2a: Leafeon\n|-supereffective|p2a: Leafeon\n|-damage|p2a: Leafeon|4\/100\n|\n|-weather|none\n|upkeep\n|\n|t:|1699999845\n|switch|p2b: Indeedee|Indeedee-F, F|21\/100\n|turn|12\n|\n|t:|1699999854\n|move|p2a: Leafeon|Knock Off|p1a: Lapras\n|-damage|p1a: Lapras|0 fnt\n|-enditem|p1a: Lapras|Wacan Berry|[from] move: Knock Off|[of] p2a: Leafeon\n|faint|p1a: Lapras\n|move|p1b: Goodra|Muddy Water|p2b: Indeedee|[spread] p2a,p2b\n|-resisted|p2a: Leafeon\n|-damage|p2a: Leafeon|0 fnt\n|-damage|p2b: Indeedee|0 fnt\n|faint|p2a: Leafeon\n|faint|p2b: Indeedee\n|\n|upkeep\n|\n|t:|1699999864\n|switch|p2a: Cresselia|Cresselia, F|90\/100\n|switch|p1a: Beyonce|Tsareena, F|100\/100\n|switch|p2b: Umbreon|Umbreon, F|100\/100\n|turn|13\n|\n|t:|1699999877\n|move|p1a: Beyonce|Taunt|p2a: Cresselia\n|-start|p2a: Cresselia|move: Taunt\n|move|p1b: Goodra|Muddy Water|p2b: Umbreon|[spread] p2b\n|-miss|p1b: Goodra|p2a: Cresselia\n|-damage|p2b: Umbreon|85\/100\n|-unboost|p2b: Umbreon|accuracy|1\n|cant|p2a: Cresselia|move: Taunt|Calm Mind\n|move|p2b: Umbreon|Hyper Voice|p1b: Goodra|[spread] p1b\n|-miss|p2b: Umbreon|p1a: Beyonce\n|-damage|p1b: Goodra|3\/100\n|\n|-heal|p2a: Cresselia|96\/100|[from] item: Leftovers\n|-heal|p2b: Umbreon|91\/100|[from] item: Leftovers\n|upkeep\n|turn|14\n|-message|The OG Trainer Red forfeited.\n|\n|win|El Ryuk456\n|raw|El Ryuk456's rating: 1349 &rarr; <strong>1363<\/strong><br \/>(+14 for winning)\n|raw|The OG Trainer Red's rating: 1247 &rarr; <strong>1229<\/strong><br \/>(-18 for losing)\n|l|\u2606The OG Trainer Red\n","uploadtime":1699999893,"views":12,"p1id":"elryuk456","p2id":"theogtrainerred","formatid":"gen9nationaldexdoubles","rating":1229,"private":0,"password":""}