{"id":"gen9nationaldexdoubles-1965457424","p1":"Denvah_17","p2":"Immagamer","format":"[Gen 9] National Dex Doubles","log":"|j|\u2606Denvah_17\n|j|\u2606Immagamer\n|t:|1697075204\n|gametype|doubles\n|player|p1|Denvah_17|alder|1282\n|player|p2|Immagamer|lucas|1325\n|teamsize|p1|6\n|teamsize|p2|6\n|gen|9\n|tier|[Gen 9] National Dex Doubles\n|rated|\n|rule|HP Percentage Mod: HP is shown in percentages\n|rule|Endless Battle Clause: Forcing endless battles is banned\n|rule|OHKO Clause: OHKO moves are banned\n|rule|Evasion Moves Clause: Evasion moves are banned\n|rule|Evasion Abilities Clause: Evasion abilities are banned\n|rule|Species Clause: Limit one of each Pok\u00e9mon\n|rule|Gravity Sleep Clause: The combination of sleep-inducing moves with imperfect accuracy and Gravity or Gigantamax Orbeetle are banned\n|clearpoke\n|poke|p1|Sinistcha-Masterpiece|\n|poke|p1|Enamorus, F|\n|poke|p1|Diancie|\n|poke|p1|Okidogi, M|\n|poke|p1|Ursaluna-Bloodmoon, M|\n|poke|p1|Volcanion|\n|poke|p2|Eevee, F|\n|poke|p2|Maushold|\n|poke|p2|Toxtricity, M|\n|poke|p2|Mr. Mime, M|\n|poke|p2|Tapu Lele|\n|poke|p2|Indeedee-F, F|\n|teampreview\n|inactive|Battle timer is ON: inactive players will automatically lose when time's up. (requested by Immagamer)\n|\n|t:|1697075216\n|start\n|switch|p1a: Rihanna|Diancie, shiny|100\/100\n|switch|p1b: Freddy Fazbear|Ursaluna-Bloodmoon, M|100\/100\n|switch|p2a: Eevee|Eevee, F|100\/100\n|switch|p2b: Maushold|Maushold|100\/100\n|turn|1\n|\n|t:|1697075227\n|move|p2a: Eevee|Protect|p2a: Eevee\n|-singleturn|p2a: Eevee|Protect\n|move|p2b: Maushold|Taunt|p1a: Rihanna\n|-start|p1a: Rihanna|move: Taunt\n|move|p1b: Freddy Fazbear|Calm Mind|p1b: Freddy Fazbear\n|-boost|p1b: Freddy Fazbear|spa|1\n|-boost|p1b: Freddy Fazbear|spd|1\n|cant|p1a: Rihanna|move: Taunt|Trick Room\n|\n|upkeep\n|turn|2\n|\n|t:|1697075237\n|move|p2b: Maushold|Follow Me|p2b: Maushold\n|-singleturn|p2b: Maushold|move: Follow Me\n|-zpower|p2a: Eevee\n|move|p2a: Eevee|Extreme Evoboost|p2a: Eevee\n|-boost|p2a: Eevee|atk|2\n|-boost|p2a: Eevee|def|2\n|-boost|p2a: Eevee|spa|2\n|-boost|p2a: Eevee|spd|2\n|-boost|p2a: Eevee|spe|2\n|move|p1b: Freddy Fazbear|Hyper Voice|p2a: Eevee|[spread] p2a,p2b\n|-damage|p2a: Eevee|66\/100\n|-damage|p2b: Maushold|25\/100\n|move|p1a: Rihanna|Diamond Storm|p2a: Eevee|[spread] p2a,p2b\n|-damage|p2a: Eevee|45\/100\n|-damage|p2b: Maushold|0 fnt\n|-boost|p1a: Rihanna|def|2\n|faint|p2b: Maushold\n|\n|upkeep\n|\n|t:|1697075257\n|switch|p2b: Mr. Mime|Mr. Mime, M|100\/100\n|turn|3\n|\n|t:|1697075274\n|move|p2a: Eevee|Protect|p2a: Eevee\n|-singleturn|p2a: Eevee|Protect\n|move|p2b: Mr. Mime|Protect|p2b: Mr. Mime\n|-singleturn|p2b: Mr. Mime|Protect\n|move|p1b: Freddy Fazbear|Hyper Voice|p2b: Mr. Mime|[spread] \n|-activate|p2a: Eevee|move: Protect\n|-activate|p2b: Mr. Mime|move: Protect\n|move|p1a: Rihanna|Diamond Storm|p2b: Mr. Mime|[spread] \n|-activate|p2a: Eevee|move: Protect\n|-activate|p2b: Mr. Mime|move: Protect\n|\n|-end|p1a: Rihanna|move: Taunt\n|upkeep\n|turn|4\n|\n|t:|1697075285\n|move|p2b: Mr. Mime|Wide Guard|p2b: Mr. Mime\n|-singleturn|p2b: Mr. Mime|Wide Guard\n|move|p2a: Eevee|Baton Pass|p2a: Eevee\n|\n|t:|1697075287\n|switch|p2a: Toxtricity|Toxtricity, M|100\/100|[from] Baton Pass\n|move|p1b: Freddy Fazbear|Hyper Voice|p2b: Mr. Mime|[spread] \n|-activate|p2a: Toxtricity|move: Wide Guard\n|-activate|p2b: Mr. Mime|move: Wide Guard\n|move|p1a: Rihanna|Trick Room|p1a: Rihanna\n|-fieldstart|move: Trick Room|[of] p1a: Rihanna\n|\n|upkeep\n|turn|5\n|\n|t:|1697075304\n|move|p2b: Mr. Mime|Protect|p2b: Mr. Mime\n|-singleturn|p2b: Mr. Mime|Protect\n|move|p2a: Toxtricity|Protect|p2a: Toxtricity\n|-singleturn|p2a: Toxtricity|Protect\n|move|p1a: Rihanna|Earth Power|p2a: Toxtricity\n|-activate|p2a: Toxtricity|move: Protect\n|move|p1b: Freddy Fazbear|Earth Power|p2a: Toxtricity\n|-activate|p2a: Toxtricity|move: Protect\n|\n|upkeep\n|turn|6\n|\n|t:|1697075322\n|-terastallize|p2a: Toxtricity|Normal\n|move|p2b: Mr. Mime|Follow Me|p2b: Mr. Mime\n|-singleturn|p2b: Mr. Mime|move: Follow Me\n|move|p1a: Rihanna|Earth Power|p2b: Mr. Mime\n|-damage|p2b: Mr. Mime|77\/100\n|move|p1b: Freddy Fazbear|Hyper Voice|p2a: Toxtricity|[spread] p2a,p2b\n|-damage|p2a: Toxtricity|76\/100\n|-damage|p2b: Mr. Mime|18\/100\n|move|p2a: Toxtricity|Boomburst|p1b: Freddy Fazbear|[spread] p2b,p1a,p1b\n|-resisted|p1a: Rihanna\n|-damage|p2b: Mr. Mime|0 fnt\n|-damage|p1a: Rihanna|54\/100\n|-damage|p1b: Freddy Fazbear|10\/100\n|faint|p2b: Mr. Mime\n|-enditem|p2a: Toxtricity|Throat Spray\n|-boost|p2a: Toxtricity|spa|1|[from] item: Throat Spray\n|\n|-heal|p1b: Freddy Fazbear|16\/100|[from] item: Leftovers\n|upkeep\n|inactive|Immagamer has 120 seconds left.\n|\n|t:|1697075375\n|switch|p2b: Indeedee|Indeedee-F, F|100\/100\n|-fieldstart|move: Psychic Terrain|[from] ability: Psychic Surge|[of] p2b: Indeedee\n|turn|7\n|inactive|Immagamer has 90 seconds left.\n|\n|t:|1697075415\n|move|p2b: Indeedee|Follow Me|p2b: Indeedee\n|-singleturn|p2b: Indeedee|move: Follow Me\n|move|p1a: Rihanna|Diamond Storm|p2a: Toxtricity|[spread] p2a,p2b\n|-damage|p2a: Toxtricity|54\/100\n|-damage|p2b: Indeedee|61\/100\n|move|p1b: Freddy Fazbear|Hyper Voice|p2b: Indeedee|[spread] p2a,p2b\n|-damage|p2a: Toxtricity|29\/100\n|-damage|p2b: Indeedee|1\/100\n|move|p2a: Toxtricity|Boomburst|p1b: Freddy Fazbear|[spread] p2b,p1a,p1b\n|-resisted|p1a: Rihanna\n|-damage|p2b: Indeedee|0 fnt\n|-damage|p1a: Rihanna|0 fnt\n|-damage|p1b: Freddy Fazbear|0 fnt\n|faint|p2b: Indeedee\n|faint|p1a: Rihanna\n|faint|p1b: Freddy Fazbear\n|\n|upkeep\n|\n|t:|1697075438\n|switch|p1a: Okidogi|Okidogi, M|100\/100\n|switch|p1b: Saxophone|Volcanion|100\/100\n|switch|p2b: Tapu Lele|Tapu Lele|100\/100\n|turn|8\n|\n|t:|1697075448\n|move|p2b: Tapu Lele|Protect|p2b: Tapu Lele\n|-singleturn|p2b: Tapu Lele|Protect\n|move|p2a: Toxtricity|Protect|p2a: Toxtricity\n|-singleturn|p2a: Toxtricity|Protect\n|move|p1b: Saxophone|Steam Eruption|p2b: Tapu Lele\n|-activate|p2b: Tapu Lele|move: Protect\n|move|p1a: Okidogi|Drain Punch|p2a: Toxtricity\n|-activate|p2a: Toxtricity|move: Protect\n|\n|-fieldend|move: Trick Room\n|upkeep\n|turn|9\n|\n|t:|1697075460\n|move|p1b: Saxophone|Protect|p1b: Saxophone\n|-singleturn|p1b: Saxophone|Protect\n|move|p2a: Toxtricity|Boomburst|p1a: Okidogi|[spread] p1a\n|-activate|p1b: Saxophone|move: Protect\n|-activate|p2b: Tapu Lele|ability: Telepathy\n|-damage|p1a: Okidogi|0 fnt\n|faint|p1a: Okidogi\n|move|p2b: Tapu Lele|Psych Up|p2a: Toxtricity\n|-copyboost|p2b: Tapu Lele|p2a: Toxtricity|[from] move: Psych Up\n|\n|upkeep\n|j| Yaoyao S_G\n|\n|t:|1697075472\n|switch|p1a: Sonria|Enamorus, F|100\/100\n|turn|10\n|\n|t:|1697075481\n|-terastallize|p1a: Sonria|Rock\n|move|p2b: Tapu Lele|Dazzling Gleam|p1a: Sonria|[spread] p1a,p1b\n|-resisted|p1b: Saxophone\n|-damage|p1a: Sonria|15\/100\n|-damage|p1b: Saxophone|56\/100\n|move|p2a: Toxtricity|Overdrive|p1a: Sonria|[spread] p1a,p1b\n|-supereffective|p1b: Saxophone\n|-damage|p1a: Sonria|0 fnt\n|-damage|p1b: Saxophone|0 fnt\n|faint|p1a: Sonria\n|faint|p1b: Saxophone\n|\n|upkeep\n|\n|t:|1697075490\n|switch|p1b: Grass Latte|Sinistcha-Masterpiece|100\/100\n|turn|11\n|\n|t:|1697075497\n|move|p2b: Tapu Lele|Stored Power|p1b: Grass Latte\n|-damage|p1b: Grass Latte|0 fnt\n|faint|p1b: Grass Latte\n|\n|win|Immagamer\n|raw|Denvah_17's rating: 1282 &rarr; <strong>1260<\/strong><br \/>(-22 for losing)\n|raw|Immagamer's rating: 1325 &rarr; <strong>1343<\/strong><br \/>(+18 for winning)\n|l|\u2606Denvah_17\n","uploadtime":1697075503,"views":7,"p1id":"denvah17","p2id":"immagamer","formatid":"gen9nationaldexdoubles","rating":1260,"private":0,"password":""}