{"id":"gen9nationaldexdoubles-1958700231","p1":"Teamplayer121","p2":"Penguin Stylez","format":"[Gen 9] National Dex Doubles","log":"|j|\u2606Teamplayer121\n|j|\u2606Penguin Stylez\n|t:|1696351535\n|gametype|doubles\n|player|p1|Teamplayer121|bellelba|1020\n|player|p2|Penguin Stylez|101|1105\n|teamsize|p1|6\n|teamsize|p2|6\n|gen|9\n|tier|[Gen 9] National Dex Doubles\n|rated|\n|rule|HP Percentage Mod: HP is shown in percentages\n|rule|Endless Battle Clause: Forcing endless battles is banned\n|rule|OHKO Clause: OHKO moves are banned\n|rule|Evasion Moves Clause: Evasion moves are banned\n|rule|Evasion Abilities Clause: Evasion abilities are banned\n|rule|Species Clause: Limit one of each Pok\u00e9mon\n|rule|Gravity Sleep Clause: The combination of sleep-inducing moves with imperfect accuracy and Gravity or Gigantamax Orbeetle are banned\n|clearpoke\n|poke|p1|Zeraora|\n|poke|p1|Delcatty, M|\n|poke|p1|Banette, F|\n|poke|p1|Gothitelle, F|\n|poke|p1|Pyukumuku, M|\n|poke|p1|Slaking, F|\n|poke|p2|Raticate, M|\n|poke|p2|Sinistcha|\n|poke|p2|Dragonite, M|\n|poke|p2|Amoonguss, M|\n|poke|p2|Crawdaunt, F|\n|poke|p2|Indeedee-F, F|\n|teampreview\n|inactive|Battle timer is ON: inactive players will automatically lose when time's up. (requested by Teamplayer121)\n|\n|t:|1696351558\n|start\n|switch|p1a: Delcatty|Delcatty, M|100\/100\n|switch|p1b: Banette|Banette, F|100\/100\n|switch|p2a: Amoonguss|Amoonguss, M|100\/100\n|switch|p2b: Dragonite|Dragonite, M|100\/100\n|turn|1\n|\n|t:|1696351585\n|detailschange|p1b: Banette|Banette-Mega, F\n|-mega|p1b: Banette|Banette|Banettite\n|move|p1b: Banette|Role Play|p1a: Delcatty\n|-endability|p1b: Banette|Prankster|[from] move: Role Play\n|-ability|p1b: Banette|Normalize|[from] move: Role Play|[of] p1a: Delcatty\n|move|p1a: Delcatty|Wish|p1a: Delcatty\n|move|p2b: Dragonite|Earthquake|p1a: Delcatty|[spread] p2a,p1a,p1b\n|-damage|p2a: Amoonguss|72\/100\n|-damage|p1a: Delcatty|49\/100\n|-damage|p1b: Banette|64\/100\n|move|p2a: Amoonguss|Spore|p1a: Delcatty\n|-status|p1a: Delcatty|slp|[from] move: Spore\n|\n|upkeep\n|turn|2\n|\n|t:|1696351608\n|switch|p1a: Gothitelle|Gothitelle, F|100\/100\n|move|p2b: Dragonite|Dragon Dance|p2b: Dragonite\n|-boost|p2b: Dragonite|atk|1\n|-boost|p2b: Dragonite|spe|1\n|move|p1b: Banette|Skill Swap|p2b: Dragonite\n|-activate|p1b: Banette|move: Skill Swap|Multiscale|Normalize|[of] p2b: Dragonite\n|move|p2a: Amoonguss|Spore|p1b: Banette\n|-status|p1b: Banette|slp|[from] move: Spore\n|\n|upkeep\n|turn|3\n|\n|t:|1696351622\n|move|p2b: Dragonite|Earthquake|p1b: Banette|[spread] p2a,p1a\n|-immune|p1b: Banette\n|-damage|p2a: Amoonguss|20\/100\n|-damage|p1a: Gothitelle|51\/100\n|cant|p1b: Banette|slp\n|move|p1a: Gothitelle|Heal Bell|p1a: Gothitelle\n|-activate|p1a: Gothitelle|move: Heal Bell\n|-curestatus|p1b: Banette|slp|[msg]\n|-curestatus|p1: Delcatty|slp|[msg]\n|move|p2a: Amoonguss|Pollen Puff|p1a: Gothitelle\n|-supereffective|p1a: Gothitelle\n|-damage|p1a: Gothitelle|28\/100\n|\n|-heal|p1a: Gothitelle|34\/100|[from] item: Leftovers\n|upkeep\n|turn|4\n|\n|t:|1696351646\n|move|p2a: Amoonguss|Rage Powder|p2a: Amoonguss\n|-singleturn|p2a: Amoonguss|move: Rage Powder\n|move|p2b: Dragonite|Iron Head|p1a: Gothitelle\n|-damage|p1a: Gothitelle|0 fnt\n|faint|p1a: Gothitelle\n|move|p1b: Banette|Role Play|p2a: Amoonguss\n|-endability|p1b: Banette|Multiscale|[from] move: Role Play\n|-ability|p1b: Banette|Regenerator|[from] move: Role Play|[of] p2a: Amoonguss\n|\n|upkeep\n|\n|t:|1696351654\n|switch|p1a: Zeraora|Zeraora|100\/100\n|turn|5\n|\n|t:|1696351667\n|move|p2a: Amoonguss|Protect|p2a: Amoonguss\n|-singleturn|p2a: Amoonguss|Protect\n|move|p1a: Zeraora|Plasma Fists|p2b: Dragonite\n|-damage|p2b: Dragonite|50\/100\n|-fieldactivate|move: Ion Deluge\n|-hint|Normal-type moves become Electric-type after using Plasma Fists.\n|-enditem|p2b: Dragonite|Sitrus Berry|[eat]\n|-heal|p2b: Dragonite|75\/100|[from] item: Sitrus Berry\n|move|p2b: Dragonite|Earthquake|p1b: Banette|[spread] p1b\n|-activate|p2a: Amoonguss|move: Protect\n|-immune|p1a: Zeraora|[from] ability: Volt Absorb\n|-damage|p1b: Banette|0 fnt\n|faint|p1b: Banette\n|\n|upkeep\n|\n|t:|1696351674\n|switch|p1b: Delcatty|Delcatty, M|49\/100\n|turn|6\n|\n|t:|1696351704\n|move|p1a: Zeraora|Plasma Fists|p2b: Dragonite\n|-damage|p2b: Dragonite|20\/100\n|-fieldactivate|move: Ion Deluge\n|-hint|Normal-type moves become Electric-type after using Plasma Fists.\n|move|p2b: Dragonite|Iron Head|p1b: Delcatty\n|-damage|p1b: Delcatty|0 fnt\n|faint|p1b: Delcatty\n|move|p2a: Amoonguss|Spore|p1a: Zeraora\n|-status|p1a: Zeraora|slp|[from] move: Spore\n|\n|upkeep\n|\n|t:|1696351712\n|switch|p1b: Pyukumuku|Pyukumuku, M|100\/100\n|turn|7\n|\n|t:|1696351730\n|switch|p1a: Slaking|Slaking, F|100\/100\n|move|p2b: Dragonite|Iron Head|p1b: Pyukumuku\n|-damage|p1b: Pyukumuku|50\/100\n|move|p2a: Amoonguss|Pollen Puff|p2b: Dragonite\n|-heal|p2b: Dragonite|70\/100\n|move|p1b: Pyukumuku|Gastro Acid|p1a: Slaking\n|-endability|p1a: Slaking\n|\n|-heal|p1b: Pyukumuku|56\/100|[from] item: Leftovers\n|upkeep\n|turn|8\n|inactive|Teamplayer121 has 120 seconds left.\n|\n|t:|1696351761\n|-terastallize|p1a: Slaking|Normal\n|move|p2b: Dragonite|Outrage|p1b: Pyukumuku\n|-damage|p1b: Pyukumuku|0 fnt\n|-damage|p2b: Dragonite|16\/100|[from] ability: Innards Out|[of] p1b: Pyukumuku\n|faint|p1b: Pyukumuku\n|move|p1a: Slaking|Body Slam|p2b: Dragonite\n|-damage|p2b: Dragonite|0 fnt\n|faint|p2b: Dragonite\n|move|p2a: Amoonguss|Spore|p1a: Slaking\n|-status|p1a: Slaking|slp|[from] move: Spore\n|\n|upkeep\n|\n|t:|1696351781\n|switch|p2b: Crawdaunt|Crawdaunt, F|100\/100\n|switch|p1b: Zeraora|Zeraora|100\/100 slp\n|turn|9\n|-message|Teamplayer121 forfeited.\n|\n|win|Penguin Stylez\n|raw|Teamplayer121's rating: 1020 &rarr; <strong>1010<\/strong><br \/>(-10 for losing)\n|raw|Penguin Stylez's rating: 1105 &rarr; <strong>1124<\/strong><br \/>(+19 for winning)\n|l|\u2606Teamplayer121\n","uploadtime":1696351803,"views":11,"p1id":"teamplayer121","p2id":"penguinstylez","formatid":"gen9nationaldexdoubles","rating":1010,"private":0,"password":""}