{"id":"gen9nationaldexdoubles-1982153595","p1":"cutiefy","p2":"ERBESTIONE","format":"[Gen 9] National Dex Doubles","log":"|j|\u2606cutiefy\n|j|\u2606ERBESTIONE\n|t:|1698973383\n|gametype|doubles\n|player|p1|cutiefy|dawn|1112\n|player|p2|ERBESTIONE|pokemaniac|1074\n|teamsize|p1|6\n|teamsize|p2|6\n|gen|9\n|tier|[Gen 9] National Dex Doubles\n|rated|\n|rule|HP Percentage Mod: HP is shown in percentages\n|rule|Endless Battle Clause: Forcing endless battles is banned\n|rule|OHKO Clause: OHKO moves are banned\n|rule|Evasion Moves Clause: Evasion moves are banned\n|rule|Evasion Abilities Clause: Evasion abilities are banned\n|rule|Species Clause: Limit one of each Pok\u00e9mon\n|rule|Gravity Sleep Clause: The combination of sleep-inducing moves with imperfect accuracy and Gravity or Gigantamax Orbeetle are banned\n|clearpoke\n|poke|p1|Ninetales-Alola, F|\n|poke|p1|Frosmoth, M|\n|poke|p1|Ribombee, M|\n|poke|p1|Clefairy, F|\n|poke|p1|Azumarill, M|\n|poke|p1|Breloom, F|\n|poke|p2|Articuno-Galar|\n|poke|p2|Primeape, F|\n|poke|p2|Wyrdeer, F|\n|poke|p2|Florges-White, F|\n|poke|p2|Shiftry, M|\n|poke|p2|Thundurus, M|\n|teampreview\n|\n|t:|1698973423\n|start\n|switch|p1a: Frosty|Ninetales-Alola, F|100\/100\n|switch|p1b: nom nom|Frosmoth, M|100\/100\n|switch|p2a: Wyrdeer|Wyrdeer, F|100\/100\n|switch|p2b: Primeape|Primeape, F|100\/100\n|-weather|Snow|[from] ability: Snow Warning|[of] p1a: Frosty\n|-ability|p2a: Wyrdeer|Intimidate|boost\n|-unboost|p1a: Frosty|atk|1\n|-unboost|p1b: nom nom|atk|1\n|turn|1\n|\n|t:|1698973445\n|-terastallize|p1b: nom nom|Water\n|move|p1a: Frosty|Aurora Veil|p1a: Frosty\n|-sidestart|p1: cutiefy|move: Aurora Veil\n|move|p1b: nom nom|Quiver Dance|p1b: nom nom\n|-boost|p1b: nom nom|spa|1\n|-boost|p1b: nom nom|spd|1\n|-boost|p1b: nom nom|spe|1\n|move|p2b: Primeape|Bulk Up|p2b: Primeape\n|-boost|p2b: Primeape|atk|1\n|-boost|p2b: Primeape|def|1\n|move|p2a: Wyrdeer|Skill Swap|p1b: nom nom\n|-activate|p2a: Wyrdeer|move: Skill Swap|Ice Scales|Intimidate|[of] p1b: nom nom\n|-ability|p1b: nom nom|Intimidate|boost\n|-unboost|p2a: Wyrdeer|atk|1\n|-unboost|p2b: Primeape|atk|1\n|-ability|p2b: Primeape|Defiant|boost\n|-boost|p2b: Primeape|atk|2\n|\n|-weather|Snow|[upkeep]\n|upkeep\n|turn|2\n|\n|t:|1698973482\n|move|p1a: Frosty|Icy Wind|p2b: Primeape|[spread] p2a,p2b\n|-damage|p2a: Wyrdeer|94\/100\n|-damage|p2b: Primeape|91\/100\n|-unboost|p2a: Wyrdeer|spe|1\n|-unboost|p2b: Primeape|spe|1\n|-ability|p2b: Primeape|Defiant|boost\n|-boost|p2b: Primeape|atk|2\n|move|p1b: nom nom|Bug Buzz|p2a: Wyrdeer\n|-supereffective|p2a: Wyrdeer\n|-crit|p2a: Wyrdeer\n|-damage|p2a: Wyrdeer|0 fnt\n|faint|p2a: Wyrdeer\n|-damage|p1b: nom nom|91\/100|[from] item: Life Orb\n|move|p2b: Primeape|Bulk Up|p2b: Primeape\n|-boost|p2b: Primeape|atk|1\n|-boost|p2b: Primeape|def|1\n|\n|-weather|Snow|[upkeep]\n|upkeep\n|\n|t:|1698973495\n|switch|p2a: Thundurus|Thundurus, M|100\/100\n|turn|3\n|\n|t:|1698973509\n|move|p1a: Frosty|Blizzard|p2a: Thundurus|[spread] p2a,p2b\n|-supereffective|p2a: Thundurus\n|-damage|p2a: Thundurus|44\/100\n|-damage|p2b: Primeape|72\/100\n|move|p1b: nom nom|Ice Beam|p2a: Thundurus\n|-supereffective|p2a: Thundurus\n|-damage|p2a: Thundurus|0 fnt\n|faint|p2a: Thundurus\n|-damage|p1b: nom nom|81\/100|[from] item: Life Orb\n|move|p2b: Primeape|Drain Punch|p1b: nom nom\n|-damage|p1b: nom nom|0 fnt\n|-heal|p2b: Primeape|100\/100|[from] drain|[of] p1b: nom nom\n|faint|p1b: nom nom\n|\n|-weather|Snow|[upkeep]\n|upkeep\n|\n|t:|1698973526\n|switch|p2a: Florges|Florges-White, F|100\/100\n|switch|p1b: Azuma|Azumarill, M|100\/100\n|turn|4\n|\n|t:|1698973546\n|switch|p1a: lil baby|Clefairy, F|100\/100\n|-terastallize|p2b: Primeape|Ghost\n|move|p1b: Azuma|Play Rough|p2b: Primeape\n|-damage|p2b: Primeape|69\/100\n|move|p2a: Florges|Chilling Water|p1b: Azuma\n|-resisted|p1b: Azuma\n|-damage|p1b: Azuma|98\/100\n|-unboost|p1b: Azuma|atk|1\n|move|p2b: Primeape|Rage Fist|p1a: lil baby\n|-damage|p1a: lil baby|0 fnt\n|faint|p1a: lil baby\n|\n|-weather|Snow|[upkeep]\n|upkeep\n|\n|t:|1698973566\n|switch|p1a: Pollen|Ribombee, M|100\/100\n|turn|5\n|\n|t:|1698973575\n|move|p1a: Pollen|Tailwind|p1a: Pollen\n|-sidestart|p1: cutiefy|move: Tailwind\n|move|p1b: Azuma|Knock Off|p2b: Primeape\n|-supereffective|p2b: Primeape\n|-damage|p2b: Primeape|42\/100\n|-enditem|p2b: Primeape|Eviolite|[from] move: Knock Off|[of] p1b: Azuma\n|move|p2a: Florges|Pollen Puff|p2b: Primeape\n|-heal|p2b: Primeape|92\/100\n|move|p2b: Primeape|Rage Fist|p1b: Azuma\n|-damage|p1b: Azuma|0 fnt\n|faint|p1b: Azuma\n|\n|-weather|none\n|-sideend|p1: cutiefy|move: Aurora Veil\n|upkeep\n|\n|t:|1698973599\n|switch|p1b: Frosty|Ninetales-Alola, F|100\/100\n|-weather|Snow|[from] ability: Snow Warning|[of] p1b: Frosty\n|turn|6\n|-message|cutiefy forfeited.\n|\n|win|ERBESTIONE\n|raw|cutiefy's rating: 1112 &rarr; <strong>1084<\/strong><br \/>(-28 for losing)\n|raw|ERBESTIONE's rating: 1074 &rarr; <strong>1106<\/strong><br \/>(+32 for winning)\n|l|\u2606cutiefy\n","uploadtime":1698973614,"views":9,"p1id":"cutiefy","p2id":"erbestione","formatid":"gen9nationaldexdoubles","rating":1084,"private":0,"password":""}