{"id":"gen9nationaldexdoubles-1980608927","p1":"Krishy2007","p2":"Maybebetterthanu","format":"[Gen 9] National Dex Doubles","log":"|j|\u2606Krishy2007\n|j|\u2606Maybebetterthanu\n|t:|1698802843\n|gametype|doubles\n|player|p1|Krishy2007|101|\n|player|p2|Maybebetterthanu|fantina|\n|teamsize|p1|6\n|teamsize|p2|6\n|gen|9\n|tier|[Gen 9] National Dex Doubles\n|rule|HP Percentage Mod: HP is shown in percentages\n|rule|Endless Battle Clause: Forcing endless battles is banned\n|rule|OHKO Clause: OHKO moves are banned\n|rule|Evasion Moves Clause: Evasion moves are banned\n|rule|Evasion Abilities Clause: Evasion abilities are banned\n|rule|Species Clause: Limit one of each Pok\u00e9mon\n|rule|Gravity Sleep Clause: The combination of sleep-inducing moves with imperfect accuracy and Gravity or Gigantamax Orbeetle are banned\n|clearpoke\n|poke|p1|Grimmsnarl, M|\n|poke|p1|Cradily, F|\n|poke|p1|Landorus-Therian, M|\n|poke|p1|Charjabug, M|\n|poke|p1|Goodra-Hisui, M|\n|poke|p1|Tauros-Paldea-Aqua, M|\n|poke|p2|Gliscor, F|\n|poke|p2|Furret, F|\n|poke|p2|Murkrow, M|\n|poke|p2|Darmanitan, F|\n|poke|p2|Hawlucha, M|\n|poke|p2|Mr. Mime-Galar, F|\n|teampreview\n|j| landlord79\n|\n|t:|1698802881\n|start\n|switch|p1a: Grimmsnarl|Grimmsnarl, M, shiny|100\/100\n|switch|p1b: Charjabug|Charjabug, M, shiny|100\/100\n|switch|p2a: Mouthwash|Gliscor, F|100\/100\n|switch|p2b: Friend-Shaped|Furret, F|100\/100\n|-item|p1a: Grimmsnarl|Light Clay|[from] ability: Frisk|[of] p2b: Friend-Shaped|[identify]\n|-item|p1b: Charjabug|Eviolite|[from] ability: Frisk|[of] p2b: Friend-Shaped|[identify]\n|turn|1\n|j| KageDeSin\n|j| imjustthatawsom\n|\n|t:|1698802900\n|move|p2b: Friend-Shaped|Follow Me|p2b: Friend-Shaped\n|-singleturn|p2b: Friend-Shaped|move: Follow Me\n|move|p1a: Grimmsnarl|Taunt|p2b: Friend-Shaped\n|-start|p2b: Friend-Shaped|move: Taunt\n|move|p2a: Mouthwash|Swords Dance|p2a: Mouthwash\n|-boost|p2a: Mouthwash|atk|2\n|move|p1b: Charjabug|Sticky Web|p2b: Friend-Shaped\n|-sidestart|p2: Maybebetterthanu|move: Sticky Web\n|\n|-status|p2a: Mouthwash|tox|[from] item: Toxic Orb\n|upkeep\n|turn|2\n|j| Bingin Chillingin\n|l| Bingin Chillingin\n|\n|t:|1698802944\n|move|p1a: Grimmsnarl|Reflect|p1a: Grimmsnarl\n|-sidestart|p1: Krishy2007|Reflect\n|move|p2b: Friend-Shaped|U-turn|p1a: Grimmsnarl\n|-damage|p1a: Grimmsnarl|94\/100\n|\n|t:|1698802950\n|switch|p2b: Mr. Mom|Mr. Mime-Galar, F|100\/100|[from] U-turn\n|-activate|p2b: Mr. Mom|move: Sticky Web\n|-unboost|p2b: Mr. Mom|spe|1\n|-activate|p2b: Mr. Mom|ability: Screen Cleaner\n|-sideend|p1: Krishy2007|Reflect\n|move|p2a: Mouthwash|Knock Off|p1a: Grimmsnarl\n|-resisted|p1a: Grimmsnarl\n|-damage|p1a: Grimmsnarl|81\/100\n|-enditem|p1a: Grimmsnarl|Light Clay|[from] move: Knock Off|[of] p2a: Mouthwash\n|move|p1b: Charjabug|Skitter Smack|p2a: Mouthwash\n|-resisted|p2a: Mouthwash\n|-damage|p2a: Mouthwash|90\/100 tox\n|-unboost|p2a: Mouthwash|spa|1\n|\n|-heal|p2a: Mouthwash|100\/100 tox|[from] ability: Poison Heal\n|upkeep\n|turn|3\n|\n|t:|1698802994\n|switch|p1b: Bull|Tauros-Paldea-Aqua, M, shiny|100\/100\n|-ability|p1b: Bull|Intimidate|boost\n|-unboost|p2a: Mouthwash|atk|1\n|-unboost|p2b: Mr. Mom|atk|1\n|move|p2b: Mr. Mom|Fake Out|p1a: Grimmsnarl\n|-damage|p1a: Grimmsnarl|78\/100\n|cant|p1a: Grimmsnarl|flinch\n|move|p2a: Mouthwash|Swords Dance|p2a: Mouthwash\n|-boost|p2a: Mouthwash|atk|2\n|\n|upkeep\n|turn|4\n|\n|t:|1698803056\n|switch|p2a: Friend-Shaped|Furret, F|100\/100\n|-activate|p2a: Friend-Shaped|move: Sticky Web\n|-unboost|p2a: Friend-Shaped|spe|1\n|-item|p1b: Bull|Leftovers|[from] ability: Frisk|[of] p2a: Friend-Shaped|[identify]\n|move|p1a: Grimmsnarl|Reflect|p1a: Grimmsnarl\n|-sidestart|p1: Krishy2007|Reflect\n|move|p1b: Bull|Liquidation|p2a: Friend-Shaped\n|-crit|p2a: Friend-Shaped\n|-damage|p2a: Friend-Shaped|27\/100\n|move|p2b: Mr. Mom|Rapid Spin|p1b: Bull\n|-damage|p1b: Bull|97\/100\n|-boost|p2b: Mr. Mom|spe|1\n|-sideend|p2: Maybebetterthanu|Sticky Web|[from] move: Rapid Spin|[of] p2b: Mr. Mom\n|\n|-heal|p1b: Bull|100\/100|[from] item: Leftovers\n|upkeep\n|turn|5\n|j| Bingin Chillingin\n|l| Bingin Chillingin\n|\n|t:|1698803102\n|move|p2a: Friend-Shaped|Protect|p2a: Friend-Shaped\n|-singleturn|p2a: Friend-Shaped|Protect\n|move|p1a: Grimmsnarl|Light Screen|p1a: Grimmsnarl\n|-sidestart|p1: Krishy2007|move: Light Screen\n|move|p2b: Mr. Mom|Freeze-Dry|p1b: Bull\n|-supereffective|p1b: Bull\n|-damage|p1b: Bull|52\/100\n|move|p1b: Bull|Liquidation|p2a: Friend-Shaped\n|-activate|p2a: Friend-Shaped|move: Protect\n|\n|-heal|p1b: Bull|59\/100|[from] item: Leftovers\n|upkeep\n|turn|6\n|\n|t:|1698803158\n|switch|p1b: Goodra|Goodra-Hisui, M, shiny|100\/100\n|switch|p2a: Pimp Jr.|Murkrow, M, shiny|100\/100\n|move|p2b: Mr. Mom|Ally Switch|p2b: Mr. Mom\n|swap|p2b: Mr. Mom|0|[from] move: Ally Switch\n|move|p1a: Grimmsnarl|Reflect||[still]\n|-fail|p1a: Grimmsnarl\n|\n|upkeep\n|turn|7\n|\n|t:|1698803198\n|switch|p2a: Mouthwash|Gliscor, F|100\/100 tox\n|move|p1a: Grimmsnarl|Reflect||[still]\n|-fail|p1a: Grimmsnarl\n|move|p1b: Goodra|Heavy Slam|p2a: Mouthwash\n|-damage|p2a: Mouthwash|63\/100 tox\n|move|p2b: Pimp Jr.|Whirlwind|p1b: Goodra\n|drag|p1b: Bull|Tauros-Paldea-Aqua, M, shiny|59\/100\n|-ability|p1b: Bull|Intimidate|boost\n|-unboost|p2a: Mouthwash|atk|1\n|-unboost|p2b: Pimp Jr.|atk|1\n|\n|-heal|p1b: Bull|65\/100|[from] item: Leftovers\n|-heal|p2a: Mouthwash|76\/100 tox|[from] ability: Poison Heal\n|upkeep\n|turn|8\n|l| KageDeSin\n|\n|t:|1698803253\n|switch|p2a: Friend-Shaped|Furret, F|27\/100\n|-item|p1b: Bull|Leftovers|[from] ability: Frisk|[of] p2a: Friend-Shaped|[identify]\n|move|p1a: Grimmsnarl|Taunt|p2a: Friend-Shaped\n|-start|p2a: Friend-Shaped|move: Taunt\n|move|p1b: Bull|Liquidation|p2a: Friend-Shaped\n|-damage|p2a: Friend-Shaped|0 fnt\n|faint|p2a: Friend-Shaped\n|move|p2b: Pimp Jr.|Whirlwind|p1b: Bull\n|drag|p1b: Landorus|Landorus-Therian, M, shiny|100\/100\n|-ability|p1b: Landorus|Intimidate|boost\n|-unboost|p2b: Pimp Jr.|atk|1\n|\n|-sideend|p1: Krishy2007|Reflect\n|upkeep\n|\n|t:|1698803274\n|switch|p2a: MONKEY TIME|Darmanitan, F|100\/100\n|turn|9\n|\n|t:|1698803299\n|move|p1a: Grimmsnarl|Reflect|p1a: Grimmsnarl\n|-sidestart|p1: Krishy2007|Reflect\n|move|p2a: MONKEY TIME|Flare Blitz|p1b: Landorus\n|-damage|p1b: Landorus|18\/100\n|-damage|p2a: MONKEY TIME|76\/100|[from] Recoil\n|move|p1b: Landorus|Earthquake|p2b: Pimp Jr.|[spread] p1a,p2a\n|-immune|p2b: Pimp Jr.\n|-supereffective|p2a: MONKEY TIME\n|-damage|p1a: Grimmsnarl|55\/100\n|-damage|p2a: MONKEY TIME|0 fnt\n|faint|p2a: MONKEY TIME\n|move|p2b: Pimp Jr.|Foul Play|p1b: Landorus\n|-damage|p1b: Landorus|0 fnt\n|faint|p1b: Landorus\n|\n|-sideend|p1: Krishy2007|move: Light Screen\n|upkeep\n|j| TheOfficialSlade\n|c| TheOfficialSlade|MURKROW\n|\n|t:|1698803380\n|switch|p2a: Nacho Libre|Hawlucha, M|100\/100\n|switch|p1b: Goodra|Goodra-Hisui, M, shiny|100\/100\n|turn|10\n|c|\u2606Krishy2007|Murkrow's my favorite prank chan fr fr\n|\n|t:|1698803425\n|switch|p2b: Mr. Mom|Mr. Mime-Galar, F|100\/100\n|-activate|p2b: Mr. Mom|ability: Screen Cleaner\n|-sideend|p1: Krishy2007|Reflect\n|switch|p1b: Charjabug|Charjabug, M, shiny|100\/100\n|move|p1a: Grimmsnarl|Parting Shot|p2a: Nacho Libre\n|-unboost|p2a: Nacho Libre|atk|1\n|-unboost|p2a: Nacho Libre|spa|1\n|-enditem|p2a: Nacho Libre|White Herb\n|-clearnegativeboost|p2a: Nacho Libre|[silent]\n|\n|t:|1698803434\n|switch|p1a: Goodra|Goodra-Hisui, M, shiny|100\/100|[from] Parting Shot\n|move|p2a: Nacho Libre|Close Combat|p1b: Charjabug\n|-resisted|p1b: Charjabug\n|-damage|p1b: Charjabug|83\/100\n|-unboost|p2a: Nacho Libre|def|1\n|-unboost|p2a: Nacho Libre|spd|1\n|\n|upkeep\n|turn|11\n|c| TheOfficialSlade|Charjabug look like its listening to a bop from the back sprite\n|\n|t:|1698803523\n|move|p2b: Mr. Mom|Fake Out|p1a: Goodra\n|-resisted|p1a: Goodra\n|-damage|p1a: Goodra|98\/100\n|move|p2a: Nacho Libre|Acrobatics|p1b: Charjabug\n|-damage|p1b: Charjabug|51\/100\n|cant|p1a: Goodra|flinch\n|move|p1b: Charjabug|Volt Switch|p2a: Nacho Libre\n|-supereffective|p2a: Nacho Libre\n|-damage|p2a: Nacho Libre|38\/100\n|c|\u2606Krishy2007|It's also fucking huge\n|\n|t:|1698803534\n|switch|p1b: Grimmsnarl|Grimmsnarl, M, shiny|55\/100|[from] Volt Switch\n|\n|-heal|p1a: Goodra|100\/100|[from] item: Leftovers\n|upkeep\n|turn|12\n|c| TheOfficialSlade|It is BOX\n|c| TheOfficialSlade|blood a shiny hunter frfr\n|c|\u2606Krishy2007|The proportions are off, ig it's because it's a mix of sprites and models\n|c| landlord79|shiny charm for the blood gods\n|\n|t:|1698803577\n|switch|p2b: Mouthwash|Gliscor, F|76\/100 tox\n|move|p1b: Grimmsnarl|Reflect|p1b: Grimmsnarl\n|-sidestart|p1: Krishy2007|Reflect\n|move|p2a: Nacho Libre|Swords Dance|p2a: Nacho Libre\n|-boost|p2a: Nacho Libre|atk|2\n|move|p1a: Goodra|Heavy Slam|p2b: Mouthwash\n|-damage|p2b: Mouthwash|35\/100 tox\n|\n|-heal|p2b: Mouthwash|48\/100 tox|[from] ability: Poison Heal\n|upkeep\n|turn|13\n|c| TheOfficialSlade|That goodra one gotta be custom made\n|c|\u2606Krishy2007|yep, it is\n|c| landlord79|Everything past Gen 5 custom\n|c| landlord79|honestly gamefrak needs to take a page\n|c| TheOfficialSlade|BDSP should have been sprites again ngl\n|c| landlord79|facts\n|\n|t:|1698803678\n|move|p1b: Grimmsnarl|Parting Shot|p2a: Nacho Libre\n|-unboost|p2a: Nacho Libre|atk|1\n|-unboost|p2a: Nacho Libre|spa|1\n|c| TheOfficialSlade|Rey Mysterio still lookin kinda scary ngl\n|\n|t:|1698803740\n|switch|p1b: Bull|Tauros-Paldea-Aqua, M, shiny|65\/100|[from] Parting Shot\n|-ability|p1b: Bull|Intimidate|boost\n|-unboost|p2a: Nacho Libre|atk|1\n|-unboost|p2b: Mouthwash|atk|1\n|move|p2a: Nacho Libre|Iron Head|p1b: Bull\n|-resisted|p1b: Bull\n|-damage|p1b: Bull|57\/100\n|move|p2b: Mouthwash|Earthquake|p1b: Bull|[spread] p1a,p1b\n|-immune|p2a: Nacho Libre\n|-supereffective|p1a: Goodra\n|-damage|p1a: Goodra|78\/100\n|-damage|p1b: Bull|41\/100\n|move|p1a: Goodra|Heavy Slam|p2a: Nacho Libre\n|-damage|p2a: Nacho Libre|0 fnt\n|faint|p2a: Nacho Libre\n|\n|-heal|p1b: Bull|47\/100|[from] item: Leftovers\n|-heal|p1a: Goodra|84\/100|[from] item: Leftovers\n|-heal|p2b: Mouthwash|60\/100 tox|[from] ability: Poison Heal\n|upkeep\n|\n|t:|1698803781\n|switch|p2a: Mr. Mom|Mr. Mime-Galar, F|100\/100\n|-activate|p2a: Mr. Mom|ability: Screen Cleaner\n|-sideend|p1: Krishy2007|Reflect\n|turn|14\n|c| TheOfficialSlade|Listening to a bop while smoking that Hawlucha pack\n|c| TheOfficialSlade|https:\/\/youtu.be\/b35tkeHG8Gs?si=AMNtvbjRO7WYmt0x\n|\n|t:|1698803842\n|-terastallize|p1b: Bull|Water\n|move|p2a: Mr. Mom|Fake Out|p1b: Bull\n|-crit|p1b: Bull\n|-damage|p1b: Bull|37\/100\n|cant|p1b: Bull|flinch\n|move|p2b: Mouthwash|Swords Dance|p2b: Mouthwash\n|-boost|p2b: Mouthwash|atk|2\n|move|p1a: Goodra|Heavy Slam|p2a: Mr. Mom\n|-supereffective|p2a: Mr. Mom\n|-damage|p2a: Mr. Mom|19\/100\n|\n|-heal|p1b: Bull|43\/100|[from] item: Leftovers\n|-heal|p1a: Goodra|90\/100|[from] item: Leftovers\n|-heal|p2b: Mouthwash|72\/100 tox|[from] ability: Poison Heal\n|upkeep\n|turn|15\n|\n|t:|1698803861\n|move|p1a: Goodra|Protect|p1a: Goodra\n|-singleturn|p1a: Goodra|Protect\n|move|p2a: Mr. Mom|Freeze-Dry|p1b: Bull\n|-supereffective|p1b: Bull\n|-damage|p1b: Bull|0 fnt\n|faint|p1b: Bull\n|move|p2b: Mouthwash|Earthquake|p1a: Goodra|[spread] p2a\n|-activate|p1a: Goodra|move: Protect\n|-damage|p2a: Mr. Mom|0 fnt\n|faint|p2a: Mr. Mom\n|\n|-heal|p1a: Goodra|97\/100|[from] item: Leftovers\n|-heal|p2b: Mouthwash|85\/100 tox|[from] ability: Poison Heal\n|upkeep\n|\n|t:|1698803874\n|switch|p2a: Pimp Jr.|Murkrow, M, shiny|100\/100\n|switch|p1b: Grimmsnarl|Grimmsnarl, M, shiny|55\/100\n|turn|16\n|\n|t:|1698803912\n|move|p2a: Pimp Jr.|Defog|p1b: Grimmsnarl\n|-hint|Since gen 7, Dark is immune to Prankster moves.\n|-immune|p1b: Grimmsnarl\n|move|p1b: Grimmsnarl|Reflect|p1b: Grimmsnarl\n|-sidestart|p1: Krishy2007|Reflect\n|move|p2b: Mouthwash|Earthquake|p1b: Grimmsnarl|[spread] p1a,p1b\n|-immune|p2a: Pimp Jr.\n|-supereffective|p1a: Goodra\n|-crit|p1a: Goodra\n|-damage|p1a: Goodra|0 fnt\n|-damage|p1b: Grimmsnarl|29\/100\n|faint|p1a: Goodra\n|\n|-heal|p2b: Mouthwash|97\/100 tox|[from] ability: Poison Heal\n|upkeep\n|\n|t:|1698803922\n|switch|p1a: Cradily|Cradily, F, shiny|100\/100\n|turn|17\n|\n|t:|1698803947\n|move|p1b: Grimmsnarl|Parting Shot|p2b: Mouthwash\n|-unboost|p2b: Mouthwash|atk|1\n|-unboost|p2b: Mouthwash|spa|1\n|\n|t:|1698803952\n|switch|p1b: Charjabug|Charjabug, M, shiny|51\/100|[from] Parting Shot\n|move|p2b: Mouthwash|Earthquake|p1a: Cradily|[spread] p1a,p1b\n|-immune|p2a: Pimp Jr.\n|-damage|p1a: Cradily|86\/100\n|-damage|p1b: Charjabug|35\/100\n|move|p1a: Cradily|Giga Drain|p2b: Mouthwash\n|-damage|p2b: Mouthwash|57\/100 tox\n|-heal|p1a: Cradily|100\/100|[from] drain|[of] p2b: Mouthwash\n|move|p2a: Pimp Jr.|Whirlwind|p1a: Cradily\n|drag|p1a: Grimmsnarl|Grimmsnarl, M, shiny|29\/100\n|\n|-heal|p2b: Mouthwash|69\/100 tox|[from] ability: Poison Heal\n|upkeep\n|turn|18\n|c| TheOfficialSlade|Pimp Jr. said get yo bitch ass back out here\n|\n|t:|1698803982\n|move|p2a: Pimp Jr.|Tailwind|p2a: Pimp Jr.\n|-sidestart|p2: Maybebetterthanu|move: Tailwind\n|move|p1a: Grimmsnarl|Parting Shot|p2b: Mouthwash\n|-unboost|p2b: Mouthwash|atk|1\n|-unboost|p2b: Mouthwash|spa|1\n|\n|t:|1698803986\n|switch|p1a: Cradily|Cradily, F, shiny|100\/100|[from] Parting Shot\n|move|p2b: Mouthwash|Swords Dance|p2b: Mouthwash\n|-boost|p2b: Mouthwash|atk|2\n|move|p1b: Charjabug|Skitter Smack|p2a: Pimp Jr.\n|-damage|p2a: Pimp Jr.|82\/100\n|-unboost|p2a: Pimp Jr.|spa|1\n|\n|-heal|p2b: Mouthwash|82\/100 tox|[from] ability: Poison Heal\n|upkeep\n|turn|19\n|\n|t:|1698804020\n|move|p2b: Mouthwash|Swords Dance|p2b: Mouthwash\n|-boost|p2b: Mouthwash|atk|2\n|move|p1a: Cradily|Giga Drain|p2b: Mouthwash\n|-damage|p2b: Mouthwash|38\/100 tox\n|move|p1b: Charjabug|Toxic|p2a: Pimp Jr.\n|-status|p2a: Pimp Jr.|tox\n|move|p2a: Pimp Jr.|Whirlwind|p1a: Cradily\n|drag|p1a: Grimmsnarl|Grimmsnarl, M, shiny|29\/100\n|\n|-heal|p2b: Mouthwash|51\/100 tox|[from] ability: Poison Heal\n|-damage|p2a: Pimp Jr.|76\/100 tox|[from] psn\n|upkeep\n|turn|20\n|\n|t:|1698804045\n|move|p2a: Pimp Jr.|Defog|p1b: Charjabug\n|-unboost|p1b: Charjabug|evasion|1\n|-sideend|p1: Krishy2007|Reflect\n|move|p1a: Grimmsnarl|Parting Shot|p2b: Mouthwash\n|-unboost|p2b: Mouthwash|atk|1\n|-unboost|p2b: Mouthwash|spa|1\n|\n|t:|1698804051\n|switch|p1a: Cradily|Cradily, F, shiny|100\/100|[from] Parting Shot\n|move|p2b: Mouthwash|Earthquake|p1a: Cradily|[spread] p1a,p1b\n|-immune|p2a: Pimp Jr.\n|-damage|p1a: Cradily|53\/100\n|-damage|p1b: Charjabug|0 fnt\n|faint|p1b: Charjabug\n|\n|-heal|p1a: Cradily|59\/100|[from] item: Leftovers\n|-heal|p2b: Mouthwash|63\/100 tox|[from] ability: Poison Heal\n|-damage|p2a: Pimp Jr.|63\/100 tox|[from] psn\n|upkeep\n|\n|t:|1698804059\n|switch|p1b: Grimmsnarl|Grimmsnarl, M, shiny|29\/100\n|turn|21\n|\n|t:|1698804104\n|move|p1b: Grimmsnarl|Reflect|p1b: Grimmsnarl\n|-sidestart|p1: Krishy2007|Reflect\n|move|p2b: Mouthwash|Earthquake|p1b: Grimmsnarl|[spread] p1a,p1b\n|-immune|p2a: Pimp Jr.\n|-damage|p1a: Cradily|30\/100\n|-damage|p1b: Grimmsnarl|0 fnt\n|faint|p1b: Grimmsnarl\n|move|p2a: Pimp Jr.|Foul Play|p1a: Cradily\n|-damage|p1a: Cradily|20\/100\n|move|p1a: Cradily|Giga Drain|p2b: Mouthwash\n|-damage|p2b: Mouthwash|31\/100 tox\n|-heal|p1a: Cradily|32\/100|[from] drain|[of] p2b: Mouthwash\n|\n|-heal|p1a: Cradily|39\/100|[from] item: Leftovers\n|-heal|p2b: Mouthwash|43\/100 tox|[from] ability: Poison Heal\n|-damage|p2a: Pimp Jr.|45\/100 tox|[from] psn\n|-sideend|p2: Maybebetterthanu|move: Tailwind\n|upkeep\n|turn|22\n|\n|t:|1698804123\n|move|p2b: Mouthwash|Brick Break|p1a: Cradily\n|-sideend|p1: Krishy2007|Reflect\n|-supereffective|p1a: Cradily\n|-damage|p1a: Cradily|0 fnt\n|faint|p1a: Cradily\n|\n|win|Maybebetterthanu\n|c|\u2606Maybebetterthanu|gg\n|c|\u2606Krishy2007|gg\n|c| TheOfficialSlade|gr\n|c|\u2606Krishy2007|Losing streak sucks :(\n","uploadtime":1698804131,"views":30,"p1id":"krishy2007","p2id":"maybebetterthanu","formatid":"gen9nationaldexdoubles","rating":0,"private":0,"password":""}