{"id":"gen9nationaldexdoubles-1956251351","p1":"german_mg53","p2":"VenusTatas","format":"[Gen 9] National Dex Doubles","log":"|j|\u2606german_mg53\n|j|\u2606VenusTatas\n|t:|1696089827\n|gametype|doubles\n|player|p1|german_mg53|saturn|\n|player|p2|VenusTatas|cynthia|\n|teamsize|p1|6\n|teamsize|p2|6\n|gen|9\n|tier|[Gen 9] National Dex Doubles\n|rule|HP Percentage Mod: HP is shown in percentages\n|rule|Endless Battle Clause: Forcing endless battles is banned\n|rule|OHKO Clause: OHKO moves are banned\n|rule|Evasion Moves Clause: Evasion moves are banned\n|rule|Evasion Abilities Clause: Evasion abilities are banned\n|rule|Species Clause: Limit one of each Pok\u00e9mon\n|rule|Gravity Sleep Clause: The combination of sleep-inducing moves with imperfect accuracy and Gravity or Gigantamax Orbeetle are banned\n|clearpoke\n|poke|p1|Flygon, M|\n|poke|p1|Eelektross, M|\n|poke|p1|Orthworm, M|\n|poke|p1|Lilligant-Hisui, F|\n|poke|p1|Charizard, F|\n|poke|p1|Pachirisu, M|\n|poke|p2|Ursaluna-Bloodmoon, M|\n|poke|p2|Sinistcha|\n|poke|p2|Yanmega, F|\n|poke|p2|Infernape, M|\n|poke|p2|Dragonite, M|\n|poke|p2|Samurott-Hisui, F|\n|teampreview\n|j| PJewe\n|\n|t:|1696089858\n|start\n|switch|p1a: arantxa|Flygon, M|100\/100\n|switch|p1b: sorpresiva|Orthworm, M|100\/100\n|switch|p2a: edgy|Ursaluna-Bloodmoon, M|100\/100\n|switch|p2b: dep|Dragonite, M|100\/100\n|turn|1\n|j| harvestmarc\n|c| harvestmarc|tetonas\n|\n|t:|1696089874\n|move|p1a: arantxa|Dragon Claw|p2b: dep\n|-supereffective|p2b: dep\n|-damage|p2b: dep|57\/100\n|-damage|p1a: arantxa|91\/100|[from] item: Life Orb\n|move|p2b: dep|Fire Punch|p1b: sorpresiva\n|-supereffective|p1b: sorpresiva\n|-damage|p1b: sorpresiva|54\/100\n|move|p1b: sorpresiva|Body Press|p2a: edgy\n|-supereffective|p2a: edgy\n|-damage|p2a: edgy|53\/100\n|move|p2a: edgy|Moonblast|p1a: arantxa\n|-supereffective|p1a: arantxa\n|-damage|p1a: arantxa|4\/100\n|\n|upkeep\n|turn|2\n|\n|t:|1696089924\n|switch|p1a: radiolo|Eelektross, M|100\/100\n|switch|p1b: longaniza|Charizard, F|100\/100\n|switch|p2a: hehe|Sinistcha|100\/100\n|-heal|p2b: dep|82\/100|[from] ability: Hospitality|[of] p2a: hehe\n|move|p2b: dep|Fire Punch|p1a: radiolo\n|-damage|p1a: radiolo|58\/100\n|\n|upkeep\n|turn|3\n|\n|t:|1696089969\n|detailschange|p1b: longaniza|Charizard-Mega-Y, F\n|-mega|p1b: longaniza|Charizard|Charizardite Y\n|-weather|SunnyDay|[from] ability: Drought|[of] p1b: longaniza\n|move|p2a: hehe|Protect|p2a: hehe\n|-singleturn|p2a: hehe|Protect\n|move|p1b: longaniza|Heat Wave|p2b: dep|[spread] p2b\n|-activate|p2a: hehe|move: Protect\n|-resisted|p2b: dep\n|-damage|p2b: dep|48\/100\n|move|p2b: dep|Fire Punch|p1a: radiolo\n|-damage|p1a: radiolo|0 fnt\n|faint|p1a: radiolo\n|\n|-weather|SunnyDay|[upkeep]\n|upkeep\n|\n|t:|1696089983\n|switch|p1a: bailonga|Lilligant-Hisui, F|100\/100\n|turn|4\n|\n|t:|1696089993\n|-terastallize|p2a: hehe|Fire\n|move|p1a: bailonga|Ice Spinner|p2a: hehe\n|-resisted|p2a: hehe\n|-damage|p2a: hehe|93\/100\n|move|p1b: longaniza|Heat Wave|p2a: hehe|[spread] p2a,p2b\n|-resisted|p2a: hehe\n|-resisted|p2b: dep\n|-damage|p2a: hehe|54\/100\n|-damage|p2b: dep|17\/100\n|move|p2b: dep|Fire Punch|p1a: bailonga\n|-supereffective|p1a: bailonga\n|-damage|p1a: bailonga|0 fnt\n|faint|p1a: bailonga\n|move|p2a: hehe|Shadow Ball|p1b: longaniza\n|-damage|p1b: longaniza|68\/100\n|\n|-weather|SunnyDay|[upkeep]\n|-heal|p2a: hehe|60\/100|[from] item: Leftovers\n|upkeep\n|\n|t:|1696090011\n|switch|p1a: arantxa|Flygon, M|4\/100\n|turn|5\n|\n|t:|1696090021\n|move|p2a: hehe|Protect|p2a: hehe\n|-singleturn|p2a: hehe|Protect\n|move|p1a: arantxa|Quick Attack|p2b: dep\n|-damage|p2b: dep|0 fnt\n|faint|p2b: dep\n|-damage|p1a: arantxa|0 fnt|[from] item: Life Orb\n|faint|p1a: arantxa\n|move|p1b: longaniza|Ancient Power|p2a: hehe\n|-activate|p2a: hehe|move: Protect\n|\n|-weather|SunnyDay|[upkeep]\n|-heal|p2a: hehe|66\/100|[from] item: Leftovers\n|upkeep\n|\n|t:|1696090035\n|switch|p1a: mar|Pachirisu, M|100\/100\n|switch|p2b: macaco|Infernape, M|100\/100\n|turn|6\n|\n|t:|1696090049\n|move|p2b: macaco|Thunder Punch|p1b: longaniza\n|-supereffective|p1b: longaniza\n|-damage|p1b: longaniza|0 fnt\n|faint|p1b: longaniza\n|-damage|p2b: macaco|91\/100|[from] item: Life Orb\n|move|p1a: mar|Nuzzle|p2b: macaco\n|-damage|p2b: macaco|84\/100\n|-status|p2b: macaco|par\n|move|p2a: hehe|Matcha Gotcha|p1a: mar\n|-damage|p1a: mar|60\/100\n|-heal|p2a: hehe|85\/100|[from] drain|[of] p1a: mar\n|\n|-weather|SunnyDay|[upkeep]\n|-heal|p2a: hehe|91\/100|[from] item: Leftovers\n|upkeep\n|\n|t:|1696090063\n|switch|p1b: sorpresiva|Orthworm, M|54\/100\n|turn|7\n|\n|t:|1696090080\n|move|p1a: mar|Nuzzle|p2a: hehe\n|-damage|p2a: hehe|88\/100\n|-status|p2a: hehe|par\n|cant|p2b: macaco|par\n|move|p1b: sorpresiva|Iron Head|p2a: hehe\n|-resisted|p2a: hehe\n|-damage|p2a: hehe|79\/100 par\n|cant|p2a: hehe|par\n|\n|-weather|none\n|-heal|p2a: hehe|85\/100 par|[from] item: Leftovers\n|upkeep\n|turn|8\n|\n|t:|1696090095\n|move|p1a: mar|Super Fang|p2b: macaco\n|-damage|p2b: macaco|42\/100 par\n|move|p2b: macaco|Drain Punch|p1b: sorpresiva\n|-supereffective|p1b: sorpresiva\n|-damage|p1b: sorpresiva|0 fnt\n|-heal|p2b: macaco|74\/100 par|[from] drain|[of] p1b: sorpresiva\n|faint|p1b: sorpresiva\n|-damage|p2b: macaco|64\/100 par|[from] item: Life Orb\n|cant|p2a: hehe|par\n|\n|-heal|p2a: hehe|91\/100 par|[from] item: Leftovers\n|upkeep\n|turn|9\n|\n|t:|1696090112\n|move|p1a: mar|Super Fang|p2b: macaco\n|-damage|p2b: macaco|32\/100 par\n|cant|p2b: macaco|par\n|move|p2a: hehe|Shadow Ball|p1a: mar\n|-damage|p1a: mar|25\/100\n|\n|-heal|p2a: hehe|97\/100 par|[from] item: Leftovers\n|upkeep\n|turn|10\n|\n|t:|1696090124\n|move|p1a: mar|Super Fang|p2b: macaco\n|-damage|p2b: macaco|17\/100 par\n|move|p2b: macaco|Fire Punch|p1a: mar\n|-damage|p1a: mar|0 fnt\n|faint|p1a: mar\n|-damage|p2b: macaco|7\/100 par|[from] item: Life Orb\n|\n|win|VenusTatas\n","uploadtime":1696090133,"views":12,"p1id":"germanmg53","p2id":"venustatas","formatid":"gen9nationaldexdoubles","rating":0,"private":0,"password":""}