{"id":"gen9nationaldexdoubles-1990262467","p1":"Denvah_17","p2":"DragoniteDuskull","format":"[Gen 9] National Dex Doubles","log":"|j|\u2606Denvah_17\n|j|\u2606DragoniteDuskull\n|t:|1699946814\n|gametype|doubles\n|player|p1|Denvah_17|alder|1525\n|player|p2|DragoniteDuskull|will|1519\n|teamsize|p1|6\n|teamsize|p2|6\n|gen|9\n|tier|[Gen 9] National Dex Doubles\n|rated|\n|rule|HP Percentage Mod: HP is shown in percentages\n|rule|Endless Battle Clause: Forcing endless battles is banned\n|rule|OHKO Clause: OHKO moves are banned\n|rule|Evasion Moves Clause: Evasion moves are banned\n|rule|Evasion Abilities Clause: Evasion abilities are banned\n|rule|Species Clause: Limit one of each Pok\u00e9mon\n|rule|Gravity Sleep Clause: The combination of sleep-inducing moves with imperfect accuracy and Gravity or Gigantamax Orbeetle are banned\n|clearpoke\n|poke|p1|Porygon2|\n|poke|p1|Marowak-Alola, F|\n|poke|p1|Slowbro-Galar, F|\n|poke|p1|Parasect, F|\n|poke|p1|Rhyperior, M|\n|poke|p1|Zapdos|\n|poke|p2|Stakataka|\n|poke|p2|Necrozma|\n|poke|p2|Heatran, M|\n|poke|p2|Ursaluna, M|\n|poke|p2|Hoopa-Unbound|\n|poke|p2|Uxie|\n|teampreview\n|inactive|Battle timer is ON: inactive players will automatically lose when time's up. (requested by Denvah_17)\n|\n|t:|1699946841\n|start\n|switch|p1a: Missingno|Parasect, F, shiny|100\/100\n|switch|p1b: Giovanni|Rhyperior, M, shiny|100\/100\n|switch|p2a: Heatran|Heatran, M|100\/100\n|switch|p2b: Ursaluna|Ursaluna, M|100\/100\n|turn|1\n|inactive|DragoniteDuskull has 120 seconds left.\n|\n|t:|1699946872\n|move|p2b: Ursaluna|Bulk Up|p2b: Ursaluna\n|-boost|p2b: Ursaluna|atk|1\n|-boost|p2b: Ursaluna|def|1\n|move|p1b: Giovanni|Earthquake|p2a: Heatran|[spread] p1a,p2a,p2b\n|-resisted|p1a: Missingno\n|-supereffective|p2a: Heatran\n|-damage|p1a: Missingno|84\/100\n|-damage|p2a: Heatran|0 fnt\n|-damage|p2b: Ursaluna|81\/100\n|faint|p2a: Heatran\n|move|p1a: Missingno|Spore|p2b: Ursaluna\n|-status|p2b: Ursaluna|slp|[from] move: Spore\n|\n|upkeep\n|inactive|DragoniteDuskull has 120 seconds left.\n|\n|t:|1699946906\n|switch|p2a: Uxie|Uxie|100\/100\n|turn|2\n|\n|t:|1699946927\n|move|p1a: Missingno|Protect|p1a: Missingno\n|-singleturn|p1a: Missingno|Protect\n|cant|p2b: Ursaluna|slp\n|move|p1b: Giovanni|Megahorn|p2a: Uxie\n|-supereffective|p2a: Uxie\n|-damage|p2a: Uxie|45\/100\n|move|p2a: Uxie|Trick Room|p2a: Uxie\n|-fieldstart|move: Trick Room|[of] p2a: Uxie\n|\n|upkeep\n|turn|3\n|inactive|DragoniteDuskull has 120 seconds left.\n|\n|t:|1699946946\n|move|p1a: Missingno|Leech Life|p2a: Uxie\n|-supereffective|p2a: Uxie\n|-damage|p2a: Uxie|0 fnt\n|-heal|p1a: Missingno|100\/100|[from] drain|[of] p2a: Uxie\n|faint|p2a: Uxie\n|move|p1b: Giovanni|Hammer Arm|p2b: Ursaluna\n|-supereffective|p2b: Ursaluna\n|-damage|p2b: Ursaluna|43\/100 slp\n|-unboost|p1b: Giovanni|spe|1\n|cant|p2b: Ursaluna|slp\n|\n|upkeep\n|inactive|DragoniteDuskull has 120 seconds left.\n|\n|t:|1699946955\n|switch|p2a: Stakataka|Stakataka|100\/100\n|turn|4\n|\n|t:|1699946978\n|-terastallize|p2a: Stakataka|Rock\n|move|p2a: Stakataka|Rock Slide|p1b: Giovanni|[spread] p1b\n|-miss|p2a: Stakataka|p1a: Missingno\n|-resisted|p1b: Giovanni\n|-damage|p1b: Giovanni|85\/100\n|move|p1b: Giovanni|Earthquake|p2a: Stakataka|[spread] p1a,p2a,p2b\n|-resisted|p1a: Missingno\n|-supereffective|p2a: Stakataka\n|-enditem|p2a: Stakataka|Shuca Berry|[eat]\n|-enditem|p2a: Stakataka|Shuca Berry|[weaken]\n|-damage|p1a: Missingno|86\/100\n|-damage|p2a: Stakataka|74\/100\n|-damage|p2b: Ursaluna|21\/100 slp\n|move|p1a: Missingno|Spore|p2a: Stakataka\n|-status|p2a: Stakataka|slp|[from] move: Spore\n|cant|p2b: Ursaluna|slp\n|\n|upkeep\n|turn|5\n|inactive|Denvah_17 has 120 seconds left.\n|\n|t:|1699947011\n|cant|p2a: Stakataka|slp\n|move|p1b: Giovanni|Earthquake|p2b: Ursaluna|[spread] p1a,p2a,p2b\n|-resisted|p1a: Missingno\n|-supereffective|p2a: Stakataka\n|-damage|p1a: Missingno|70\/100\n|-damage|p2a: Stakataka|26\/100 slp\n|-damage|p2b: Ursaluna|1\/100 slp\n|move|p1a: Missingno|Leech Life|p2b: Ursaluna\n|-damage|p2b: Ursaluna|0 fnt\n|-heal|p1a: Missingno|71\/100|[from] drain|[of] p2b: Ursaluna\n|faint|p2b: Ursaluna\n|\n|upkeep\n|\n|t:|1699947030\n|switch|p2b: Hoopa|Hoopa-Unbound|100\/100\n|-enditem|p2b: Hoopa|Room Service\n|-unboost|p2b: Hoopa|spe|1|[from] item: Room Service\n|turn|6\n|\n|t:|1699947038\n|cant|p2a: Stakataka|slp\n|move|p1b: Giovanni|Hammer Arm|p2a: Stakataka|[miss]\n|-miss|p1b: Giovanni|p2a: Stakataka\n|move|p1a: Missingno|Leech Life|p2b: Hoopa\n|-supereffective|p2b: Hoopa\n|-damage|p2b: Hoopa|0 fnt\n|-heal|p1a: Missingno|100\/100|[from] drain|[of] p2b: Hoopa\n|faint|p2b: Hoopa\n|\n|-fieldend|move: Trick Room\n|upkeep\n|\n|t:|1699947039\n|switch|p2b: Necrozma|Necrozma|100\/100\n|turn|7\n|c|\u2606DragoniteDuskull|GG WP\n|-message|DragoniteDuskull forfeited.\n|\n|win|Denvah_17\n|raw|Denvah_17's rating: 1525 &rarr; <strong>1545<\/strong><br \/>(+20 for winning)\n|raw|DragoniteDuskull's rating: 1519 &rarr; <strong>1499<\/strong><br \/>(-20 for losing)\n","uploadtime":1699947060,"views":5,"p1id":"denvah17","p2id":"dragoniteduskull","formatid":"gen9nationaldexdoubles","rating":1499,"private":0,"password":""}