{"id":"gen9nationaldexdoubles-1960731639","p1":"cr46290","p2":"seta0052","format":"[Gen 9] National Dex Doubles","log":"|j|\u2606cr46290\n|j|\u2606seta0052\n|t:|1696550624\n|gametype|doubles\n|player|p1|cr46290|guitarist|\n|player|p2|seta0052|pokemaniac|\n|teamsize|p1|6\n|teamsize|p2|6\n|gen|9\n|tier|[Gen 9] National Dex Doubles\n|rule|HP Percentage Mod: HP is shown in percentages\n|rule|Endless Battle Clause: Forcing endless battles is banned\n|rule|OHKO Clause: OHKO moves are banned\n|rule|Evasion Moves Clause: Evasion moves are banned\n|rule|Evasion Abilities Clause: Evasion abilities are banned\n|rule|Species Clause: Limit one of each Pok\u00e9mon\n|rule|Gravity Sleep Clause: The combination of sleep-inducing moves with imperfect accuracy and Gravity or Gigantamax Orbeetle are banned\n|clearpoke\n|poke|p1|Tornadus, M|\n|poke|p1|Metagross|\n|poke|p1|Sinistcha|\n|poke|p1|Jirachi|\n|poke|p1|Samurott-Hisui, F|\n|poke|p1|Iron Valiant|\n|poke|p2|Salamence, F|\n|poke|p2|Rillaboom, F|\n|poke|p2|Volcanion|\n|poke|p2|Flutter Mane|\n|poke|p2|Chien-Pao|\n|poke|p2|Ogerpon-Cornerstone, F|\n|teampreview\n|j| caeden0330\n|\n|t:|1696550725\n|start\n|switch|p1a: Tornadus|Tornadus, M|100\/100\n|switch|p1b: Jirachi|Jirachi|100\/100\n|switch|p2a: Volcanion|Volcanion|100\/100\n|switch|p2b: Chien-Pao|Chien-Pao|100\/100\n|-ability|p2b: Chien-Pao|Sword of Ruin\n|turn|1\n|\n|t:|1696550751\n|move|p1a: Tornadus|Tailwind|p1a: Tornadus\n|-sidestart|p1: cr46290|move: Tailwind\n|move|p1b: Jirachi|Thunder Wave|p2a: Volcanion\n|-status|p2a: Volcanion|par\n|move|p2b: Chien-Pao|Sacred Sword|p1b: Jirachi\n|-damage|p1b: Jirachi|65\/100\n|move|p2a: Volcanion|Heat Wave|p1b: Jirachi|[spread] p1a,p1b\n|-supereffective|p1b: Jirachi\n|-damage|p1a: Tornadus|42\/100\n|-damage|p1b: Jirachi|17\/100\n|\n|-heal|p1b: Jirachi|23\/100|[from] item: Leftovers\n|upkeep\n|turn|2\n|\n|t:|1696550768\n|move|p1a: Tornadus|Protect|p1a: Tornadus\n|-singleturn|p1a: Tornadus|Protect\n|move|p2b: Chien-Pao|Protect|p2b: Chien-Pao\n|-singleturn|p2b: Chien-Pao|Protect\n|move|p1b: Jirachi|Stealth Rock|p2a: Volcanion\n|-sidestart|p2: seta0052|move: Stealth Rock\n|move|p2a: Volcanion|Heat Wave|p1b: Jirachi|[spread] p1b\n|-activate|p1a: Tornadus|move: Protect\n|-supereffective|p1b: Jirachi\n|-damage|p1b: Jirachi|0 fnt\n|faint|p1b: Jirachi\n|\n|upkeep\n|\n|t:|1696550784\n|switch|p1b: Metagross|Metagross|100\/100\n|turn|3\n|\n|t:|1696550798\n|switch|p1a: Iron Valiant|Iron Valiant|100\/100\n|-enditem|p1a: Iron Valiant|Booster Energy\n|-activate|p1a: Iron Valiant|ability: Quark Drive|[fromitem]\n|-start|p1a: Iron Valiant|quarkdrivespe\n|detailschange|p1b: Metagross|Metagross-Mega\n|-mega|p1b: Metagross|Metagross|Metagrossite\n|move|p2b: Chien-Pao|Sucker Punch|p1b: Metagross\n|-supereffective|p1b: Metagross\n|-crit|p1b: Metagross\n|-damage|p1b: Metagross|0 fnt\n|faint|p1b: Metagross\n|move|p2a: Volcanion|Heat Wave|p1a: Iron Valiant\n|-damage|p1a: Iron Valiant|8\/100\n|\n|upkeep\n|\n|t:|1696550810\n|switch|p1b: Sinistcha|Sinistcha|100\/100\n|-heal|p1a: Iron Valiant|33\/100|[from] ability: Hospitality|[of] p1b: Sinistcha\n|turn|4\n|\n|t:|1696550834\n|move|p1a: Iron Valiant|Aura Sphere|p2b: Chien-Pao\n|-supereffective|p2b: Chien-Pao\n|-enditem|p2b: Chien-Pao|Focus Sash\n|-damage|p2b: Chien-Pao|1\/100\n|move|p2b: Chien-Pao|Ice Spinner|p1b: Sinistcha\n|-supereffective|p1b: Sinistcha\n|-damage|p1b: Sinistcha|9\/100\n|move|p1b: Sinistcha|Strength Sap|p2b: Chien-Pao\n|-unboost|p2b: Chien-Pao|atk|1\n|-heal|p1b: Sinistcha|100\/100\n|cant|p2a: Volcanion|par\n|\n|-sideend|p1: cr46290|move: Tailwind\n|upkeep\n|turn|5\n|\n|t:|1696550866\n|-terastallize|p1b: Sinistcha|Water\n|move|p2b: Chien-Pao|Sucker Punch||[still]\n|-fail|p2b: Chien-Pao\n|move|p1a: Iron Valiant|Calm Mind|p1a: Iron Valiant\n|-boost|p1a: Iron Valiant|spa|1\n|-boost|p1a: Iron Valiant|spd|1\n|move|p1b: Sinistcha|Matcha Gotcha|p2b: Chien-Pao|[spread] p2a,p2b\n|-damage|p2a: Volcanion|82\/100 par\n|-damage|p2b: Chien-Pao|0 fnt\n|faint|p2b: Chien-Pao\n|move|p2a: Volcanion|Heat Wave|p1b: Sinistcha|[spread] p1a,p1b\n|-resisted|p1b: Sinistcha\n|-damage|p1a: Iron Valiant|0 fnt\n|-damage|p1b: Sinistcha|78\/100\n|faint|p1a: Iron Valiant\n|-end|p1a: Iron Valiant|Quark Drive|[silent]\n|\n|-heal|p1b: Sinistcha|84\/100|[from] item: Leftovers\n|upkeep\n|\n|t:|1696550893\n|switch|p2b: Rillaboom|Rillaboom, F|100\/100\n|switch|p1a: Tornadus|Tornadus, M|42\/100\n|-damage|p2b: Rillaboom|88\/100|[from] Stealth Rock\n|-fieldstart|move: Grassy Terrain|[from] ability: Grassy Surge|[of] p2b: Rillaboom\n|turn|6\n|\n|t:|1696550907\n|move|p2b: Rillaboom|Fake Out|p1b: Sinistcha\n|-damage|p1b: Sinistcha|73\/100\n|move|p1a: Tornadus|Tailwind|p1a: Tornadus\n|-sidestart|p1: cr46290|move: Tailwind\n|cant|p1b: Sinistcha|flinch\n|cant|p2a: Volcanion|par\n|\n|-heal|p1b: Sinistcha|79\/100|[from] Grassy Terrain\n|-heal|p1b: Sinistcha|85\/100|[from] item: Leftovers\n|-heal|p2b: Rillaboom|94\/100|[from] Grassy Terrain\n|-heal|p2a: Volcanion|88\/100 par|[from] Grassy Terrain\n|upkeep\n|turn|7\n|\n|t:|1696550928\n|switch|p2b: Flutter Mane|Flutter Mane|100\/100\n|-damage|p2b: Flutter Mane|88\/100|[from] Stealth Rock\n|move|p1a: Tornadus|Protect|p1a: Tornadus\n|-singleturn|p1a: Tornadus|Protect\n|move|p1b: Sinistcha|Hex|p2a: Volcanion\n|-damage|p2a: Volcanion|45\/100 par\n|move|p2a: Volcanion|Steam Eruption|p1a: Tornadus\n|-activate|p1a: Tornadus|move: Protect\n|\n|-heal|p2b: Flutter Mane|94\/100|[from] Grassy Terrain\n|-heal|p1b: Sinistcha|91\/100|[from] Grassy Terrain\n|-heal|p1b: Sinistcha|97\/100|[from] item: Leftovers\n|-heal|p2a: Volcanion|51\/100 par|[from] Grassy Terrain\n|upkeep\n|turn|8\n|\n|t:|1696550958\n|-terastallize|p2b: Flutter Mane|Fairy\n|move|p1a: Tornadus|Bleakwind Storm|p2b: Flutter Mane|[spread] \n|-miss|p1a: Tornadus|p2a: Volcanion\n|-miss|p1a: Tornadus|p2b: Flutter Mane\n|move|p2b: Flutter Mane|Dazzling Gleam|p1a: Tornadus|[spread] p1a,p1b\n|-damage|p1a: Tornadus|0 fnt\n|-damage|p1b: Sinistcha|16\/100\n|faint|p1a: Tornadus\n|move|p1b: Sinistcha|Hex|p2a: Volcanion\n|-damage|p2a: Volcanion|8\/100 par\n|move|p2a: Volcanion|Earth Power|p1b: Sinistcha\n|-damage|p1b: Sinistcha|0 fnt\n|faint|p1b: Sinistcha\n|\n|-heal|p2b: Flutter Mane|99\/100|[from] Grassy Terrain\n|-heal|p2a: Volcanion|14\/100 par|[from] Grassy Terrain\n|upkeep\n|\n|t:|1696550975\n|switch|p1a: Samurott|Samurott-Hisui, F|100\/100\n|turn|9\n|\n|t:|1696550983\n|move|p1a: Samurott|Sucker Punch|p2b: Flutter Mane\n|-resisted|p2b: Flutter Mane\n|-damage|p2b: Flutter Mane|66\/100\n|move|p2b: Flutter Mane|Dazzling Gleam|p1a: Samurott\n|-supereffective|p1a: Samurott\n|-enditem|p1a: Samurott|Focus Sash\n|-damage|p1a: Samurott|1\/100\n|move|p2a: Volcanion|Earth Power|p1a: Samurott\n|-damage|p1a: Samurott|0 fnt\n|faint|p1a: Samurott\n|\n|win|seta0052\n","uploadtime":1696550996,"views":35,"p1id":"cr46290","p2id":"seta0052","formatid":"gen9nationaldexdoubles","rating":0,"private":0,"password":""}