{"id":"gen9nationaldexdoubles-1973784463","p1":"Battlesmudge","p2":"Okto481","format":"[Gen 9] National Dex Doubles","log":"|j|\u2606Battlesmudge\n|j|\u2606Okto481\n|t:|1698013130\n|gametype|doubles\n|player|p1|Battlesmudge|pokemonbreeder-gen4|\n|player|p2|Okto481|dawn|\n|teamsize|p1|6\n|teamsize|p2|6\n|gen|9\n|tier|[Gen 9] National Dex Doubles\n|rule|HP Percentage Mod: HP is shown in percentages\n|rule|Endless Battle Clause: Forcing endless battles is banned\n|rule|OHKO Clause: OHKO moves are banned\n|rule|Evasion Moves Clause: Evasion moves are banned\n|rule|Evasion Abilities Clause: Evasion abilities are banned\n|rule|Species Clause: Limit one of each Pok\u00e9mon\n|rule|Gravity Sleep Clause: The combination of sleep-inducing moves with imperfect accuracy and Gravity or Gigantamax Orbeetle are banned\n|clearpoke\n|poke|p1|Charizard, F|\n|poke|p1|Alomomola, F|\n|poke|p1|Heatran, M|\n|poke|p1|Kommo-o, F|\n|poke|p1|Corviknight, M|\n|poke|p1|Clodsire, F|\n|poke|p2|Tapu Lele|\n|poke|p2|Gardevoir, F|\n|poke|p2|Gallade, M|\n|poke|p2|Indeedee-F, F|\n|poke|p2|Dottler, F|\n|poke|p2|Armarouge, F|\n|teampreview\n|inactive|Battle timer is ON: inactive players will automatically lose when time's up. (requested by Battlesmudge)\n|j| YaBoiCrim\n|j| AdvilPills\n|inactive|Battlesmudge has 270 seconds left.\n|j| omegashenronone\n|\n|t:|1698013168\n|start\n|switch|p1a: Heatran|Heatran, M|100\/100\n|switch|p1b: Charizard|Charizard, F|100\/100\n|switch|p2a: Dottler|Dottler, F|100\/100\n|switch|p2b: Indeedee|Indeedee-F, F|100\/100\n|-fieldstart|move: Psychic Terrain|[from] ability: Psychic Surge|[of] p2b: Indeedee\n|turn|1\n|c| omegashenronone|Dottler is op\n|c|\u2606Battlesmudge|Shoot it didn\u2019t save the updated moveset\n|c| AdvilPills|honestly\n|inactive|Battlesmudge has 270 seconds left.\n|c|\u2606Okto481|get dottlered\n|\n|t:|1698013210\n|detailschange|p1b: Charizard|Charizard-Mega-X, F\n|-mega|p1b: Charizard|Charizard|Charizardite X\n|move|p2b: Indeedee|Follow Me|p2b: Indeedee\n|-singleturn|p2b: Indeedee|move: Follow Me\n|move|p1b: Charizard|Flare Blitz|p2b: Indeedee\n|-damage|p2b: Indeedee|0 fnt\n|faint|p2b: Indeedee\n|-damage|p1b: Charizard|69\/100|[from] Recoil\n|move|p1a: Heatran|Magma Storm|p2a: Dottler\n|-supereffective|p2a: Dottler\n|-damage|p2a: Dottler|0 fnt\n|faint|p2a: Dottler\n|\n|upkeep\n|c| omegashenronone|Dottler will carry the game lol\n|c|\u2606Battlesmudge|?\n|c| omegashenronone|Woho!!\n|c|\u2606Okto481|insert swear of your voice here\n|c|\u2606Okto481|choice\n|inactive|Okto481 has 270 seconds left.\n|\n|t:|1698013252\n|switch|p2b: Gallade|Gallade, M|100\/100\n|switch|p2a: Gardevoir|Gardevoir, F|100\/100\n|-ability|p2a: Gardevoir|Flash Fire|[from] ability: Trace|[of] p1a: Heatran\n|turn|2\n|l| AdvilPills\n|c| YaBoiCrim|anyone have a cool name idea for okto\n|\n|t:|1698013268\n|detailschange|p2a: Gardevoir|Gardevoir-Mega, F\n|-mega|p2a: Gardevoir|Gardevoir|Gardevoirite\n|-terastallize|p1a: Heatran|Grass\n|move|p2a: Gardevoir|Hyper Voice|p1b: Charizard|[spread] p1a,p1b\n|-damage|p1a: Heatran|75\/100\n|-damage|p1b: Charizard|0 fnt\n|faint|p1b: Charizard\n|move|p2b: Gallade|Sacred Sword|p1a: Heatran\n|-damage|p1a: Heatran|0 fnt\n|faint|p1a: Heatran\n|\n|upkeep\n|inactive|Battlesmudge has 270 seconds left.\n|c| YaBoiCrim|bro this is defo gonna be a tough match\n|c|\u2606Battlesmudge|Insert obscenity here\n|c|\u2606Okto481|same\n|c| omegashenronone|Mind breaker Okto ?\n|inactive|Battlesmudge has 240 seconds left.\n|c| omegashenronone|Is that a good title\n|\n|t:|1698013318\n|switch|p1b: Clodsire|Clodsire, F|100\/100\n|switch|p1a: Corviknight|Corviknight, M|100\/100\n|turn|3\n|c|\u2606Okto481|sure\n|c|\u2606Okto481|def a bad tera though\n|c|\u2606Battlesmudge|Ye\n|inactive|Battlesmudge has 240 seconds left.\n|c| omegashenronone|Hey jsyk\n|c|\u2606Battlesmudge|didnt even know garde gets hyper voice\n|\n|t:|1698013352\n|switch|p2b: Armarouge|Armarouge, F|100\/100\n|move|p2a: Gardevoir|Protect|p2a: Gardevoir\n|-singleturn|p2a: Gardevoir|Protect\n|move|p1a: Corviknight|Tailwind|p1a: Corviknight\n|-sidestart|p1: Battlesmudge|move: Tailwind\n|move|p1b: Clodsire|Earthquake|p2b: Armarouge|[spread] p2b\n|-activate|p2a: Gardevoir|move: Protect\n|-immune|p1a: Corviknight\n|-supereffective|p2b: Armarouge\n|-damage|p2b: Armarouge|54\/100\n|-ability|p2b: Armarouge|Weak Armor|boost\n|-unboost|p2b: Armarouge|def|1\n|-boost|p2b: Armarouge|spe|2\n|-enditem|p2b: Armarouge|Weakness Policy\n|-boost|p2b: Armarouge|atk|2|[from] item: Weakness Policy\n|-boost|p2b: Armarouge|spa|2|[from] item: Weakness Policy\n|\n|upkeep\n|turn|4\n|c| omegashenronone|Kommo-o runs its ZMove\n|c|\u2606Okto481|it's gotten it since gen 6 iirc\n|inactive|Battlesmudge has 240 seconds left.\n|c| omegashenronone|A spread attack that gives it an omniboost\n|\n|t:|1698013384\n|move|p2b: Armarouge|Armor Cannon|p1a: Corviknight\n|-supereffective|p1a: Corviknight\n|-damage|p1a: Corviknight|0 fnt\n|-unboost|p2b: Armarouge|def|1\n|-unboost|p2b: Armarouge|spd|1\n|faint|p1a: Corviknight\n|move|p2a: Gardevoir|Expanding Force|p1b: Clodsire\n|-supereffective|p1b: Clodsire\n|-damage|p1b: Clodsire|0 fnt\n|faint|p1b: Clodsire\n|\n|upkeep\n|c|\u2606Okto481|i love being doubles since it makes it so that everyone has to be unoptimal\n|\n|t:|1698013389\n|switch|p1a: Alomomola|Alomomola, F|100\/100\n|switch|p1b: Kommo-o|Kommo-o, F|100\/100\n|turn|5\n|inactive|Battlesmudge has 240 seconds left.\n|c|\u2606Battlesmudge|Gg\n|\n|t:|1698013407\n|move|p1a: Alomomola|Protect|p1a: Alomomola\n|-singleturn|p1a: Alomomola|Protect\n|move|p2b: Armarouge|Wide Guard|p2b: Armarouge\n|-singleturn|p2b: Armarouge|Wide Guard\n|-zpower|p1b: Kommo-o\n|move|p1b: Kommo-o|Clangorous Soulblaze|p2a: Gardevoir|[zeffect]|[spread] p2b\n|-immune|p2a: Gardevoir\n|-zbroken|p2b: Armarouge\n|-damage|p2b: Armarouge|31\/100\n|-boost|p1b: Kommo-o|atk|1\n|-boost|p1b: Kommo-o|def|1\n|-boost|p1b: Kommo-o|spa|1\n|-boost|p1b: Kommo-o|spd|1\n|-boost|p1b: Kommo-o|spe|1\n|move|p2a: Gardevoir|Hyper Voice|p1b: Kommo-o|[spread] p1b\n|-activate|p1a: Alomomola|move: Protect\n|-supereffective|p1b: Kommo-o\n|-damage|p1b: Kommo-o|0 fnt\n|faint|p1b: Kommo-o\n|\n|-fieldend|move: Psychic Terrain\n|upkeep\n|turn|6\n|c| omegashenronone|Your welcome\n|\n|t:|1698013430\n|move|p2b: Armarouge|Expanding Force|p1a: Alomomola\n|-damage|p1a: Alomomola|0 fnt\n|faint|p1a: Alomomola\n|\n|win|Okto481\n|c| omegashenronone|\ud83d\udc4d\n|c|\u2606Okto481|gg\n|c| YaBoiCrim|dang\n|c| YaBoiCrim|6 turns crazy\n|l|\u2606Battlesmudge\n|c|\u2606Okto481|i play offense bc VGC\n","uploadtime":1698013462,"views":8,"p1id":"battlesmudge","p2id":"okto481","formatid":"gen9nationaldexdoubles","rating":0,"private":0,"password":""}