{"id":"gen9nationaldexdoubles-1973254992","p1":"MasterHand","p2":"im timi","format":"[Gen 9] National Dex Doubles","log":"|j|\u2606MasterHand\n|j|\u2606im timi\n|t:|1697944943\n|gametype|doubles\n|player|p1|MasterHand|volkner|1152\n|player|p2|im timi|dragontamer|1205\n|teamsize|p1|6\n|teamsize|p2|6\n|gen|9\n|tier|[Gen 9] National Dex Doubles\n|rated|\n|rule|HP Percentage Mod: HP is shown in percentages\n|rule|Endless Battle Clause: Forcing endless battles is banned\n|rule|OHKO Clause: OHKO moves are banned\n|rule|Evasion Moves Clause: Evasion moves are banned\n|rule|Evasion Abilities Clause: Evasion abilities are banned\n|rule|Species Clause: Limit one of each Pok\u00e9mon\n|rule|Gravity Sleep Clause: The combination of sleep-inducing moves with imperfect accuracy and Gravity or Gigantamax Orbeetle are banned\n|clearpoke\n|poke|p1|Blastoise, F|\n|poke|p1|Linoone, F|\n|poke|p1|Slowbro-Galar, F|\n|poke|p1|Mew|\n|poke|p1|Throh, M|\n|poke|p1|Skeledirge, M|\n|poke|p2|Ninetales-Alola, F|\n|poke|p2|Baxcalibur, M|\n|poke|p2|Chien-Pao|\n|poke|p2|Heatran, M|\n|poke|p2|Walking Wake|\n|poke|p2|Amoonguss, M|\n|teampreview\n|\n|t:|1697944957\n|start\n|switch|p1a: Blastoise|Blastoise, F|100\/100\n|switch|p1b: Slowbro|Slowbro-Galar, F|100\/100\n|switch|p2a: Ninetales|Ninetales-Alola, F, shiny|100\/100\n|switch|p2b: Baxcalibur|Baxcalibur, M|100\/100\n|-weather|Snow|[from] ability: Snow Warning|[of] p2a: Ninetales\n|turn|1\n|\n|t:|1697944967\n|move|p1a: Blastoise|Follow Me|p1a: Blastoise\n|-singleturn|p1a: Blastoise|move: Follow Me\n|move|p2a: Ninetales|Aurora Veil|p2a: Ninetales\n|-sidestart|p2: im timi|move: Aurora Veil\n|move|p2b: Baxcalibur|Scale Shot|p1a: Blastoise\n|-damage|p1a: Blastoise|87\/100\n|-crit|p1a: Blastoise\n|-damage|p1a: Blastoise|67\/100\n|-damage|p1a: Blastoise|54\/100\n|-damage|p1a: Blastoise|41\/100\n|-damage|p1a: Blastoise|26\/100\n|-hitcount|p1a: Blastoise|5\n|-enditem|p1a: Blastoise|Eject Button\n|-unboost|p2b: Baxcalibur|def|1\n|-boost|p2b: Baxcalibur|spe|1\n|\n|t:|1697944970\n|switch|p1a: Throh|Throh, M|100\/100\n|move|p1b: Slowbro|Trick Room|p1b: Slowbro\n|-fieldstart|move: Trick Room|[of] p1b: Slowbro\n|\n|-weather|Snow|[upkeep]\n|upkeep\n|turn|2\n|\n|t:|1697945007\n|switch|p2b: Heatran|Heatran, M, shiny|100\/100\n|-terastallize|p2a: Ninetales|Water\n|move|p1b: Slowbro|Belly Drum|p1b: Slowbro\n|-damage|p1b: Slowbro|50\/100\n|-setboost|p1b: Slowbro|atk|6|[from] move: Belly Drum\n|-enditem|p1b: Slowbro|Sitrus Berry|[eat]\n|-heal|p1b: Slowbro|75\/100|[from] item: Sitrus Berry\n|move|p1a: Throh|Mat Block|p1a: Throh\n|-singleturn|p1a: Throh|Mat Block\n|move|p2a: Ninetales|Blizzard|p1b: Slowbro|[spread] \n|-activate|p1a: Throh|move: Mat Block|Blizzard\n|-activate|p1b: Slowbro|move: Mat Block|Blizzard\n|\n|-weather|Snow|[upkeep]\n|upkeep\n|turn|3\n|\n|t:|1697945036\n|switch|p2a: Amoonguss|Amoonguss, M, shiny|100\/100\n|move|p1b: Slowbro|Drain Punch|p2b: Heatran\n|-supereffective|p2b: Heatran\n|-damage|p2b: Heatran|0 fnt\n|-heal|p1b: Slowbro|100\/100|[from] drain|[of] p2b: Heatran\n|faint|p2b: Heatran\n|move|p1a: Throh|Superpower|p2a: Amoonguss\n|-resisted|p2a: Amoonguss\n|-damage|p2a: Amoonguss|84\/100\n|-unboost|p1a: Throh|atk|1\n|-unboost|p1a: Throh|def|1\n|-enditem|p1a: Throh|Eject Pack\n|\n|t:|1697945057\n|switch|p1a: Blastoise|Blastoise, F|26\/100\n|\n|-weather|Snow|[upkeep]\n|-heal|p2a: Amoonguss|90\/100|[from] item: Leftovers\n|upkeep\n|\n|t:|1697945069\n|switch|p2b: Chien-Pao|Chien-Pao|100\/100\n|-ability|p2b: Chien-Pao|Sword of Ruin\n|turn|4\n|\n|t:|1697945122\n|move|p2a: Amoonguss|Protect|p2a: Amoonguss\n|-singleturn|p2a: Amoonguss|Protect\n|move|p1a: Blastoise|Follow Me|p1a: Blastoise\n|-singleturn|p1a: Blastoise|move: Follow Me\n|move|p2b: Chien-Pao|Sucker Punch||[still]\n|-fail|p2b: Chien-Pao\n|move|p1b: Slowbro|Drain Punch|p2b: Chien-Pao\n|-supereffective|p2b: Chien-Pao\n|-enditem|p2b: Chien-Pao|Focus Sash\n|-damage|p2b: Chien-Pao|1\/100\n|\n|-weather|Snow|[upkeep]\n|-heal|p2a: Amoonguss|97\/100|[from] item: Leftovers\n|upkeep\n|turn|5\n|-activate|p1b: Slowbro|ability: Quick Draw\n|\n|t:|1697945138\n|move|p2a: Amoonguss|Rage Powder|p2a: Amoonguss\n|-singleturn|p2a: Amoonguss|move: Rage Powder\n|move|p1a: Blastoise|Follow Me|p1a: Blastoise\n|-singleturn|p1a: Blastoise|move: Follow Me\n|move|p2b: Chien-Pao|Sucker Punch||[still]\n|-fail|p2b: Chien-Pao\n|move|p1b: Slowbro|Waterfall|p2a: Amoonguss\n|-resisted|p2a: Amoonguss\n|-crit|p2a: Amoonguss\n|-damage|p2a: Amoonguss|11\/100\n|\n|-weather|none\n|-heal|p2a: Amoonguss|17\/100|[from] item: Leftovers\n|-sideend|p2: im timi|move: Aurora Veil\n|-fieldend|move: Trick Room\n|upkeep\n|turn|6\n|-activate|p1b: Slowbro|ability: Quick Draw\n|\n|t:|1697945152\n|move|p1a: Blastoise|Follow Me|p1a: Blastoise\n|-singleturn|p1a: Blastoise|move: Follow Me\n|move|p2a: Amoonguss|Rage Powder|p2a: Amoonguss\n|-singleturn|p2a: Amoonguss|move: Rage Powder\n|move|p1b: Slowbro|Waterfall|p2a: Amoonguss\n|-resisted|p2a: Amoonguss\n|-damage|p2a: Amoonguss|0 fnt\n|faint|p2a: Amoonguss\n|move|p2b: Chien-Pao|Ice Spinner|p1a: Blastoise\n|-resisted|p1a: Blastoise\n|-damage|p1a: Blastoise|3\/100\n|\n|upkeep\n|\n|t:|1697945168\n|switch|p2a: Baxcalibur|Baxcalibur, M|100\/100\n|turn|7\n|\n|t:|1697945179\n|move|p1a: Blastoise|Follow Me|p1a: Blastoise\n|-singleturn|p1a: Blastoise|move: Follow Me\n|move|p2b: Chien-Pao|Ice Spinner|p1a: Blastoise\n|-resisted|p1a: Blastoise\n|-damage|p1a: Blastoise|0 fnt\n|faint|p1a: Blastoise\n|move|p2a: Baxcalibur|Earthquake|p1b: Slowbro|[spread] p2b,p1b\n|-supereffective|p1b: Slowbro\n|-damage|p2b: Chien-Pao|0 fnt\n|-damage|p1b: Slowbro|31\/100\n|faint|p2b: Chien-Pao\n|move|p1b: Slowbro|Trick Room|p1b: Slowbro\n|-fieldstart|move: Trick Room|[of] p1b: Slowbro\n|\n|upkeep\n|-message|im timi forfeited.\n|\n|win|MasterHand\n|raw|MasterHand's rating: 1152 &rarr; <strong>1181<\/strong><br \/>(+29 for winning)\n|raw|im timi's rating: 1205 &rarr; <strong>1176<\/strong><br \/>(-29 for losing)\n|l|\u2606im timi\n","uploadtime":1697945192,"views":14,"p1id":"masterhand","p2id":"imtimi","formatid":"gen9nationaldexdoubles","rating":1176,"private":0,"password":""}