{"id":"gen9nationaldexdoubles-1956713745","p1":"sussyanime","p2":"chaphlagical","format":"[Gen 9] National Dex Doubles","log":"|j|\u2606sussyanime\n|j|\u2606chaphlagical\n|t:|1696139446\n|gametype|doubles\n|player|p1|sussyanime|winona|1000\n|player|p2|chaphlagical|101|1000\n|teamsize|p1|6\n|teamsize|p2|6\n|gen|9\n|tier|[Gen 9] National Dex Doubles\n|rated|\n|rule|HP Percentage Mod: HP is shown in percentages\n|rule|Endless Battle Clause: Forcing endless battles is banned\n|rule|OHKO Clause: OHKO moves are banned\n|rule|Evasion Moves Clause: Evasion moves are banned\n|rule|Evasion Abilities Clause: Evasion abilities are banned\n|rule|Species Clause: Limit one of each Pok\u00e9mon\n|rule|Gravity Sleep Clause: The combination of sleep-inducing moves with imperfect accuracy and Gravity or Gigantamax Orbeetle are banned\n|clearpoke\n|poke|p1|Clodsire, M|\n|poke|p1|Ludicolo, F|\n|poke|p1|Vespiquen, F|\n|poke|p1|Blaziken, M|\n|poke|p1|Jellicent, M|\n|poke|p1|Blacephalon|\n|poke|p2|Gastly, F|\n|poke|p2|Gothita, F|\n|poke|p2|Glimmet, M|\n|poke|p2|Marill, M|\n|poke|p2|Staravia, F|\n|poke|p2|Foongus, M|\n|teampreview\n|c|\u2606sussyanime|Well im dead\n|\n|t:|1696139461\n|start\n|switch|p1a: Ludicolo|Ludicolo, F|100\/100\n|switch|p1b: Clodsire|Clodsire, M|100\/100\n|switch|p2a: Gastly|Gastly, F|100\/100\n|switch|p2b: Staravia|Staravia, F|100\/100\n|-ability|p2b: Staravia|Intimidate|boost\n|-unboost|p1a: Ludicolo|atk|1\n|-unboost|p1b: Clodsire|atk|1\n|turn|1\n|\n|t:|1696139474\n|move|p2b: Staravia|U-turn|p1a: Ludicolo\n|-supereffective|p1a: Ludicolo\n|-damage|p1a: Ludicolo|59\/100\n|\n|t:|1696139477\n|switch|p2b: Gothita|Gothita, F|100\/100|[from] U-turn\n|move|p2a: Gastly|Perish Song|p2a: Gastly\n|-start|p1a: Ludicolo|perish3|[silent]\n|-start|p1b: Clodsire|perish3|[silent]\n|-start|p2a: Gastly|perish3|[silent]\n|-start|p2b: Gothita|perish3|[silent]\n|-fieldactivate|move: Perish Song\n|-zpower|p1a: Ludicolo\n|move|p1a: Ludicolo|Z-Rain Dance|p1a: Ludicolo|[anim]Rain Dance\n|-boost|p1a: Ludicolo|spe|1|[zeffect]\n|-weather|RainDance\n|move|p1b: Clodsire|Spikes|p2b: Gothita\n|-sidestart|p2: chaphlagical|Spikes\n|\n|-weather|RainDance|[upkeep]\n|-start|p1a: Ludicolo|perish3\n|-start|p2a: Gastly|perish3\n|-start|p2b: Gothita|perish3\n|-start|p1b: Clodsire|perish3\n|upkeep\n|turn|2\n|\n|t:|1696139500\n|move|p2a: Gastly|Protect|p2a: Gastly\n|-singleturn|p2a: Gastly|Protect\n|move|p2b: Gothita|Fake Out|p1a: Ludicolo\n|-crit|p1a: Ludicolo\n|-damage|p1a: Ludicolo|54\/100\n|cant|p1a: Ludicolo|flinch\n|move|p1b: Clodsire|Spikes|p2a: Gastly\n|-sidestart|p2: chaphlagical|Spikes\n|\n|-weather|RainDance|[upkeep]\n|-start|p1a: Ludicolo|perish2\n|-start|p2a: Gastly|perish2\n|-start|p2b: Gothita|perish2\n|-start|p1b: Clodsire|perish2\n|upkeep\n|turn|3\n|inactive|Battle timer is ON: inactive players will automatically lose when time's up. (requested by chaphlagical)\n|\n|t:|1696139544\n|switch|p2a: Staravia|Staravia, F|100\/100\n|-ability|p2a: Staravia|Intimidate|boost\n|-unboost|p1a: Ludicolo|atk|1\n|-unboost|p1b: Clodsire|atk|1\n|move|p2b: Gothita|Protect|p2b: Gothita\n|-singleturn|p2b: Gothita|Protect\n|move|p1a: Ludicolo|Surf|p2a: Staravia|[spread] p2a\n|-activate|p2b: Gothita|move: Protect\n|-immune|p1b: Clodsire|[from] ability: Water Absorb\n|-damage|p2a: Staravia|13\/100\n|move|p1b: Clodsire|Sludge Wave|p2b: Gothita|[spread] p1a,p2a\n|-activate|p2b: Gothita|move: Protect\n|-supereffective|p1a: Ludicolo\n|-damage|p1a: Ludicolo|26\/100\n|-damage|p2a: Staravia|0 fnt\n|faint|p2a: Staravia\n|\n|-weather|RainDance|[upkeep]\n|-start|p1a: Ludicolo|perish1\n|-start|p2b: Gothita|perish1\n|-start|p1b: Clodsire|perish1\n|upkeep\n|\n|t:|1696139567\n|switch|p2a: Gastly|Gastly, F|100\/100\n|turn|4\n|\n|t:|1696139584\n|switch|p2b: Foongus|Foongus, M|100\/100\n|-damage|p2b: Foongus|84\/100|[from] Spikes\n|move|p2a: Gastly|Protect|p2a: Gastly\n|-singleturn|p2a: Gastly|Protect\n|move|p1a: Ludicolo|Surf|p2a: Gastly|[spread] p2b\n|-activate|p2a: Gastly|move: Protect\n|-immune|p1b: Clodsire|[from] ability: Water Absorb\n|-resisted|p2b: Foongus\n|-damage|p2b: Foongus|63\/100\n|move|p1b: Clodsire|Toxic Spikes|p2a: Gastly\n|-sidestart|p2: chaphlagical|move: Toxic Spikes\n|\n|-weather|RainDance|[upkeep]\n|-start|p1a: Ludicolo|perish0\n|-start|p1b: Clodsire|perish0\n|faint|p1a: Ludicolo\n|faint|p1b: Clodsire\n|upkeep\n|\n|t:|1696139602\n|switch|p1a: Blacephalon|Blacephalon|100\/100\n|switch|p1b: Jellicent|Jellicent, M|100\/100\n|turn|5\n|\n|t:|1696139612\n|switch|p2b: Glimmet|Glimmet, M|100\/100\n|-damage|p2b: Glimmet|84\/100|[from] Spikes\n|-sideend|p2: chaphlagical|move: Toxic Spikes|[of] p2b: Glimmet\n|move|p2a: Gastly|Perish Song|p2a: Gastly\n|-start|p1a: Blacephalon|perish3|[silent]\n|-start|p1b: Jellicent|perish3|[silent]\n|-start|p2a: Gastly|perish3|[silent]\n|-start|p2b: Glimmet|perish3|[silent]\n|-fieldactivate|move: Perish Song\n|move|p1a: Blacephalon|Psychic|p2b: Glimmet\n|-supereffective|p2b: Glimmet\n|-damage|p2b: Glimmet|0 fnt\n|faint|p2b: Glimmet\n|-ability|p1a: Blacephalon|Beast Boost|boost\n|-boost|p1a: Blacephalon|spa|1\n|move|p1b: Jellicent|Dark Pulse|p2a: Gastly\n|-supereffective|p2a: Gastly\n|-crit|p2a: Gastly\n|-enditem|p2a: Gastly|Focus Sash\n|-damage|p2a: Gastly|1\/100\n|\n|-weather|none\n|-start|p2a: Gastly|perish3\n|-start|p1a: Blacephalon|perish3\n|-start|p1b: Jellicent|perish3\n|upkeep\n|\n|t:|1696139633\n|switch|p2b: Gothita|Gothita, F|100\/100\n|-damage|p2b: Gothita|84\/100|[from] Spikes\n|turn|6\n|\n|t:|1696139653\n|move|p2b: Gothita|Protect|p2b: Gothita\n|-singleturn|p2b: Gothita|Protect\n|move|p2a: Gastly|Destiny Bond|p2a: Gastly\n|-singlemove|p2a: Gastly|Destiny Bond\n|move|p1a: Blacephalon|Psychic|p2a: Gastly\n|-supereffective|p2a: Gastly\n|-damage|p2a: Gastly|0 fnt\n|faint|p2a: Gastly\n|-activate|p2a: Gastly|move: Destiny Bond\n|faint|p1a: Blacephalon\n|move|p1b: Jellicent|Dark Pulse|p2b: Gothita\n|-activate|p2b: Gothita|move: Protect\n|\n|-start|p1b: Jellicent|perish2\n|upkeep\n|\n|t:|1696139669\n|switch|p2a: Foongus|Foongus, M|97\/100\n|switch|p1a: Blaziken|Blaziken, M|100\/100\n|-damage|p2a: Foongus|80\/100|[from] Spikes\n|turn|7\n|\n|t:|1696139698\n|switch|p1b: Vespiquen|Vespiquen, F|100\/100\n|-ability|p1b: Vespiquen|Pressure\n|switch|p2a: Marill|Marill, M|100\/100\n|-damage|p2a: Marill|84\/100|[from] Spikes\n|detailschange|p1a: Blaziken|Blaziken-Mega, M\n|-mega|p1a: Blaziken|Blaziken|Blazikenite\n|-terastallize|p2b: Gothita|Fairy\n|move|p1a: Blaziken|Blaze Kick|p2a: Marill\n|-resisted|p2a: Marill\n|-damage|p2a: Marill|52\/100\n|move|p2b: Gothita|Foul Play|p1a: Blaziken\n|-resisted|p1a: Blaziken\n|-damage|p1a: Blaziken|82\/100\n|\n|-ability|p1a: Blaziken|Speed Boost|boost\n|-boost|p1a: Blaziken|spe|1\n|upkeep\n|turn|8\n|\n|t:|1696139720\n|move|p2b: Gothita|Protect|p2b: Gothita\n|-singleturn|p2b: Gothita|Protect\n|move|p1a: Blaziken|Swords Dance|p1a: Blaziken\n|-boost|p1a: Blaziken|atk|2\n|move|p1b: Vespiquen|Defend Order|p1b: Vespiquen\n|-boost|p1b: Vespiquen|def|1\n|-boost|p1b: Vespiquen|spd|1\n|move|p2a: Marill|Perish Song|p2a: Marill\n|-start|p1a: Blaziken|perish3|[silent]\n|-start|p1b: Vespiquen|perish3|[silent]\n|-start|p2a: Marill|perish3|[silent]\n|-start|p2b: Gothita|perish3|[silent]\n|-fieldactivate|move: Perish Song\n|\n|-start|p1a: Blaziken|perish3\n|-start|p2b: Gothita|perish3\n|-start|p1b: Vespiquen|perish3\n|-start|p2a: Marill|perish3\n|-ability|p1a: Blaziken|Speed Boost|boost\n|-boost|p1a: Blaziken|spe|1\n|upkeep\n|turn|9\n|\n|t:|1696139741\n|move|p1a: Blaziken|Blaze Kick|p2b: Gothita\n|-damage|p2b: Gothita|3\/100\n|move|p2b: Gothita|Foul Play|p1a: Blaziken\n|-resisted|p1a: Blaziken\n|-damage|p1a: Blaziken|44\/100\n|move|p1b: Vespiquen|Tailwind|p1b: Vespiquen\n|-sidestart|p1: sussyanime|move: Tailwind\n|move|p2a: Marill|Knock Off|p1b: Vespiquen\n|-damage|p1b: Vespiquen|95\/100\n|-enditem|p1b: Vespiquen|Focus Band|[from] move: Knock Off|[of] p2a: Marill\n|\n|-start|p1a: Blaziken|perish2\n|-start|p1b: Vespiquen|perish2\n|-start|p2b: Gothita|perish2\n|-start|p2a: Marill|perish2\n|-ability|p1a: Blaziken|Speed Boost|boost\n|-boost|p1a: Blaziken|spe|1\n|upkeep\n|turn|10\n|\n|t:|1696139759\n|move|p2b: Gothita|Protect|p2b: Gothita\n|-singleturn|p2b: Gothita|Protect\n|move|p2a: Marill|Protect|p2a: Marill\n|-singleturn|p2a: Marill|Protect\n|move|p1a: Blaziken|Blaze Kick|p2b: Gothita\n|-activate|p2b: Gothita|move: Protect\n|move|p1b: Vespiquen|Attack Order|p2a: Marill\n|-activate|p2a: Marill|move: Protect\n|\n|-start|p1a: Blaziken|perish1\n|-start|p1b: Vespiquen|perish1\n|-start|p2b: Gothita|perish1\n|-start|p2a: Marill|perish1\n|-ability|p1a: Blaziken|Speed Boost|boost\n|-boost|p1a: Blaziken|spe|1\n|upkeep\n|turn|11\n|\n|t:|1696139779\n|move|p1a: Blaziken|Blaze Kick|p2b: Gothita\n|-damage|p2b: Gothita|0 fnt\n|faint|p2b: Gothita\n|move|p1b: Vespiquen|Attack Order|p2a: Marill\n|-resisted|p2a: Marill\n|-damage|p2a: Marill|34\/100\n|-enditem|p2a: Marill|Sitrus Berry|[eat]\n|-heal|p2a: Marill|59\/100|[from] item: Sitrus Berry\n|move|p2a: Marill|Liquidation|p1a: Blaziken\n|-supereffective|p1a: Blaziken\n|-damage|p1a: Blaziken|20\/100\n|\n|-start|p1a: Blaziken|perish0\n|-start|p1b: Vespiquen|perish0\n|-start|p2a: Marill|perish0\n|faint|p1a: Blaziken\n|faint|p1b: Vespiquen\n|faint|p2a: Marill\n|upkeep\n|c|\u2606sussyanime|1v1\n|\n|t:|1696139794\n|switch|p1a: Jellicent|Jellicent, M|100\/100\n|switch|p2b: Foongus|Foongus, M|100\/100\n|-damage|p2b: Foongus|84\/100|[from] Spikes\n|turn|12\n|\n|t:|1696139806\n|move|p1a: Jellicent|Will-O-Wisp|p2b: Foongus|[miss]\n|-miss|p1a: Jellicent|p2b: Foongus\n|move|p2b: Foongus|Spore|p1a: Jellicent\n|-status|p1a: Jellicent|slp|[from] move: Spore\n|\n|-sideend|p1: sussyanime|move: Tailwind\n|upkeep\n|turn|13\n|\n|t:|1696139815\n|cant|p1a: Jellicent|slp\n|move|p2b: Foongus|Leaf Storm|p1a: Jellicent\n|-supereffective|p1a: Jellicent\n|-damage|p1a: Jellicent|56\/100 slp\n|-unboost|p2b: Foongus|spa|2\n|\n|upkeep\n|turn|14\n|c|\u2606sussyanime|Really bro really \ud83d\ude15\n|\n|t:|1696139829\n|cant|p1a: Jellicent|slp\n|move|p2b: Foongus|Leaf Storm|p1a: Jellicent\n|-supereffective|p1a: Jellicent\n|-damage|p1a: Jellicent|32\/100 slp\n|-unboost|p2b: Foongus|spa|2\n|\n|upkeep\n|turn|15\n|\n|t:|1696139837\n|-curestatus|p1a: Jellicent|slp|[msg]\n|move|p1a: Jellicent|Recover|p1a: Jellicent\n|-heal|p1a: Jellicent|82\/100\n|move|p2b: Foongus|Leaf Storm|p1a: Jellicent\n|-supereffective|p1a: Jellicent\n|-damage|p1a: Jellicent|67\/100\n|-unboost|p2b: Foongus|spa|2\n|\n|upkeep\n|turn|16\n|\n|t:|1696139847\n|move|p1a: Jellicent|Will-O-Wisp|p2b: Foongus\n|-status|p2b: Foongus|brn\n|move|p2b: Foongus|Spore|p1a: Jellicent\n|-status|p1a: Jellicent|slp|[from] move: Spore\n|\n|-damage|p2b: Foongus|78\/100 brn|[from] brn\n|upkeep\n|turn|17\n|\n|t:|1696139861\n|cant|p1a: Jellicent|slp\n|move|p2b: Foongus|Leaf Storm|p1a: Jellicent\n|-supereffective|p1a: Jellicent\n|-damage|p1a: Jellicent|55\/100 slp\n|\n|-damage|p2b: Foongus|72\/100 brn|[from] brn\n|upkeep\n|turn|18\n|\n|t:|1696139869\n|cant|p1a: Jellicent|slp\n|move|p2b: Foongus|Leaf Storm|p1a: Jellicent\n|-supereffective|p1a: Jellicent\n|-damage|p1a: Jellicent|45\/100 slp\n|\n|-damage|p2b: Foongus|65\/100 brn|[from] brn\n|upkeep\n|turn|19\n|c|\u2606sussyanime|Ggs\n|\n|t:|1696139882\n|-curestatus|p1a: Jellicent|slp|[msg]\n|move|p1a: Jellicent|Recover|p1a: Jellicent\n|-heal|p1a: Jellicent|95\/100\n|move|p2b: Foongus|Leaf Storm|p1a: Jellicent\n|-supereffective|p1a: Jellicent\n|-damage|p1a: Jellicent|84\/100\n|\n|-damage|p2b: Foongus|59\/100 brn|[from] brn\n|upkeep\n|turn|20\n|\n|t:|1696139905\n|move|p1a: Jellicent|Dark Pulse|p2b: Foongus\n|-damage|p2b: Foongus|34\/100 brn\n|move|p2b: Foongus|Spore|p1a: Jellicent\n|-status|p1a: Jellicent|slp|[from] move: Spore\n|\n|-damage|p2b: Foongus|28\/100 brn|[from] brn\n|upkeep\n|turn|21\n|\n|t:|1696139913\n|cant|p1a: Jellicent|slp\n|move|p2b: Foongus|Leaf Storm|p1a: Jellicent\n|-supereffective|p1a: Jellicent\n|-damage|p1a: Jellicent|72\/100 slp\n|\n|-damage|p2b: Foongus|22\/100 brn|[from] brn\n|upkeep\n|turn|22\n|-message|chaphlagical forfeited.\n|\n|win|sussyanime\n|raw|sussyanime's rating: 1000 &rarr; <strong>1040<\/strong><br \/>(+40 for winning)\n|raw|chaphlagical's rating: 1000 &rarr; <strong>1000<\/strong><br \/>(+0 for losing)\n|l|\u2606chaphlagical\n|j|\u2606chaphlagical\n|player|p2|chaphlagical|101\n","uploadtime":1696139927,"views":8,"p1id":"sussyanime","p2id":"chaphlagical","formatid":"gen9nationaldexdoubles","rating":1000,"private":0,"password":""}