{"id":"gen9nationaldexdoubles-1962789226","p1":"Zera & Lucy","p2":"georgexiii","format":"[Gen 9] National Dex Doubles","log":"|j|\u2606Zera & Lucy\n|j|\u2606georgexiii\n|t:|1696792355\n|gametype|doubles\n|player|p1|Zera & Lucy|cynthia|1209\n|player|p2|georgexiii|schoolgirl|1116\n|teamsize|p1|6\n|teamsize|p2|6\n|gen|9\n|tier|[Gen 9] National Dex Doubles\n|rated|\n|rule|HP Percentage Mod: HP is shown in percentages\n|rule|Endless Battle Clause: Forcing endless battles is banned\n|rule|OHKO Clause: OHKO moves are banned\n|rule|Evasion Moves Clause: Evasion moves are banned\n|rule|Evasion Abilities Clause: Evasion abilities are banned\n|rule|Species Clause: Limit one of each Pok\u00e9mon\n|rule|Gravity Sleep Clause: The combination of sleep-inducing moves with imperfect accuracy and Gravity or Gigantamax Orbeetle are banned\n|clearpoke\n|poke|p1|Indeedee, M|\n|poke|p1|Espeon, F|\n|poke|p1|Amoonguss, F|\n|poke|p1|Goodra-Hisui, F|\n|poke|p1|Sinistcha-Masterpiece|\n|poke|p1|Alakazam, M|\n|poke|p2|Ribombee, F|\n|poke|p2|Oricorio-Pom-Pom, F|\n|poke|p2|Clefable, F|\n|poke|p2|Primarina, M|\n|poke|p2|Chandelure, F|\n|poke|p2|Lopunny, F|\n|teampreview\n|inactive|Battle timer is ON: inactive players will automatically lose when time's up. (requested by Zera & Lucy)\n|\n|t:|1696792377\n|start\n|switch|p1a: Goodra|Goodra-Hisui, F|100\/100\n|switch|p1b: Amoonguss|Amoonguss, F|100\/100\n|switch|p2a: Ribombee|Ribombee, F, shiny|100\/100\n|switch|p2b: Oricorio|Oricorio-Pom-Pom, F, shiny|100\/100\n|turn|1\n|\n|t:|1696792400\n|move|p2a: Ribombee|Quiver Dance|p2a: Ribombee\n|-boost|p2a: Ribombee|spa|1\n|-boost|p2a: Ribombee|spd|1\n|-boost|p2a: Ribombee|spe|1\n|-activate|p2b: Oricorio|ability: Dancer\n|move|p2b: Oricorio|Quiver Dance|p2b: Oricorio|[from]ability: Dancer\n|-boost|p2b: Oricorio|spa|1\n|-boost|p2b: Oricorio|spd|1\n|-boost|p2b: Oricorio|spe|1\n|move|p2b: Oricorio|Icy Wind|p1a: Goodra|[spread] p1a,p1b\n|-supereffective|p1b: Amoonguss\n|-damage|p1a: Goodra|92\/100\n|-damage|p1b: Amoonguss|80\/100\n|-unboost|p1a: Goodra|spe|1\n|-unboost|p1b: Amoonguss|spe|1\n|move|p1a: Goodra|Curse|p1a: Goodra\n|-unboost|p1a: Goodra|spe|1\n|-boost|p1a: Goodra|atk|1\n|-boost|p1a: Goodra|def|1\n|move|p1b: Amoonguss|Spore|p2a: Ribombee\n|-block|p2a: Ribombee|ability: Sweet Veil|[of] p2a: Ribombee\n|\n|-heal|p1b: Amoonguss|86\/100|[from] item: Leftovers\n|upkeep\n|turn|2\n|inactive|georgexiii has 120 seconds left.\n|\n|t:|1696792447\n|move|p2a: Ribombee|Quiver Dance|p2a: Ribombee\n|-boost|p2a: Ribombee|spa|1\n|-boost|p2a: Ribombee|spd|1\n|-boost|p2a: Ribombee|spe|1\n|-activate|p2b: Oricorio|ability: Dancer\n|move|p2b: Oricorio|Quiver Dance|p2b: Oricorio|[from]ability: Dancer\n|-boost|p2b: Oricorio|spa|1\n|-boost|p2b: Oricorio|spd|1\n|-boost|p2b: Oricorio|spe|1\n|move|p2b: Oricorio|Icy Wind|p1a: Goodra|[spread] p1b\n|-miss|p2b: Oricorio|p1a: Goodra\n|-supereffective|p1b: Amoonguss\n|-damage|p1b: Amoonguss|56\/100\n|-unboost|p1b: Amoonguss|spe|1\n|move|p1a: Goodra|Curse|p1a: Goodra\n|-unboost|p1a: Goodra|spe|1\n|-boost|p1a: Goodra|atk|1\n|-boost|p1a: Goodra|def|1\n|move|p1b: Amoonguss|Spore|p2b: Oricorio\n|-block|p2b: Oricorio|ability: Sweet Veil|[of] p2a: Ribombee\n|\n|-heal|p1b: Amoonguss|62\/100|[from] item: Leftovers\n|upkeep\n|turn|3\n|inactive|georgexiii has 120 seconds left.\n|\n|t:|1696792472\n|move|p2a: Ribombee|Moonblast|p1a: Goodra\n|-damage|p1a: Goodra|19\/100\n|-damage|p2a: Ribombee|91\/100|[from] item: Life Orb\n|move|p2b: Oricorio|Substitute|p2b: Oricorio\n|-start|p2b: Oricorio|Substitute\n|-damage|p2b: Oricorio|76\/100\n|move|p1b: Amoonguss|Rest|p1b: Amoonguss\n|-status|p1b: Amoonguss|slp|[from] move: Rest\n|-heal|p1b: Amoonguss|100\/100 slp|[silent]\n|move|p1a: Goodra|Gyro Ball|p2a: Ribombee\n|-supereffective|p2a: Ribombee\n|-damage|p2a: Ribombee|0 fnt\n|faint|p2a: Ribombee\n|\n|-heal|p2b: Oricorio|82\/100|[from] item: Leftovers\n|upkeep\n|\n|t:|1696792488\n|switch|p2a: Primarina|Primarina, M, shiny|100\/100\n|turn|4\n|inactive|georgexiii has 120 seconds left.\n|\n|t:|1696792503\n|move|p2b: Oricorio|Quiver Dance|p2b: Oricorio\n|-boost|p2b: Oricorio|spa|1\n|-boost|p2b: Oricorio|spd|1\n|-boost|p2b: Oricorio|spe|1\n|move|p2a: Primarina|Scald|p1a: Goodra\n|-resisted|p1a: Goodra\n|-damage|p1a: Goodra|6\/100\n|cant|p1b: Amoonguss|slp\n|move|p1b: Amoonguss|Sleep Talk|p1b: Amoonguss\n|move|p1b: Amoonguss|Spore||[from]move: Sleep Talk|[still]\n|-fail|p1b: Amoonguss\n|move|p1a: Goodra|Gyro Ball|p2a: Primarina\n|-damage|p2a: Primarina|0 fnt\n|faint|p2a: Primarina\n|\n|-heal|p2b: Oricorio|88\/100|[from] item: Leftovers\n|upkeep\n|\n|t:|1696792518\n|switch|p2a: Lopunny|Lopunny, F, shiny|100\/100\n|turn|5\n|inactive|georgexiii has 120 seconds left.\n|\n|t:|1696792530\n|move|p2a: Lopunny|Fake Out|p1a: Goodra\n|-resisted|p1a: Goodra\n|-crit|p1a: Goodra\n|-damage|p1a: Goodra|0 fnt\n|-damage|p2a: Lopunny|84\/100|[from] item: Rocky Helmet|[of] p1a: Goodra\n|-ability|p1a: Goodra|Gooey\n|-unboost|p2a: Lopunny|spe|1\n|faint|p1a: Goodra\n|move|p2b: Oricorio|Revelation Dance|p1b: Amoonguss\n|-resisted|p1b: Amoonguss\n|-damage|p1b: Amoonguss|70\/100 slp\n|cant|p1b: Amoonguss|slp\n|move|p1b: Amoonguss|Sleep Talk|p1b: Amoonguss\n|move|p1b: Amoonguss|Rest||[from]move: Sleep Talk|[still]\n|-fail|p1b: Amoonguss\n|\n|-heal|p2b: Oricorio|94\/100|[from] item: Leftovers\n|-heal|p1b: Amoonguss|76\/100 slp|[from] item: Leftovers\n|upkeep\n|\n|t:|1696792536\n|switch|p1a: Sinistcha|Sinistcha-Masterpiece|100\/100\n|-heal|p1b: Amoonguss|100\/100 slp|[from] ability: Hospitality|[of] p1a: Sinistcha\n|turn|6\n|\n|t:|1696792551\n|switch|p2a: Chandelure|Chandelure, F|100\/100\n|move|p2b: Oricorio|Icy Wind|p1b: Amoonguss|[spread] p1a,p1b\n|-supereffective|p1a: Sinistcha\n|-supereffective|p1b: Amoonguss\n|-damage|p1a: Sinistcha|46\/100\n|-damage|p1b: Amoonguss|67\/100 slp\n|-unboost|p1a: Sinistcha|spe|1\n|-unboost|p1b: Amoonguss|spe|1\n|move|p1a: Sinistcha|Matcha Gotcha|p2b: Oricorio|[spread] p2a,p2b\n|-resisted|p2b: Oricorio\n|-activate|p2b: Oricorio|move: Substitute|[damage]\n|-heal|p1a: Sinistcha|50\/100|[from] drain|[of] p2b: Oricorio\n|-resisted|p2a: Chandelure\n|-damage|p2a: Chandelure|78\/100\n|-heal|p1a: Sinistcha|59\/100|[from] drain|[of] p2a: Chandelure\n|-curestatus|p1b: Amoonguss|slp|[msg]\n|move|p1b: Amoonguss|Sleep Talk||[still]\n|-fail|p1b: Amoonguss\n|\n|-heal|p2b: Oricorio|100\/100|[from] item: Leftovers\n|-heal|p1a: Sinistcha|65\/100|[from] item: Leftovers\n|-heal|p1b: Amoonguss|73\/100|[from] item: Leftovers\n|upkeep\n|turn|7\n|\n|t:|1696792577\n|switch|p1a: Indeedee|Indeedee, M|100\/100\n|-fieldstart|move: Psychic Terrain|[from] ability: Psychic Surge|[of] p1a: Indeedee\n|move|p2b: Oricorio|Icy Wind|p1b: Amoonguss|[spread] p1a,p1b\n|-supereffective|p1b: Amoonguss\n|-damage|p1a: Indeedee|68\/100\n|-damage|p1b: Amoonguss|41\/100\n|-unboost|p1a: Indeedee|spe|1\n|-unboost|p1b: Amoonguss|spe|1\n|move|p2a: Chandelure|Calm Mind|p2a: Chandelure\n|-boost|p2a: Chandelure|spa|1\n|-boost|p2a: Chandelure|spd|1\n|move|p1b: Amoonguss|Rest|p1b: Amoonguss\n|-status|p1b: Amoonguss|slp|[from] move: Rest\n|-heal|p1b: Amoonguss|100\/100 slp|[silent]\n|\n|upkeep\n|turn|8\n|\n|t:|1696792604\n|move|p2b: Oricorio|Icy Wind|p1a: Indeedee|[spread] p1a,p1b\n|-supereffective|p1b: Amoonguss\n|-damage|p1a: Indeedee|37\/100\n|-damage|p1b: Amoonguss|63\/100 slp\n|-unboost|p1a: Indeedee|spe|1\n|-unboost|p1b: Amoonguss|spe|1\n|move|p2a: Chandelure|Shadow Ball|p1a: Indeedee\n|-immune|p1a: Indeedee\n|move|p1a: Indeedee|Expanding Force|p2b: Oricorio|[spread] p2a,p2b\n|-end|p2b: Oricorio|Substitute\n|-crit|p2a: Chandelure\n|-damage|p2a: Chandelure|0 fnt\n|faint|p2a: Chandelure\n|cant|p1b: Amoonguss|slp\n|\n|-heal|p1b: Amoonguss|69\/100 slp|[from] item: Leftovers\n|upkeep\n|c|\u2606georgexiii|I promise you that was a misclick\n|inactive|georgexiii has 120 seconds left.\n|c|\u2606georgexiii|im not stupid U HAVE TO BELIEVE ME \ud83d\ude2d\ud83d\ude2d\n|\n|t:|1696792647\n|switch|p2a: Clefable|Clefable, F|100\/100\n|turn|9\n|inactive|georgexiii has 120 seconds left.\n|\n|t:|1696792659\n|move|p2b: Oricorio|Revelation Dance|p1a: Indeedee\n|-damage|p1a: Indeedee|0 fnt\n|faint|p1a: Indeedee\n|move|p2a: Clefable|Skill Swap|p2b: Oricorio\n|-activate|p2a: Clefable|move: Skill Swap|||[of] p2b: Oricorio\n|cant|p1b: Amoonguss|slp\n|move|p1b: Amoonguss|Sleep Talk|p1b: Amoonguss\n|move|p1b: Amoonguss|Rest||[from]move: Sleep Talk|[still]\n|-fail|p1b: Amoonguss\n|\n|-heal|p1b: Amoonguss|75\/100 slp|[from] item: Leftovers\n|upkeep\n|\n|t:|1696792664\n|switch|p1a: Alakazam|Alakazam, M|100\/100\n|turn|10\n|\n|t:|1696792682\n|detailschange|p1a: Alakazam|Alakazam-Mega, M\n|-mega|p1a: Alakazam|Alakazam|Alakazite\n|-ability|p1a: Alakazam|Magic Guard|[from] ability: Trace|[of] p2b: Oricorio\n|move|p2a: Clefable|Follow Me|p2a: Clefable\n|-singleturn|p2a: Clefable|move: Follow Me\n|-curestatus|p1b: Amoonguss|slp|[msg]\n|move|p1b: Amoonguss|Rage Powder|p1b: Amoonguss\n|-singleturn|p1b: Amoonguss|move: Rage Powder\n|move|p2b: Oricorio|Substitute|p2b: Oricorio\n|-start|p2b: Oricorio|Substitute\n|-damage|p2b: Oricorio|76\/100\n|move|p1a: Alakazam|Expanding Force|p2a: Clefable|[spread] p2a,p2b\n|-end|p2b: Oricorio|Substitute\n|-damage|p2a: Clefable|40\/100\n|\n|-heal|p2b: Oricorio|82\/100|[from] item: Leftovers\n|-heal|p1b: Amoonguss|81\/100|[from] item: Leftovers\n|upkeep\n|turn|11\n|c|\u2606Zera & Lucy|Hahahaha\n|c|\u2606Zera & Lucy|Sure.\n|inactive|Zera & Lucy has 120 seconds left.\n|\n|t:|1696792712\n|move|p2b: Oricorio|Revelation Dance|p1a: Alakazam\n|-damage|p1a: Alakazam|7\/100\n|-activate|p2a: Clefable|ability: Dancer\n|move|p2a: Clefable|Revelation Dance|p1a: Alakazam|[from]ability: Dancer\n|-damage|p1a: Alakazam|0 fnt\n|faint|p1a: Alakazam\n|move|p2a: Clefable|Wish|p2a: Clefable\n|move|p1b: Amoonguss|Spore|p2b: Oricorio\n|-status|p2b: Oricorio|slp|[from] move: Spore\n|\n|-heal|p2b: Oricorio|88\/100 slp|[from] item: Leftovers\n|-heal|p1b: Amoonguss|88\/100|[from] item: Leftovers\n|upkeep\n|inactive|Zera & Lucy has 120 seconds left.\n|\n|t:|1696792722\n|switch|p1a: Espeon|Espeon, F|100\/100\n|turn|12\n|\n|t:|1696792748\n|-terastallize|p1a: Espeon|Psychic\n|move|p2a: Clefable|Follow Me|p2a: Clefable\n|-singleturn|p2a: Clefable|move: Follow Me\n|move|p1b: Amoonguss|Rage Powder|p1b: Amoonguss\n|-singleturn|p1b: Amoonguss|move: Rage Powder\n|cant|p2b: Oricorio|slp\n|move|p1a: Espeon|Expanding Force|p2b: Oricorio|[spread] p2a,p2b\n|-damage|p2a: Clefable|0 fnt\n|-damage|p2b: Oricorio|21\/100 slp\n|faint|p2a: Clefable\n|\n|-heal|p2b: Oricorio|27\/100 slp|[from] item: Leftovers\n|-heal|p1b: Amoonguss|94\/100|[from] item: Leftovers\n|upkeep\n|\n|t:|1696792758\n|switch|p2a: Lopunny|Lopunny, F, shiny|84\/100\n|turn|13\n|\n|t:|1696792780\n|detailschange|p2a: Lopunny|Lopunny-Mega, F, shiny\n|-mega|p2a: Lopunny|Lopunny|Lopunnite\n|move|p1b: Amoonguss|Rage Powder|p1b: Amoonguss\n|-singleturn|p1b: Amoonguss|move: Rage Powder\n|-curestatus|p2b: Oricorio|slp|[msg]\n|move|p2b: Oricorio|Icy Wind|p1a: Espeon|[spread] p1a,p1b\n|-supereffective|p1b: Amoonguss\n|-damage|p1a: Espeon|69\/100\n|-damage|p1b: Amoonguss|56\/100\n|-unboost|p1a: Espeon|spe|1\n|-unboost|p1b: Amoonguss|spe|1\n|move|p2a: Lopunny|Heal Bell||[still]\n|-activate|p2a: Lopunny|move: Heal Bell\n|-fail|p2a: Lopunny\n|move|p1a: Espeon|Expanding Force|p2a: Lopunny|[spread] p2a,p2b\n|-supereffective|p2a: Lopunny\n|-crit|p2a: Lopunny\n|-damage|p2a: Lopunny|0 fnt\n|-damage|p2b: Oricorio|0 fnt\n|faint|p2a: Lopunny\n|faint|p2b: Oricorio\n|\n|win|Zera & Lucy\n|raw|Zera &amp; Lucy's rating: 1209 &rarr; <strong>1227<\/strong><br \/>(+18 for winning)\n|raw|georgexiii's rating: 1116 &rarr; <strong>1098<\/strong><br \/>(-18 for losing)\n|c|\u2606georgexiii|Gg\n|l|\u2606georgexiii\n","uploadtime":1696792801,"views":12,"p1id":"zeralucy","p2id":"georgexiii","formatid":"gen9nationaldexdoubles","rating":1098,"private":0,"password":""}