{"id":"gen9nationaldexdoubles-1992941562","p1":"geomtrydash","p2":"Kaick1478","format":"[Gen 9] National Dex Doubles","log":"|j|\u2606geomtrydash\n|j|\u2606Kaick1478\n|t:|1700248802\n|gametype|doubles\n|player|p1|geomtrydash|palmer|1052\n|player|p2|Kaick1478|schoolkid-gen4|1000\n|teamsize|p1|6\n|teamsize|p2|4\n|gen|9\n|tier|[Gen 9] National Dex Doubles\n|rated|\n|rule|HP Percentage Mod: HP is shown in percentages\n|rule|Endless Battle Clause: Forcing endless battles is banned\n|rule|OHKO Clause: OHKO moves are banned\n|rule|Evasion Moves Clause: Evasion moves are banned\n|rule|Evasion Abilities Clause: Evasion abilities are banned\n|rule|Species Clause: Limit one of each Pok\u00e9mon\n|rule|Gravity Sleep Clause: The combination of sleep-inducing moves with imperfect accuracy and Gravity or Gigantamax Orbeetle are banned\n|clearpoke\n|poke|p1|Vaporeon, F|\n|poke|p1|Charizard, M|\n|poke|p1|Donphan, M|\n|poke|p1|Torterra, M|\n|poke|p1|Aggron, M|\n|poke|p1|Toxtricity, M|\n|poke|p2|Raichu, F|\n|poke|p2|Manectric, F|\n|poke|p2|Tatsugiri-Stretchy, F|\n|poke|p2|Volcanion|\n|teampreview\n|inactive|Battle timer is ON: inactive players will automatically lose when time's up. (requested by geomtrydash)\n|inactive|Kaick1478 also wants the timer to be on.\n|c|\u2606geomtrydash|glhf\n|c|\u2606geomtrydash|???\n|c|\u2606geomtrydash|what is this?\n|inactive|Kaick1478 has 120 seconds left.\n|c|\u2606geomtrydash|what is that team?\n|inactive|Kaick1478 has 90 seconds left.\n|\n|t:|1700248870\n|start\n|switch|p1a: Vaper|Vaporeon, F|100\/100\n|switch|p1b: Chari|Charizard, M|100\/100\n|switch|p2a: Manectric|Manectric, F|100\/100\n|switch|p2b: Raichu|Raichu, F|100\/100\n|turn|1\n|\n|t:|1700248889\n|detailschange|p1b: Chari|Charizard-Mega-X, M\n|-mega|p1b: Chari|Charizard|Charizardite X\n|move|p2b: Raichu|Discharge|p1a: Vaper|[spread] p1a,p1b\n|-ability|p2a: Manectric|Lightning Rod|boost\n|-boost|p2a: Manectric|spa|1\n|-supereffective|p1a: Vaper\n|-resisted|p1b: Chari\n|-damage|p1a: Vaper|75\/100\n|-damage|p1b: Chari|84\/100\n|-status|p1b: Chari|par\n|move|p2a: Manectric|Discharge|p1b: Chari|[spread] p1a,p1b\n|-ability|p2b: Raichu|Lightning Rod|boost\n|-boost|p2b: Raichu|spa|1\n|-supereffective|p1a: Vaper\n|-resisted|p1b: Chari\n|-damage|p1a: Vaper|33\/100\n|-damage|p1b: Chari|58\/100 par\n|move|p1a: Vaper|Ice Beam|p2b: Raichu\n|-damage|p2b: Raichu|50\/100\n|move|p1b: Chari|Dragon Claw|p2a: Manectric\n|-damage|p2a: Manectric|8\/100\n|\n|upkeep\n|turn|2\n|inactive|geomtrydash has 120 seconds left.\n|c|\u2606geomtrydash|oh shoot\n|\n|t:|1700248942\n|move|p2b: Raichu|Discharge|p1b: Chari|[spread] p1a,p1b\n|-ability|p2a: Manectric|Lightning Rod|boost\n|-boost|p2a: Manectric|spa|1\n|-supereffective|p1a: Vaper\n|-resisted|p1b: Chari\n|-damage|p1a: Vaper|0 fnt\n|-damage|p1b: Chari|36\/100 par\n|faint|p1a: Vaper\n|move|p2a: Manectric|Discharge|p1b: Chari|[spread] p1b\n|-ability|p2b: Raichu|Lightning Rod|boost\n|-boost|p2b: Raichu|spa|1\n|-resisted|p1b: Chari\n|-damage|p1b: Chari|0 fnt\n|faint|p1b: Chari\n|\n|upkeep\n|inactive|geomtrydash has 90 seconds left.\n|\n|t:|1700248965\n|switch|p1b: Terry|Torterra, M|100\/100\n|switch|p1a: Rolly|Donphan, M|100\/100\n|turn|3\n|\n|t:|1700248984\n|switch|p2b: Volcanion|Volcanion|100\/100\n|switch|p2a: Tatsugiri|Tatsugiri-Stretchy, F|100\/100\n|move|p1b: Terry|Seed Bomb|p2a: Tatsugiri\n|-damage|p2a: Tatsugiri|26\/100\n|move|p1a: Rolly|Gunk Shot|p2b: Volcanion\n|-damage|p2b: Volcanion|69\/100\n|\n|-heal|p2b: Volcanion|75\/100|[from] item: Leftovers\n|upkeep\n|turn|4\n|inactive|geomtrydash has 120 seconds left.\n|\n|t:|1700249011\n|move|p2a: Tatsugiri|Surf|p1b: Terry|[spread] p1a,p1b\n|-heal|p2b: Volcanion|99\/100|[from] ability: Water Absorb|[of] p2a: Tatsugiri\n|-supereffective|p1a: Rolly\n|-damage|p1a: Rolly|10\/100\n|-damage|p1b: Terry|66\/100\n|move|p2b: Volcanion|Scald|p2a: Tatsugiri\n|-ability|p2a: Tatsugiri|Storm Drain|boost\n|-boost|p2a: Tatsugiri|spa|1\n|move|p1b: Terry|Seed Bomb|p2a: Tatsugiri\n|-damage|p2a: Tatsugiri|0 fnt\n|faint|p2a: Tatsugiri\n|move|p1a: Rolly|Gunk Shot|p2b: Volcanion|[miss]\n|-miss|p1a: Rolly|p2b: Volcanion\n|\n|-heal|p2b: Volcanion|100\/100|[from] item: Leftovers\n|-heal|p1b: Terry|72\/100|[from] item: Leftovers\n|upkeep\n|inactive|Kaick1478 has 120 seconds left.\n|\n|t:|1700249025\n|switch|p2a: Manectric|Manectric, F|8\/100\n|turn|5\n|inactive|geomtrydash has 120 seconds left.\n|\n|t:|1700249057\n|move|p2a: Manectric|Hyper Voice|p1b: Terry|[spread] p1a,p1b\n|-damage|p1a: Rolly|0 fnt\n|-damage|p1b: Terry|54\/100\n|faint|p1a: Rolly\n|move|p2b: Volcanion|Hydro Pump|p1b: Terry\n|-damage|p1b: Terry|0 fnt\n|faint|p1b: Terry\n|\n|upkeep\n|\n|t:|1700249061\n|switch|p1b: Toxy|Toxtricity, M|100\/100\n|switch|p1a: Aggy|Aggron, M|100\/100\n|turn|6\n|inactive|geomtrydash has 120 seconds left.\n|inactive|geomtrydash has 90 seconds left.\n|\n|t:|1700249109\n|-terastallize|p1b: Toxy|Normal\n|move|p2a: Manectric|Hyper Voice|p1b: Toxy|[spread] p1a,p1b\n|-resisted|p1a: Aggy\n|-damage|p1a: Aggy|96\/100\n|-damage|p1b: Toxy|86\/100\n|move|p1b: Toxy|Overdrive|p2a: Manectric|[spread] p2b\n|-ability|p2a: Manectric|Lightning Rod|boost\n|-boost|p2a: Manectric|spa|1\n|-supereffective|p2b: Volcanion\n|-damage|p2b: Volcanion|16\/100\n|-enditem|p1b: Toxy|Throat Spray\n|-boost|p1b: Toxy|spa|1|[from] item: Throat Spray\n|move|p2b: Volcanion|Flamethrower|p1a: Aggy\n|-damage|p1a: Aggy|43\/100\n|move|p1a: Aggy|Head Smash|p2a: Manectric\n|-damage|p2a: Manectric|0 fnt\n|faint|p2a: Manectric\n|\n|-heal|p2b: Volcanion|22\/100|[from] item: Leftovers\n|upkeep\n|inactive|Kaick1478 has 120 seconds left.\n|\n|t:|1700249129\n|switch|p2a: Raichu|Raichu, F|50\/100\n|turn|7\n|inactive|geomtrydash has 90 seconds left.\n|\n|t:|1700249170\n|move|p2a: Raichu|Surf|p1a: Aggy|[spread] p1a,p1b\n|-heal|p2b: Volcanion|47\/100|[from] ability: Water Absorb|[of] p2a: Raichu\n|-supereffective|p1a: Aggy\n|-damage|p1a: Aggy|8\/100\n|-damage|p1b: Toxy|63\/100\n|move|p1b: Toxy|Overdrive|p2b: Volcanion|[spread] p2b\n|-ability|p2a: Raichu|Lightning Rod|boost\n|-boost|p2a: Raichu|spa|1\n|-supereffective|p2b: Volcanion\n|-damage|p2b: Volcanion|0 fnt\n|faint|p2b: Volcanion\n|move|p1a: Aggy|Head Smash|p2a: Raichu\n|-damage|p2a: Raichu|0 fnt\n|faint|p2a: Raichu\n|\n|win|geomtrydash\n|raw|geomtrydash's rating: 1092 &rarr; <strong>1111<\/strong><br \/>(+19 for winning)\n|raw|Kaick1478's rating: 1000 &rarr; <strong>1000<\/strong><br \/>(+0 for losing)\n|c|\u2606geomtrydash|gg\n","uploadtime":1700249178,"views":5,"p1id":"geomtrydash","p2id":"kaick1478","formatid":"gen9nationaldexdoubles","rating":1000,"private":0,"password":""}