{"id":"gen9nationaldexdoubles-1967860442","p1":"spagooooooot","p2":"bombi148","format":"[Gen 9] National Dex Doubles","log":"|j|\u2606spagooooooot\n|j|\u2606bombi148\n|t:|1697348134\n|gametype|doubles\n|player|p1|spagooooooot|266|\n|player|p2|bombi148|169|\n|teamsize|p1|6\n|teamsize|p2|6\n|gen|9\n|tier|[Gen 9] National Dex Doubles\n|rule|HP Percentage Mod: HP is shown in percentages\n|rule|Endless Battle Clause: Forcing endless battles is banned\n|rule|OHKO Clause: OHKO moves are banned\n|rule|Evasion Moves Clause: Evasion moves are banned\n|rule|Evasion Abilities Clause: Evasion abilities are banned\n|rule|Species Clause: Limit one of each Pok\u00e9mon\n|rule|Gravity Sleep Clause: The combination of sleep-inducing moves with imperfect accuracy and Gravity or Gigantamax Orbeetle are banned\n|clearpoke\n|poke|p1|Amoonguss, M|\n|poke|p1|Toxapex, M|\n|poke|p1|Clodsire, M|\n|poke|p1|Drapion, M|\n|poke|p1|Beedrill, M|\n|poke|p1|Nidoking, M|\n|poke|p2|Ninetales, F|\n|poke|p2|Incineroar, F|\n|poke|p2|Rotom-Heat|\n|poke|p2|Scovillain, F|\n|poke|p2|Salazzle, F|\n|poke|p2|Infernape, F|\n|teampreview\n|\n|t:|1697348154\n|start\n|switch|p1a: Clodsire|Clodsire, M|100\/100\n|switch|p1b: Toxapex|Toxapex, M, shiny|100\/100\n|switch|p2a: Ninetales|Ninetales, F, shiny|100\/100\n|switch|p2b: Rotom|Rotom-Heat, shiny|100\/100\n|-weather|SunnyDay|[from] ability: Drought|[of] p2a: Ninetales\n|turn|1\n|\n|t:|1697348191\n|-terastallize|p2a: Ninetales|Grass\n|move|p2a: Ninetales|Energy Ball|p1b: Toxapex\n|-damage|p1b: Toxapex|74\/100\n|move|p2b: Rotom|Reflect|p2b: Rotom\n|-sidestart|p2: bombi148|Reflect\n|move|p1b: Toxapex|Surf|p2b: Rotom|[spread] p2a,p2b\n|-immune|p1a: Clodsire|[from] ability: Water Absorb\n|-resisted|p2a: Ninetales\n|-supereffective|p2b: Rotom\n|-damage|p2a: Ninetales|97\/100\n|-damage|p2b: Rotom|87\/100\n|move|p1a: Clodsire|Spikes|p2a: Ninetales\n|-sidestart|p2: bombi148|Spikes\n|\n|-weather|SunnyDay|[upkeep]\n|-heal|p2b: Rotom|93\/100|[from] item: Leftovers\n|-heal|p1b: Toxapex|80\/100|[from] item: Leftovers\n|upkeep\n|turn|2\n|\n|t:|1697348218\n|move|p2a: Ninetales|Scorching Sands|p1b: Toxapex\n|-supereffective|p1b: Toxapex\n|-damage|p1b: Toxapex|46\/100\n|move|p2b: Rotom|Volt Switch|p1b: Toxapex\n|-supereffective|p1b: Toxapex\n|-damage|p1b: Toxapex|0 fnt\n|faint|p1b: Toxapex\n|\n|t:|1697348226\n|switch|p2b: Scovillain|Scovillain, F, shiny|100\/100|[from] Volt Switch\n|-damage|p2b: Scovillain|88\/100|[from] Spikes\n|move|p1a: Clodsire|Toxic|p2b: Scovillain\n|-status|p2b: Scovillain|tox\n|\n|-weather|SunnyDay|[upkeep]\n|-damage|p2b: Scovillain|82\/100 tox|[from] psn\n|upkeep\n|\n|t:|1697348242\n|switch|p1b: Beedrill|Beedrill, M|100\/100\n|turn|3\n|\n|t:|1697348256\n|detailschange|p1b: Beedrill|Beedrill-Mega, M\n|-mega|p1b: Beedrill|Beedrill|Beedrillite\n|move|p2b: Scovillain|Solar Beam||[still]\n|-prepare|p2b: Scovillain|Solar Beam\n|-anim|p2b: Scovillain|Solar Beam|p1a: Clodsire\n|-damage|p1a: Clodsire|59\/100\n|-damage|p2b: Scovillain|72\/100 tox|[from] item: Life Orb\n|move|p1b: Beedrill|U-turn|p2b: Scovillain\n|-damage|p2b: Scovillain|6\/100 tox\n|\n|t:|1697348267\n|switch|p1b: Drapion|Drapion, M|100\/100|[from] U-turn\n|move|p2a: Ninetales|Flamethrower|p1b: Drapion\n|-damage|p1b: Drapion|25\/100\n|move|p1a: Clodsire|Toxic|p2a: Ninetales\n|-status|p2a: Ninetales|tox\n|\n|-weather|SunnyDay|[upkeep]\n|-heal|p1a: Clodsire|65\/100|[from] item: Leftovers\n|-damage|p2b: Scovillain|0 fnt|[from] psn\n|faint|p2b: Scovillain\n|-damage|p2a: Ninetales|91\/100 tox|[from] psn\n|upkeep\n|\n|t:|1697348291\n|switch|p2b: Rotom|Rotom-Heat, shiny|93\/100\n|turn|4\n|\n|t:|1697348309\n|move|p2b: Rotom|Helping Hand|p2a: Ninetales\n|-singleturn|p2a: Ninetales|Helping Hand|[of] p2b: Rotom\n|move|p2a: Ninetales|Scorching Sands|p1b: Drapion\n|-supereffective|p1b: Drapion\n|-damage|p1b: Drapion|0 fnt\n|faint|p1b: Drapion\n|move|p1a: Clodsire|Toxic|p2b: Rotom\n|-status|p2b: Rotom|tox\n|\n|-weather|SunnyDay|[upkeep]\n|-heal|p2b: Rotom|99\/100 tox|[from] item: Leftovers\n|-heal|p1a: Clodsire|71\/100|[from] item: Leftovers\n|-damage|p2a: Ninetales|79\/100 tox|[from] psn\n|-damage|p2b: Rotom|93\/100 tox|[from] psn\n|upkeep\n|\n|t:|1697348333\n|switch|p1b: Nidoking|Nidoking, M|100\/100\n|turn|5\n|\n|t:|1697348352\n|move|p2b: Rotom|Helping Hand|p2a: Ninetales\n|-singleturn|p2a: Ninetales|Helping Hand|[of] p2b: Rotom\n|move|p2a: Ninetales|Tera Blast|p1b: Nidoking|[anim] Tera Blast Grass\n|-damage|p1b: Nidoking|40\/100\n|move|p1b: Nidoking|Sludge Wave|p2a: Ninetales|[spread] p1a,p2a,p2b\n|-resisted|p1a: Clodsire\n|-supereffective|p2a: Ninetales\n|-damage|p1a: Clodsire|65\/100\n|-damage|p2a: Ninetales|0 fnt\n|-damage|p2b: Rotom|48\/100 tox\n|faint|p2a: Ninetales\n|move|p1a: Clodsire|Spikes|p2b: Rotom\n|-sidestart|p2: bombi148|Spikes\n|\n|-weather|none\n|-heal|p2b: Rotom|54\/100 tox|[from] item: Leftovers\n|-heal|p1a: Clodsire|71\/100|[from] item: Leftovers\n|-damage|p2b: Rotom|42\/100 tox|[from] psn\n|-sideend|p2: bombi148|Reflect\n|upkeep\n|\n|t:|1697348376\n|switch|p2a: Salazzle|Salazzle, F, shiny|100\/100\n|-damage|p2a: Salazzle|84\/100|[from] Spikes\n|turn|6\n|\n|t:|1697348398\n|switch|p1b: MUSHROOM MAN|Amoonguss, M, shiny|100\/100\n|move|p2a: Salazzle|Flamethrower|p1b: MUSHROOM MAN\n|-supereffective|p1b: MUSHROOM MAN\n|-crit|p1b: MUSHROOM MAN\n|-damage|p1b: MUSHROOM MAN|0 fnt\n|faint|p1b: MUSHROOM MAN\n|move|p2b: Rotom|Reflect|p2b: Rotom\n|-sidestart|p2: bombi148|Reflect\n|move|p1a: Clodsire|Toxic|p2a: Salazzle\n|-immune|p2a: Salazzle\n|\n|-heal|p2a: Salazzle|90\/100|[from] item: Black Sludge\n|-heal|p2b: Rotom|48\/100 tox|[from] item: Leftovers\n|-heal|p1a: Clodsire|77\/100|[from] item: Leftovers\n|-damage|p2b: Rotom|29\/100 tox|[from] psn\n|upkeep\n|c|\u2606bombi148|LOL\n|\n|t:|1697348415\n|switch|p1b: Beedrill|Beedrill-Mega, M|100\/100\n|turn|7\n|\n|t:|1697348434\n|move|p1b: Beedrill|Knock Off|p2a: Salazzle\n|-damage|p2a: Salazzle|46\/100\n|-enditem|p2a: Salazzle|Black Sludge|[from] move: Knock Off|[of] p1b: Beedrill\n|move|p2a: Salazzle|Flamethrower|p1b: Beedrill\n|-supereffective|p1b: Beedrill\n|-damage|p1b: Beedrill|0 fnt\n|faint|p1b: Beedrill\n|move|p2b: Rotom|Volt Switch|p1a: Clodsire\n|-immune|p1a: Clodsire\n|move|p1a: Clodsire|Spikes|p2b: Rotom\n|-sidestart|p2: bombi148|Spikes\n|\n|-heal|p2b: Rotom|35\/100 tox|[from] item: Leftovers\n|-heal|p1a: Clodsire|83\/100|[from] item: Leftovers\n|-damage|p2b: Rotom|10\/100 tox|[from] psn\n|upkeep\n|\n|t:|1697348451\n|switch|p1b: Nidoking|Nidoking, M|40\/100\n|turn|8\n|\n|t:|1697348473\n|move|p2b: Rotom|Helping Hand|p2a: Salazzle\n|-singleturn|p2a: Salazzle|Helping Hand|[of] p2b: Rotom\n|move|p2a: Salazzle|Flamethrower|p1b: Nidoking\n|-damage|p1b: Nidoking|0 fnt\n|faint|p1b: Nidoking\n|move|p1a: Clodsire|Earthquake|p2a: Salazzle|[spread] p2a\n|-immune|p2b: Rotom|[from] ability: Levitate\n|-supereffective|p2a: Salazzle\n|-damage|p2a: Salazzle|0 fnt\n|faint|p2a: Salazzle\n|\n|-heal|p2b: Rotom|17\/100 tox|[from] item: Leftovers\n|-heal|p1a: Clodsire|89\/100|[from] item: Leftovers\n|-damage|p2b: Rotom|0 fnt|[from] psn\n|faint|p2b: Rotom\n|upkeep\n|\n|t:|1697348488\n|switch|p2a: Incineroar|Incineroar, F, shiny|100\/100\n|switch|p2b: Infernape|Infernape, F, shiny|100\/100\n|-damage|p2b: Infernape|76\/100|[from] Spikes\n|-damage|p2a: Incineroar|76\/100|[from] Spikes\n|-ability|p2a: Incineroar|Intimidate|boost\n|-unboost|p1a: Clodsire|atk|1\n|turn|9\n|\n|t:|1697348508\n|move|p2b: Infernape|Drain Punch|p1a: Clodsire\n|-resisted|p1a: Clodsire\n|-damage|p1a: Clodsire|63\/100\n|-heal|p2b: Infernape|96\/100|[from] drain|[of] p1a: Clodsire\n|-damage|p2b: Infernape|87\/100|[from] item: Life Orb\n|move|p2a: Incineroar|Knock Off|p1a: Clodsire\n|-damage|p1a: Clodsire|0 fnt\n|-enditem|p1a: Clodsire|Leftovers|[from] move: Knock Off|[of] p2a: Incineroar\n|faint|p1a: Clodsire\n|\n|win|bombi148\n|c|\u2606bombi148|gg\n","uploadtime":1697348529,"views":12,"p1id":"spagooooooot","p2id":"bombi148","formatid":"gen9nationaldexdoubles","rating":0,"private":0,"password":""}