{"id":"gen9nationaldexdoubles-1967998688","p1":"SgtSmilies","p2":"Play Tale of Wuxia","format":"[Gen 9] National Dex Doubles","log":"|j|\u2606SgtSmilies\n|j|\u2606Play Tale of Wuxia\n|t:|1697371967\n|gametype|doubles\n|player|p1|SgtSmilies|acetrainerf|\n|player|p2|Play Tale of Wuxia|gentleman|\n|teamsize|p1|6\n|teamsize|p2|6\n|gen|9\n|tier|[Gen 9] National Dex Doubles\n|rule|HP Percentage Mod: HP is shown in percentages\n|rule|Endless Battle Clause: Forcing endless battles is banned\n|rule|OHKO Clause: OHKO moves are banned\n|rule|Evasion Moves Clause: Evasion moves are banned\n|rule|Evasion Abilities Clause: Evasion abilities are banned\n|rule|Species Clause: Limit one of each Pok\u00e9mon\n|rule|Gravity Sleep Clause: The combination of sleep-inducing moves with imperfect accuracy and Gravity or Gigantamax Orbeetle are banned\n|clearpoke\n|poke|p1|Torkoal, F|\n|poke|p1|Lilligant, F|\n|poke|p1|Dragapult, F|\n|poke|p1|Chien-Pao|\n|poke|p1|Murkrow, M|\n|poke|p1|Thundurus, M|\n|poke|p2|Tornadus, M|\n|poke|p2|Iron Treads|\n|poke|p2|Dragonite, F|\n|poke|p2|Iron Valiant|\n|poke|p2|Iron Bundle|\n|poke|p2|Arcanine-Hisui, M|\n|teampreview\n|\n|t:|1697371981\n|start\n|switch|p1a: Murkrow|Murkrow, M|100\/100\n|switch|p1b: Dragapult|Dragapult, F|100\/100\n|switch|p2a: Tornadus|Tornadus, M|100\/100\n|switch|p2b: Arcanine|Arcanine-Hisui, M|100\/100\n|-ability|p2b: Arcanine|Intimidate|boost\n|-unboost|p1a: Murkrow|atk|1\n|-unboost|p1b: Dragapult|atk|1\n|turn|1\n|j| Datagne\n|\n|t:|1697372003\n|move|p2a: Tornadus|Tailwind|p2a: Tornadus\n|-sidestart|p2: Play Tale of Wuxia|move: Tailwind\n|move|p1a: Murkrow|Quash|p2b: Arcanine\n|-activate|p2b: Arcanine|move: Quash\n|move|p1b: Dragapult|Hydro Pump|p2b: Arcanine\n|-supereffective|p2b: Arcanine\n|-crit|p2b: Arcanine\n|-damage|p2b: Arcanine|0 fnt\n|faint|p2b: Arcanine\n|\n|upkeep\n|\n|t:|1697372011\n|switch|p2b: Iron Treads|Iron Treads|100\/100\n|turn|2\n|\n|t:|1697372068\n|switch|p2a: Iron Valiant|Iron Valiant|100\/100\n|switch|p1b: Thundurus|Thundurus, M|100\/100\n|-terastallize|p2b: Iron Treads|Fairy\n|move|p2b: Iron Treads|Rock Slide|p1a: Murkrow|[spread] p1a,p1b\n|-supereffective|p1a: Murkrow\n|-supereffective|p1b: Thundurus\n|-damage|p1a: Murkrow|55\/100\n|-damage|p1b: Thundurus|55\/100\n|move|p1a: Murkrow|Foul Play|p2a: Iron Valiant\n|-resisted|p2a: Iron Valiant\n|-damage|p2a: Iron Valiant|90\/100\n|\n|upkeep\n|turn|3\n|\n|t:|1697372090\n|move|p2a: Iron Valiant|Protect|p2a: Iron Valiant\n|-singleturn|p2a: Iron Valiant|Protect\n|move|p1b: Thundurus|Thunder Wave|p2a: Iron Valiant\n|-activate|p2a: Iron Valiant|move: Protect\n|move|p1a: Murkrow|Tailwind|p1a: Murkrow\n|-sidestart|p1: SgtSmilies|move: Tailwind\n|move|p2b: Iron Treads|Rock Slide|p1a: Murkrow|[spread] p1a,p1b\n|-supereffective|p1a: Murkrow\n|-supereffective|p1b: Thundurus\n|-damage|p1a: Murkrow|8\/100\n|-damage|p1b: Thundurus|9\/100\n|-enditem|p1b: Thundurus|Sitrus Berry|[eat]\n|-heal|p1b: Thundurus|34\/100|[from] item: Sitrus Berry\n|\n|upkeep\n|turn|4\n|\n|t:|1697372119\n|-end|p2a: Iron Valiant|Quark Drive|[silent]\n|switch|p2a: Tornadus|Tornadus, M|100\/100\n|move|p1b: Thundurus|Thunder Wave|p2a: Tornadus\n|-status|p2a: Tornadus|par\n|move|p2b: Iron Treads|Rock Slide|p1b: Thundurus|[spread] p1a,p1b\n|-supereffective|p1a: Murkrow\n|-supereffective|p1b: Thundurus\n|-damage|p1a: Murkrow|0 fnt\n|-damage|p1b: Thundurus|0 fnt\n|faint|p1a: Murkrow\n|faint|p1b: Thundurus\n|\n|-sideend|p2: Play Tale of Wuxia|move: Tailwind\n|upkeep\n|\n|t:|1697372134\n|switch|p1b: Torkoal|Torkoal, F|100\/100\n|switch|p1a: Lilligant|Lilligant, F|100\/100\n|-weather|SunnyDay|[from] ability: Drought|[of] p1b: Torkoal\n|turn|5\n|\n|t:|1697372152\n|move|p2a: Tornadus|Tailwind|p2a: Tornadus\n|-sidestart|p2: Play Tale of Wuxia|move: Tailwind\n|move|p1a: Lilligant|Leaf Storm|p2b: Iron Treads\n|-damage|p2b: Iron Treads|9\/100\n|-unboost|p1a: Lilligant|spa|2\n|move|p2b: Iron Treads|Rock Slide|p1a: Lilligant|[spread] p1a,p1b\n|-supereffective|p1b: Torkoal\n|-damage|p1a: Lilligant|63\/100\n|-damage|p1b: Torkoal|64\/100\n|move|p1b: Torkoal|Eruption|p2b: Iron Treads|[spread] p2a,p2b\n|-damage|p2a: Tornadus|21\/100 par\n|-damage|p2b: Iron Treads|0 fnt\n|faint|p2b: Iron Treads\n|-end|p2b: Iron Treads|Quark Drive|[silent]\n|\n|-weather|SunnyDay|[upkeep]\n|upkeep\n|\n|t:|1697372170\n|switch|p2b: Dragonite|Dragonite, F|100\/100\n|turn|6\n|\n|t:|1697372190\n|cant|p2a: Tornadus|par\n|move|p1a: Lilligant|Leaf Storm|p2b: Dragonite\n|-resisted|p2b: Dragonite\n|-damage|p2b: Dragonite|96\/100\n|-unboost|p1a: Lilligant|spa|2\n|move|p2b: Dragonite|Stomping Tantrum|p1b: Torkoal\n|-supereffective|p1b: Torkoal\n|-damage|p1b: Torkoal|23\/100\n|move|p1b: Torkoal|Eruption|p2a: Tornadus|[spread] p2a,p2b\n|-resisted|p2b: Dragonite\n|-damage|p2a: Tornadus|0 fnt\n|-damage|p2b: Dragonite|85\/100\n|faint|p2a: Tornadus\n|\n|-weather|SunnyDay|[upkeep]\n|-heal|p2b: Dragonite|91\/100|[from] item: Leftovers\n|-sideend|p1: SgtSmilies|move: Tailwind\n|upkeep\n|\n|t:|1697372209\n|switch|p2a: Iron Bundle|Iron Bundle|100\/100\n|-enditem|p2a: Iron Bundle|Booster Energy\n|-activate|p2a: Iron Bundle|ability: Quark Drive|[fromitem]\n|-start|p2a: Iron Bundle|quarkdrivespe\n|turn|7\n|\n|t:|1697372226\n|switch|p1a: Chien-Pao|Chien-Pao|100\/100\n|-ability|p1a: Chien-Pao|Sword of Ruin\n|move|p1b: Torkoal|Protect|p1b: Torkoal\n|-singleturn|p1b: Torkoal|Protect\n|move|p2b: Dragonite|Extreme Speed|p1a: Chien-Pao\n|-damage|p1a: Chien-Pao|55\/100\n|move|p2a: Iron Bundle|Icy Wind|p1a: Chien-Pao|[spread] p1a\n|-activate|p1b: Torkoal|move: Protect\n|-resisted|p1a: Chien-Pao\n|-damage|p1a: Chien-Pao|38\/100\n|-unboost|p1a: Chien-Pao|spe|1\n|\n|-weather|SunnyDay|[upkeep]\n|-heal|p2b: Dragonite|97\/100|[from] item: Leftovers\n|upkeep\n|turn|8\n|\n|t:|1697372253\n|move|p2b: Dragonite|Protect|p2b: Dragonite\n|-singleturn|p2b: Dragonite|Protect\n|move|p1a: Chien-Pao|Protect|p1a: Chien-Pao\n|-singleturn|p1a: Chien-Pao|Protect\n|move|p2a: Iron Bundle|Hydro Pump|p1a: Chien-Pao\n|-activate|p1a: Chien-Pao|move: Protect\n|move|p1b: Torkoal|Solar Beam||[still]\n|-prepare|p1b: Torkoal|Solar Beam\n|-anim|p1b: Torkoal|Solar Beam|p2a: Iron Bundle\n|-supereffective|p2a: Iron Bundle\n|-damage|p2a: Iron Bundle|0 fnt\n|faint|p2a: Iron Bundle\n|-end|p2a: Iron Bundle|Quark Drive|[silent]\n|\n|-weather|SunnyDay|[upkeep]\n|-heal|p2b: Dragonite|100\/100|[from] item: Leftovers\n|-sideend|p2: Play Tale of Wuxia|move: Tailwind\n|upkeep\n|\n|t:|1697372266\n|switch|p2a: Iron Valiant|Iron Valiant|90\/100\n|turn|9\n|\n|t:|1697372303\n|switch|p1a: Lilligant|Lilligant, F|63\/100\n|move|p2b: Dragonite|Extreme Speed|p1b: Torkoal\n|-damage|p1b: Torkoal|0 fnt\n|faint|p1b: Torkoal\n|move|p2a: Iron Valiant|Moonblast|p1a: Lilligant\n|-damage|p1a: Lilligant|0 fnt\n|faint|p1a: Lilligant\n|\n|-weather|none\n|upkeep\n|\n|t:|1697372315\n|switch|p1a: Chien-Pao|Chien-Pao|38\/100\n|switch|p1b: Dragapult|Dragapult, F|100\/100\n|-ability|p1a: Chien-Pao|Sword of Ruin\n|turn|10\n|\n|t:|1697372334\n|-terastallize|p1a: Chien-Pao|Ghost\n|move|p1b: Dragapult|Shadow Ball|p2a: Iron Valiant\n|-damage|p2a: Iron Valiant|0 fnt\n|faint|p2a: Iron Valiant\n|-end|p2a: Iron Valiant|Quark Drive|[silent]\n|move|p1a: Chien-Pao|Ice Spinner|p2b: Dragonite\n|-supereffective|p2b: Dragonite\n|-damage|p2b: Dragonite|0 fnt\n|faint|p2b: Dragonite\n|\n|win|SgtSmilies\n|c|\u2606Play Tale of Wuxia|ggs\n|c|\u2606SgtSmilies|gsgs\n","uploadtime":1697372344,"views":9,"p1id":"sgtsmilies","p2id":"playtaleofwuxia","formatid":"gen9nationaldexdoubles","rating":0,"private":0,"password":""}