{"id":"gen9nationaldexdoubles-1977688518","p1":"Anemen","p2":"zdgdfg dg","format":"[Gen 9] National Dex Doubles","log":"|j|\u2606Anemen\n|j|\u2606zdgdfg dg\n|t:|1698438839\n|gametype|doubles\n|player|p1|Anemen|1|1056\n|player|p2|zdgdfg dg|lucas|1049\n|teamsize|p1|6\n|teamsize|p2|6\n|gen|9\n|tier|[Gen 9] National Dex Doubles\n|rated|\n|rule|HP Percentage Mod: HP is shown in percentages\n|rule|Endless Battle Clause: Forcing endless battles is banned\n|rule|OHKO Clause: OHKO moves are banned\n|rule|Evasion Moves Clause: Evasion moves are banned\n|rule|Evasion Abilities Clause: Evasion abilities are banned\n|rule|Species Clause: Limit one of each Pok\u00e9mon\n|rule|Gravity Sleep Clause: The combination of sleep-inducing moves with imperfect accuracy and Gravity or Gigantamax Orbeetle are banned\n|clearpoke\n|poke|p1|Slaking, M|\n|poke|p1|Clefable, F|\n|poke|p1|Typhlosion-Hisui, M|\n|poke|p1|Torterra, M|\n|poke|p1|Hatterene, F|\n|poke|p1|Maushold|\n|poke|p2|Indeedee-F, F|\n|poke|p2|Oranguru, M|\n|poke|p2|Glastrier|\n|poke|p2|Hoopa-Unbound|\n|poke|p2|Ursaluna, F|\n|poke|p2|Zygarde|\n|teampreview\n|\n|t:|1698438849\n|start\n|switch|p1a: Clefable|Clefable, F|100\/100\n|switch|p1b: Slaking|Slaking, M|100\/100\n|switch|p2a: Hoopa|Hoopa-Unbound|100\/100\n|switch|p2b: Zygarde|Zygarde|100\/100\n|-ability|p2b: Zygarde|Aura Break\n|turn|1\n|inactive|Battle timer is ON: inactive players will automatically lose when time's up. (requested by zdgdfg dg)\n|\n|t:|1698438864\n|move|p1b: Slaking|Power-Up Punch|p2b: Zygarde\n|-damage|p2b: Zygarde|88\/100\n|-boost|p1b: Slaking|atk|1\n|move|p2b: Zygarde|Coil|p2b: Zygarde\n|-boost|p2b: Zygarde|atk|1\n|-boost|p2b: Zygarde|def|1\n|-boost|p2b: Zygarde|accuracy|1\n|move|p1a: Clefable|Skill Swap|p1b: Slaking\n|-activate|p1a: Clefable|move: Skill Swap|||[of] p1b: Slaking\n|move|p2a: Hoopa|Trick Room|p2a: Hoopa\n|-fieldstart|move: Trick Room|[of] p2a: Hoopa\n|-enditem|p2b: Zygarde|Room Service\n|-unboost|p2b: Zygarde|spe|1|[from] item: Room Service\n|-enditem|p2a: Hoopa|Room Service\n|-unboost|p2a: Hoopa|spe|1|[from] item: Room Service\n|\n|upkeep\n|turn|2\n|inactive|Anemen has 120 seconds left.\n|\n|t:|1698438896\n|move|p2a: Hoopa|Psyshock|p1b: Slaking\n|-crit|p1b: Slaking\n|-damage|p1b: Slaking|45\/100\n|-item|p2a: Hoopa|Leftovers|[from] ability: Magician|[of] p1b: Slaking\n|move|p2b: Zygarde|Thousand Arrows|p1a: Clefable|[spread] p1a,p1b\n|-damage|p1a: Clefable|73\/100\n|-damage|p1b: Slaking|30\/100\n|cant|p1a: Clefable|ability: Truant\n|move|p1b: Slaking|Rock Slide|p2b: Zygarde|[spread] p2a,p2b\n|-resisted|p2b: Zygarde\n|-damage|p2a: Hoopa|49\/100\n|-damage|p2b: Zygarde|76\/100\n|\n|-heal|p2a: Hoopa|55\/100|[from] item: Leftovers\n|upkeep\n|turn|3\n|\n|t:|1698438914\n|move|p1b: Slaking|Protect|p1b: Slaking\n|-singleturn|p1b: Slaking|Protect\n|move|p2a: Hoopa|Psyshock|p1a: Clefable\n|-damage|p1a: Clefable|30\/100\n|move|p2b: Zygarde|Thousand Arrows|p1a: Clefable|[spread] p1a\n|-activate|p1b: Slaking|move: Protect\n|-crit|p1a: Clefable\n|-damage|p1a: Clefable|0 fnt\n|faint|p1a: Clefable\n|\n|-heal|p2a: Hoopa|61\/100|[from] item: Leftovers\n|upkeep\n|inactive|Anemen has 120 seconds left.\n|\n|t:|1698438930\n|switch|p1a: Hatterene|Hatterene, F|100\/100\n|turn|4\n|\n|t:|1698438955\n|move|p1a: Hatterene|Reflect|p1a: Hatterene\n|-sidestart|p1: Anemen|Reflect\n|move|p2a: Hoopa|Dark Pulse|p1b: Slaking\n|-damage|p1b: Slaking|0 fnt\n|faint|p1b: Slaking\n|move|p2b: Zygarde|Thousand Arrows|p1a: Hatterene\n|-damage|p1a: Hatterene|67\/100\n|\n|-heal|p2a: Hoopa|67\/100|[from] item: Leftovers\n|upkeep\n|inactive|Anemen has 120 seconds left.\n|\n|t:|1698438970\n|switch|p1b: Torterra|Torterra, M|100\/100\n|turn|5\n|\n|t:|1698438978\n|move|p1a: Hatterene|Light Screen|p1a: Hatterene\n|-sidestart|p1: Anemen|move: Light Screen\n|move|p2a: Hoopa|Dark Pulse|p1b: Torterra\n|-damage|p1b: Torterra|60\/100\n|move|p2b: Zygarde|Thousand Arrows|p1b: Torterra|[spread] p1a,p1b\n|-resisted|p1b: Torterra\n|-damage|p1a: Hatterene|41\/100\n|-damage|p1b: Torterra|48\/100\n|move|p1b: Torterra|Shell Smash|p1b: Torterra\n|-unboost|p1b: Torterra|def|1\n|-unboost|p1b: Torterra|spd|1\n|-boost|p1b: Torterra|atk|2\n|-boost|p1b: Torterra|spa|2\n|-boost|p1b: Torterra|spe|2\n|-enditem|p1b: Torterra|White Herb\n|-clearnegativeboost|p1b: Torterra|[silent]\n|\n|-heal|p2a: Hoopa|73\/100|[from] item: Leftovers\n|-fieldend|move: Trick Room\n|upkeep\n|turn|6\n|\n|t:|1698439005\n|move|p1b: Torterra|Seed Bomb|p2b: Zygarde\n|-damage|p2b: Zygarde|38\/100\n|move|p2b: Zygarde|Thousand Arrows|p1b: Torterra|[spread] p1a,p1b\n|-resisted|p1b: Torterra\n|-damage|p1a: Hatterene|13\/100\n|-damage|p1b: Torterra|36\/100\n|move|p1a: Hatterene|Draining Kiss|p2a: Hoopa\n|-supereffective|p2a: Hoopa\n|-damage|p2a: Hoopa|32\/100\n|-heal|p1a: Hatterene|48\/100|[from] drain|[of] p2a: Hoopa\n|move|p2a: Hoopa|Trick Room|p2a: Hoopa\n|-fieldstart|move: Trick Room|[of] p2a: Hoopa\n|\n|-heal|p2a: Hoopa|38\/100|[from] item: Leftovers\n|upkeep\n|turn|7\n|\n|t:|1698439028\n|move|p1b: Torterra|Protect|p1b: Torterra\n|-singleturn|p1b: Torterra|Protect\n|move|p1a: Hatterene|Draining Kiss|p2a: Hoopa\n|-supereffective|p2a: Hoopa\n|-damage|p2a: Hoopa|0 fnt\n|-heal|p1a: Hatterene|81\/100|[from] drain|[of] p2a: Hoopa\n|faint|p2a: Hoopa\n|move|p2b: Zygarde|Thousand Arrows|p1b: Torterra|[spread] p1a\n|-activate|p1b: Torterra|move: Protect\n|-damage|p1a: Hatterene|54\/100\n|\n|upkeep\n|\n|t:|1698439047\n|switch|p2a: Glastrier|Glastrier|100\/100\n|turn|8\n|\n|t:|1698439063\n|move|p2a: Glastrier|Icicle Spear|p1b: Torterra\n|-supereffective|p1b: Torterra\n|-damage|p1b: Torterra|0 fnt\n|faint|p1b: Torterra\n|-ability|p2a: Glastrier|Chilling Neigh|boost\n|-boost|p2a: Glastrier|atk|1\n|-hitcount|p1: Torterra|1\n|move|p1a: Hatterene|Expanding Force|p2b: Zygarde\n|-damage|p2b: Zygarde|7\/100\n|move|p2b: Zygarde|Thousand Arrows|p1a: Hatterene\n|-damage|p1a: Hatterene|19\/100\n|\n|-sideend|p1: Anemen|Reflect\n|upkeep\n|\n|t:|1698439078\n|switch|p1b: Typhlosion|Typhlosion-Hisui, M|100\/100\n|turn|9\n|\n|t:|1698439092\n|move|p2b: Zygarde|Protect|p2b: Zygarde\n|-singleturn|p2b: Zygarde|Protect\n|move|p2a: Glastrier|Stomping Tantrum|p1b: Typhlosion\n|-supereffective|p1b: Typhlosion\n|-damage|p1b: Typhlosion|0 fnt\n|faint|p1b: Typhlosion\n|-ability|p2a: Glastrier|Chilling Neigh|boost\n|-boost|p2a: Glastrier|atk|1\n|move|p1a: Hatterene|Expanding Force|p2b: Zygarde\n|-activate|p2b: Zygarde|move: Protect\n|\n|-sideend|p1: Anemen|move: Light Screen\n|upkeep\n|\n|t:|1698439104\n|switch|p1b: Maushold|Maushold|100\/100\n|turn|10\n|\n|t:|1698439111\n|move|p2a: Glastrier|Icicle Spear|p1a: Hatterene\n|-crit|p1a: Hatterene\n|-damage|p1a: Hatterene|0 fnt\n|faint|p1a: Hatterene\n|-ability|p2a: Glastrier|Chilling Neigh|boost\n|-boost|p2a: Glastrier|atk|1\n|-hitcount|p1: Hatterene|1\n|move|p2b: Zygarde|Thousand Arrows|p1b: Maushold\n|-damage|p1b: Maushold|32\/100\n|move|p1b: Maushold|Population Bomb|p2a: Glastrier\n|-damage|p2a: Glastrier|92\/100\n|-damage|p2a: Glastrier|85\/100\n|-damage|p2a: Glastrier|77\/100\n|-damage|p2a: Glastrier|69\/100\n|-damage|p2a: Glastrier|62\/100\n|-damage|p2a: Glastrier|53\/100\n|-damage|p2a: Glastrier|46\/100\n|-damage|p2a: Glastrier|38\/100\n|-damage|p2a: Glastrier|31\/100\n|-damage|p2a: Glastrier|23\/100\n|-hitcount|p2a: Glastrier|10\n|\n|-fieldend|move: Trick Room\n|upkeep\n|turn|11\n|\n|t:|1698439139\n|move|p1b: Maushold|Population Bomb|p2b: Zygarde\n|-damage|p2b: Zygarde|1\/100\n|-damage|p2b: Zygarde|0 fnt\n|faint|p2b: Zygarde\n|-hitcount|p2: Zygarde|2\n|move|p2a: Glastrier|Icicle Spear|p1b: Maushold\n|-damage|p1b: Maushold|0 fnt\n|faint|p1b: Maushold\n|-hitcount|p1: Maushold|1\n|\n|win|zdgdfg dg\n|raw|Anemen's rating: 1056 &rarr; <strong>1037<\/strong><br \/>(-19 for losing)\n|raw|zdgdfg dg's rating: 1049 &rarr; <strong>1082<\/strong><br \/>(+33 for winning)\n","uploadtime":1698439143,"views":7,"p1id":"anemen","p2id":"zdgdfgdg","formatid":"gen9nationaldexdoubles","rating":1037,"private":0,"password":""}