{"id":"gen9nationaldexdoubles-1962092286","p1":"NJKD18","p2":"Colorless Energy","format":"[Gen 9] National Dex Doubles","log":"|j|\u2606NJKD18\n|j|\u2606Colorless Energy\n|t:|1696706394\n|gametype|doubles\n|player|p1|NJKD18|169|1242\n|player|p2|Colorless Energy|larry|1440\n|teamsize|p1|6\n|teamsize|p2|6\n|gen|9\n|tier|[Gen 9] National Dex Doubles\n|rated|\n|rule|HP Percentage Mod: HP is shown in percentages\n|rule|Endless Battle Clause: Forcing endless battles is banned\n|rule|OHKO Clause: OHKO moves are banned\n|rule|Evasion Moves Clause: Evasion moves are banned\n|rule|Evasion Abilities Clause: Evasion abilities are banned\n|rule|Species Clause: Limit one of each Pok\u00e9mon\n|rule|Gravity Sleep Clause: The combination of sleep-inducing moves with imperfect accuracy and Gravity or Gigantamax Orbeetle are banned\n|clearpoke\n|poke|p1|Medicham, F|\n|poke|p1|Slaking, F|\n|poke|p1|Sinistcha-Masterpiece|\n|poke|p1|Ursaluna, M|\n|poke|p1|Xurkitree|\n|poke|p1|Sceptile, F|\n|poke|p2|Ursaluna, M|\n|poke|p2|Staraptor, F|\n|poke|p2|Indeedee-F, F|\n|poke|p2|Oranguru, M|\n|poke|p2|Kangaskhan, F|\n|poke|p2|Meloetta|\n|teampreview\n|inactive|Battle timer is ON: inactive players will automatically lose when time's up. (requested by NJKD18)\n|\n|t:|1696706437\n|start\n|switch|p1a: Medicham|Medicham, F|100\/100\n|switch|p1b: Slaking|Slaking, F|100\/100\n|switch|p2a: Kazooie|Staraptor, F, shiny|100\/100\n|switch|p2b: Mumbo Jumbo|Oranguru, M|100\/100\n|-ability|p2a: Kazooie|Intimidate|boost\n|-unboost|p1a: Medicham|atk|1\n|-unboost|p1b: Slaking|atk|1\n|turn|1\n|\n|t:|1696706455\n|move|p2a: Kazooie|Final Gambit|p1a: Medicham\n|-damage|p1a: Medicham|0 fnt\n|faint|p2a: Kazooie\n|faint|p1a: Medicham\n|move|p1b: Slaking|Thunder Punch|p2b: Mumbo Jumbo\n|-damage|p2b: Mumbo Jumbo|76\/100\n|move|p2b: Mumbo Jumbo|Trick Room|p2b: Mumbo Jumbo\n|-fieldstart|move: Trick Room|[of] p2b: Mumbo Jumbo\n|\n|upkeep\n|c|\u2606NJKD18|o h\n|\n|t:|1696706469\n|switch|p1a: Ursaluna|Ursaluna, M|100\/100\n|switch|p2a: Banjo|Ursaluna, M|100\/100\n|turn|2\n|\n|t:|1696706487\n|move|p2a: Banjo|Protect|p2a: Banjo\n|-singleturn|p2a: Banjo|Protect\n|move|p2b: Mumbo Jumbo|Imprison|p2b: Mumbo Jumbo\n|-start|p2b: Mumbo Jumbo|move: Imprison\n|move|p1a: Ursaluna|Cross Chop|p2a: Banjo\n|-activate|p2a: Banjo|move: Protect\n|cant|p1b: Slaking|ability: Truant\n|\n|-status|p2a: Banjo|brn|[from] item: Flame Orb\n|-status|p1a: Ursaluna|brn|[from] item: Flame Orb\n|upkeep\n|turn|3\n|\n|t:|1696706515\n|-terastallize|p2a: Banjo|Normal\n|move|p2a: Banjo|Facade|p1a: Ursaluna\n|-damage|p1a: Ursaluna|0 fnt\n|faint|p1a: Ursaluna\n|move|p2b: Mumbo Jumbo|Instruct|p2a: Banjo\n|-singleturn|p2a: Banjo|move: Instruct|[of] p2b: Mumbo Jumbo\n|move|p2a: Banjo|Facade|p1b: Slaking\n|-damage|p1b: Slaking|0 fnt\n|faint|p1b: Slaking\n|\n|-damage|p2a: Banjo|94\/100 brn|[from] brn\n|upkeep\n|inactive|NJKD18 has 120 seconds left.\n|\n|t:|1696706528\n|switch|p1a: Xurkitree|Xurkitree|100\/100\n|switch|p1b: Sceptile|Sceptile, F|100\/100\n|turn|4\n|\n|t:|1696706545\n|detailschange|p1b: Sceptile|Sceptile-Mega, F\n|-mega|p1b: Sceptile|Sceptile|Sceptilite\n|move|p2a: Banjo|Facade|p1a: Xurkitree\n|-crit|p1a: Xurkitree\n|-damage|p1a: Xurkitree|0 fnt\n|faint|p1a: Xurkitree\n|move|p2b: Mumbo Jumbo|Instruct|p2a: Banjo\n|-singleturn|p2a: Banjo|move: Instruct|[of] p2b: Mumbo Jumbo\n|move|p2a: Banjo|Facade|p1b: Sceptile\n|-damage|p1b: Sceptile|0 fnt\n|faint|p1b: Sceptile\n|\n|-damage|p2a: Banjo|88\/100 brn|[from] brn\n|upkeep\n|c|\u2606NJKD18|i cant tell if the crit mattered lol\n|\n|t:|1696706565\n|switch|p1a: Sinistcha|Sinistcha-Masterpiece|100\/100\n|turn|5\n|c|\u2606NJKD18|prob not\n|\n|t:|1696706583\n|move|p2a: Banjo|Headlong Rush|p1a: Sinistcha\n|-resisted|p1a: Sinistcha\n|-damage|p1a: Sinistcha|49\/100\n|-unboost|p2a: Banjo|def|1\n|-unboost|p2a: Banjo|spd|1\n|move|p2b: Mumbo Jumbo|Instruct|p2a: Banjo\n|-singleturn|p2a: Banjo|move: Instruct|[of] p2b: Mumbo Jumbo\n|move|p2a: Banjo|Headlong Rush|p1a: Sinistcha\n|-resisted|p1a: Sinistcha\n|-damage|p1a: Sinistcha|0 fnt\n|-unboost|p2a: Banjo|def|1\n|-unboost|p2a: Banjo|spd|1\n|faint|p1a: Sinistcha\n|\n|win|Colorless Energy\n|raw|NJKD18's rating: 1242 &rarr; <strong>1230<\/strong><br \/>(-12 for losing)\n|raw|Colorless Energy's rating: 1440 &rarr; <strong>1450<\/strong><br \/>(+10 for winning)\n|c|\u2606NJKD18|well gg\n|l|\u2606NJKD18\n","uploadtime":1696706811,"views":21,"p1id":"njkd18","p2id":"colorlessenergy","formatid":"gen9nationaldexdoubles","rating":1230,"private":0,"password":""}