{"id":"gen9nationaldexdoubles-1984874919","p1":"GunGalione","p2":"Xalvadore","format":"[Gen 9] National Dex Doubles","log":"|j|\u2606GunGalione\n|j|\u2606Xalvadore\n|t:|1699306571\n|gametype|doubles\n|player|p1|GunGalione|pokemonranger-gen4|1345\n|player|p2|Xalvadore|marnie|1342\n|teamsize|p1|6\n|teamsize|p2|6\n|gen|9\n|tier|[Gen 9] National Dex Doubles\n|rated|\n|rule|HP Percentage Mod: HP is shown in percentages\n|rule|Endless Battle Clause: Forcing endless battles is banned\n|rule|OHKO Clause: OHKO moves are banned\n|rule|Evasion Moves Clause: Evasion moves are banned\n|rule|Evasion Abilities Clause: Evasion abilities are banned\n|rule|Species Clause: Limit one of each Pok\u00e9mon\n|rule|Gravity Sleep Clause: The combination of sleep-inducing moves with imperfect accuracy and Gravity or Gigantamax Orbeetle are banned\n|clearpoke\n|poke|p1|Typhlosion, F|\n|poke|p1|Chi-Yu|\n|poke|p1|Torkoal, F|\n|poke|p1|Heliolisk, M|\n|poke|p1|Manectric, F|\n|poke|p1|Talonflame, M|\n|poke|p2|Tyranitar, F|\n|poke|p2|Gastrodon, F|\n|poke|p2|Excadrill, F|\n|poke|p2|Zapdos|\n|poke|p2|Latias, F|\n|poke|p2|Hitmontop, M|\n|teampreview\n|\n|t:|1699306596\n|start\n|switch|p1a: Heliolisk|Heliolisk, M|100\/100\n|switch|p1b: Talonflame|Talonflame, M|100\/100\n|switch|p2a: Tyranitar|Tyranitar, F|100\/100\n|switch|p2b: Excadrill|Excadrill, F|100\/100\n|-weather|Sandstorm|[from] ability: Sand Stream|[of] p2a: Tyranitar\n|turn|1\n|\n|t:|1699306619\n|move|p1a: Heliolisk|Protect|p1a: Heliolisk\n|-singleturn|p1a: Heliolisk|Protect\n|move|p1b: Talonflame|Tailwind|p1b: Talonflame\n|-sidestart|p1: GunGalione|move: Tailwind\n|move|p2b: Excadrill|Rock Slide|p1b: Talonflame|[spread] p1b\n|-activate|p1a: Heliolisk|move: Protect\n|-supereffective|p1b: Talonflame\n|-enditem|p1b: Talonflame|Focus Sash\n|-damage|p1b: Talonflame|1\/100\n|move|p2a: Tyranitar|Rock Slide|p1b: Talonflame|[spread] p1b\n|-activate|p1a: Heliolisk|move: Protect\n|-supereffective|p1b: Talonflame\n|-damage|p1b: Talonflame|0 fnt\n|faint|p1b: Talonflame\n|\n|-weather|Sandstorm|[upkeep]\n|-damage|p1a: Heliolisk|94\/100|[from] Sandstorm\n|upkeep\n|\n|t:|1699306640\n|switch|p1b: Typhlosion|Typhlosion, F, shiny|100\/100\n|turn|2\n|\n|t:|1699306650\n|switch|p1a: Torkoal|Torkoal, F|100\/100\n|-weather|SunnyDay|[from] ability: Drought|[of] p1a: Torkoal\n|move|p2a: Tyranitar|Protect|p2a: Tyranitar\n|-singleturn|p2a: Tyranitar|Protect\n|move|p1b: Typhlosion|Solar Beam||[still]\n|-prepare|p1b: Typhlosion|Solar Beam\n|-anim|p1b: Typhlosion|Solar Beam|p2a: Tyranitar\n|-activate|p2a: Tyranitar|move: Protect\n|move|p2b: Excadrill|Earthquake|p1b: Typhlosion|[spread] p1a,p1b\n|-activate|p2a: Tyranitar|move: Protect\n|-supereffective|p1a: Torkoal\n|-supereffective|p1b: Typhlosion\n|-damage|p1a: Torkoal|37\/100\n|-damage|p1b: Typhlosion|0 fnt\n|faint|p1b: Typhlosion\n|\n|-weather|SunnyDay|[upkeep]\n|upkeep\n|\n|t:|1699306656\n|switch|p1b: Heliolisk|Heliolisk, M|94\/100\n|turn|3\n|\n|t:|1699306671\n|switch|p2b: Gastrodon|Gastrodon, F|100\/100\n|-terastallize|p1b: Heliolisk|Dark\n|move|p1a: Torkoal|Helping Hand|p1b: Heliolisk\n|-singleturn|p1b: Heliolisk|Helping Hand|[of] p1a: Torkoal\n|move|p1b: Heliolisk|Hyper Voice|p2b: Gastrodon|[spread] p2a,p2b\n|-resisted|p2a: Tyranitar\n|-damage|p2a: Tyranitar|74\/100\n|-damage|p2b: Gastrodon|31\/100\n|-enditem|p2b: Gastrodon|Sitrus Berry|[eat]\n|-heal|p2b: Gastrodon|56\/100|[from] item: Sitrus Berry\n|move|p2a: Tyranitar|Rock Slide|p1b: Heliolisk|[spread] \n|-miss|p2a: Tyranitar|p1a: Torkoal\n|-miss|p2a: Tyranitar|p1b: Heliolisk\n|\n|-weather|SunnyDay|[upkeep]\n|-damage|p1b: Heliolisk|82\/100|[from] ability: Solar Power|[of] p1b: Heliolisk\n|upkeep\n|turn|4\n|\n|t:|1699306727\n|switch|p1a: Manectric|Manectric, F, shiny|100\/100\n|move|p1b: Heliolisk|Parabolic Charge|p2a: Tyranitar|[spread] p2a\n|-ability|p1a: Manectric|Lightning Rod|boost\n|-boost|p1a: Manectric|spa|1\n|-immune|p2b: Gastrodon\n|-damage|p2a: Tyranitar|48\/100\n|-heal|p1b: Heliolisk|100\/100|[from] drain|[of] p2a: Tyranitar\n|move|p2a: Tyranitar|Rock Slide|p1b: Heliolisk|[spread] p1b\n|-miss|p2a: Tyranitar|p1a: Manectric\n|-damage|p1b: Heliolisk|35\/100\n|move|p2b: Gastrodon|Recover|p2b: Gastrodon\n|-heal|p2b: Gastrodon|100\/100\n|\n|-weather|SunnyDay|[upkeep]\n|-damage|p1b: Heliolisk|22\/100|[from] ability: Solar Power|[of] p1b: Heliolisk\n|-sideend|p1: GunGalione|move: Tailwind\n|upkeep\n|turn|5\n|\n|t:|1699306748\n|move|p2a: Tyranitar|Protect|p2a: Tyranitar\n|-singleturn|p2a: Tyranitar|Protect\n|move|p1b: Heliolisk|Hyper Voice|p2b: Gastrodon|[spread] p2b\n|-activate|p2a: Tyranitar|move: Protect\n|-damage|p2b: Gastrodon|53\/100\n|move|p1a: Manectric|Signal Beam|p2a: Tyranitar\n|-activate|p2a: Tyranitar|move: Protect\n|move|p2b: Gastrodon|Earth Power|p1a: Manectric\n|-supereffective|p1a: Manectric\n|-damage|p1a: Manectric|3\/100\n|-unboost|p1a: Manectric|spd|1\n|\n|-weather|SunnyDay|[upkeep]\n|-damage|p1b: Heliolisk|10\/100|[from] ability: Solar Power|[of] p1b: Heliolisk\n|upkeep\n|turn|6\n|\n|t:|1699306767\n|switch|p2b: Excadrill|Excadrill, F|100\/100\n|move|p2a: Tyranitar|Protect|p2a: Tyranitar\n|-singleturn|p2a: Tyranitar|Protect\n|move|p1b: Heliolisk|Parabolic Charge|p2b: Excadrill|[spread] \n|-activate|p2a: Tyranitar|move: Protect\n|-ability|p1a: Manectric|Lightning Rod|boost\n|-boost|p1a: Manectric|spa|1\n|-immune|p2b: Excadrill\n|move|p1a: Manectric|Signal Beam|p2a: Tyranitar\n|-activate|p2a: Tyranitar|move: Protect\n|\n|-weather|SunnyDay|[upkeep]\n|-damage|p1b: Heliolisk|0 fnt|[from] ability: Solar Power|[of] p1b: Heliolisk\n|faint|p1b: Heliolisk\n|upkeep\n|-message|GunGalione forfeited.\n|\n|win|Xalvadore\n|raw|GunGalione's rating: 1345 &rarr; <strong>1325<\/strong><br \/>(-20 for losing)\n|raw|Xalvadore's rating: 1342 &rarr; <strong>1362<\/strong><br \/>(+20 for winning)\n|l|\u2606GunGalione\n|c|\u2606Xalvadore|gg\n","uploadtime":1699306786,"views":6,"p1id":"gungalione","p2id":"xalvadore","formatid":"gen9nationaldexdoubles","rating":1325,"private":0,"password":""}