{"id":"gen9nationaldexdoubles-1953089160","p1":"omegashenronone","p2":"L0rdBagel","format":"[Gen 9] National Dex Doubles","log":"|j|\u2606omegashenronone\n|j|\u2606L0rdBagel\n|t:|1695753308\n|gametype|doubles\n|player|p1|omegashenronone|hugh|\n|player|p2|L0rdBagel|juan|\n|teamsize|p1|4\n|teamsize|p2|4\n|gen|9\n|tier|[Gen 9] National Dex Doubles\n|rule|HP Percentage Mod: HP is shown in percentages\n|rule|Endless Battle Clause: Forcing endless battles is banned\n|rule|OHKO Clause: OHKO moves are banned\n|rule|Evasion Moves Clause: Evasion moves are banned\n|rule|Evasion Abilities Clause: Evasion abilities are banned\n|rule|Species Clause: Limit one of each Pok\u00e9mon\n|rule|Gravity Sleep Clause: The combination of sleep-inducing moves with imperfect accuracy and Gravity or Gigantamax Orbeetle are banned\n|clearpoke\n|poke|p1|Pelipper, F|\n|poke|p1|Gyarados, F|\n|poke|p1|Greninja-*, M|\n|poke|p1|Walking Wake|\n|poke|p2|Pelipper, M|\n|poke|p2|Swampert, M|\n|poke|p2|Golisopod, M|\n|poke|p2|Rotom-Wash|\n|teampreview\n|inactive|Battle timer is ON: inactive players will automatically lose when time's up. (requested by omegashenronone)\n|\n|t:|1695753323\n|start\n|switch|p1a: Happy|Pelipper, F|100\/100\n|switch|p1b: CHERRY|Gyarados, F, shiny|100\/100\n|switch|p2a: Pelipper|Pelipper, M|100\/100\n|switch|p2b: Swampert|Swampert, M|100\/100\n|-ability|p1b: CHERRY|Intimidate|boost\n|-unboost|p2a: Pelipper|atk|1\n|-unboost|p2b: Swampert|atk|1\n|-weather|RainDance|[from] ability: Drizzle|[of] p2a: Pelipper\n|turn|1\n|\n|t:|1695753339\n|detailschange|p1b: CHERRY|Gyarados-Mega, F, shiny\n|-mega|p1b: CHERRY|Gyarados|Gyaradosite\n|-ability|p1b: CHERRY|Mold Breaker\n|detailschange|p2b: Swampert|Swampert-Mega, M\n|-mega|p2b: Swampert|Swampert|Swampertite\n|move|p2b: Swampert|Darkest Lariat|p1b: CHERRY\n|-resisted|p1b: CHERRY\n|-damage|p1b: CHERRY|89\/100\n|move|p1b: CHERRY|Dragon Dance|p1b: CHERRY\n|-boost|p1b: CHERRY|atk|1\n|-boost|p1b: CHERRY|spe|1\n|move|p2a: Pelipper|Tailwind|p2a: Pelipper\n|-sidestart|p2: L0rdBagel|move: Tailwind\n|move|p1a: Happy|Tailwind|p1a: Happy\n|-sidestart|p1: omegashenronone|move: Tailwind\n|\n|-weather|RainDance|[upkeep]\n|upkeep\n|turn|2\n|\n|t:|1695753367\n|move|p2b: Swampert|Body Press|p1b: CHERRY\n|-supereffective|p1b: CHERRY\n|-damage|p1b: CHERRY|49\/100\n|move|p1b: CHERRY|Ice Fang|p2b: Swampert\n|-damage|p2b: Swampert|70\/100\n|move|p2a: Pelipper|Air Slash|p1b: CHERRY|[miss]\n|-miss|p2a: Pelipper|p1b: CHERRY\n|move|p1a: Happy|Icy Wind|p2b: Swampert|[spread] p2a,p2b\n|-damage|p2a: Pelipper|87\/100\n|-damage|p2b: Swampert|63\/100\n|-unboost|p2a: Pelipper|spe|1\n|-unboost|p2b: Swampert|spe|1\n|\n|-weather|RainDance|[upkeep]\n|upkeep\n|turn|3\n|\n|t:|1695753390\n|move|p1b: CHERRY|Waterfall|p2b: Swampert\n|-damage|p2b: Swampert|0 fnt\n|faint|p2b: Swampert\n|move|p1a: Happy|Icy Wind|p2a: Pelipper\n|-damage|p2a: Pelipper|70\/100\n|-unboost|p2a: Pelipper|spe|1\n|move|p2a: Pelipper|Air Slash|p1b: CHERRY\n|-damage|p1b: CHERRY|25\/100\n|\n|-weather|RainDance|[upkeep]\n|upkeep\n|\n|t:|1695753395\n|switch|p2b: Golisopod|Golisopod, M|100\/100\n|turn|4\n|\n|t:|1695753414\n|move|p2b: Golisopod|First Impression|p1b: CHERRY\n|-supereffective|p1b: CHERRY\n|-damage|p1b: CHERRY|0 fnt\n|faint|p1b: CHERRY\n|move|p1a: Happy|Icy Wind|p2b: Golisopod|[spread] p2a,p2b\n|-resisted|p2b: Golisopod\n|-damage|p2a: Pelipper|57\/100\n|-damage|p2b: Golisopod|97\/100\n|-unboost|p2a: Pelipper|spe|1\n|-unboost|p2b: Golisopod|spe|1\n|move|p2a: Pelipper|Air Slash|p1a: Happy\n|-damage|p1a: Happy|67\/100\n|\n|-weather|RainDance|[upkeep]\n|-sideend|p2: L0rdBagel|move: Tailwind\n|-sideend|p1: omegashenronone|move: Tailwind\n|upkeep\n|\n|t:|1695753420\n|switch|p1b: Genji|Greninja, M, shiny|100\/100\n|turn|5\n|\n|t:|1695753437\n|switch|p2b: Rotom|Rotom-Wash|100\/100\n|move|p1b: Genji|Surf|p2a: Pelipper|[spread] p1a,p2a,p2b\n|-start|p1b: Genji|typechange|Water|[from] ability: Protean\n|-resisted|p1a: Happy\n|-resisted|p2a: Pelipper\n|-resisted|p2b: Rotom\n|-damage|p1a: Happy|32\/100\n|-damage|p2a: Pelipper|5\/100\n|-damage|p2b: Rotom|54\/100\n|move|p1a: Happy|Icy Wind|p2b: Rotom|[spread] p2a,p2b\n|-resisted|p2b: Rotom\n|-damage|p2a: Pelipper|0 fnt\n|-damage|p2b: Rotom|48\/100\n|-unboost|p2b: Rotom|spe|1\n|faint|p2a: Pelipper\n|\n|-weather|RainDance|[upkeep]\n|upkeep\n|\n|t:|1695753451\n|switch|p2a: Golisopod|Golisopod, M|97\/100\n|turn|6\n|\n|t:|1695753460\n|move|p2a: Golisopod|First Impression|p1b: Genji\n|-damage|p1b: Genji|18\/100\n|move|p1b: Genji|Surf|p2a: Golisopod|[spread] p1a,p2a,p2b\n|-resisted|p1a: Happy\n|-resisted|p2a: Golisopod\n|-resisted|p2b: Rotom\n|-damage|p1a: Happy|0 fnt\n|-damage|p2a: Golisopod|73\/100\n|-damage|p2b: Rotom|1\/100\n|faint|p1a: Happy\n|move|p2b: Rotom|Thunder|p1b: Genji\n|-supereffective|p1b: Genji\n|-damage|p1b: Genji|0 fnt\n|faint|p1b: Genji\n|\n|-weather|RainDance|[upkeep]\n|upkeep\n|c|\u2606omegashenronone|Im sorry happy!\n|\n|t:|1695753480\n|switch|p1b: Waking walk|Walking Wake|100\/100\n|-enditem|p1b: Waking walk|Booster Energy\n|-activate|p1b: Waking walk|ability: Protosynthesis|[fromitem]\n|-start|p1b: Waking walk|protosynthesisspa\n|turn|7\n|\n|t:|1695753512\n|move|p1b: Waking walk|Aqua Jet|p2b: Rotom\n|-resisted|p2b: Rotom\n|-damage|p2b: Rotom|0 fnt\n|faint|p2b: Rotom\n|move|p2a: Golisopod|Brick Break|p1b: Waking walk\n|-damage|p1b: Waking walk|71\/100\n|\n|-weather|RainDance|[upkeep]\n|upkeep\n|turn|8\n|\n|t:|1695753523\n|move|p1b: Waking walk|Hurricane|p2a: Golisopod\n|-supereffective|p2a: Golisopod\n|-damage|p2a: Golisopod|0 fnt\n|faint|p2a: Golisopod\n|\n|win|omegashenronone\n|c|\u2606omegashenronone|Finish him!\n|c|\u2606omegashenronone|Gg\n|c|\u2606omegashenronone|Close match\n","uploadtime":1695753528,"views":16,"p1id":"omegashenronone","p2id":"l0rdbagel","formatid":"gen9nationaldexdoubles","rating":0,"private":0,"password":""}