{"id":"gen9nationaldexdoubles-1964607000","p1":"simp de incineroar","p2":"georgexiii","format":"[Gen 9] National Dex Doubles","log":"|j|\u2606simp de incineroar\n|j|\u2606georgexiii\n|t:|1696985157\n|gametype|doubles\n|player|p1|simp de incineroar|dawn|1111\n|player|p2|georgexiii|birdkeeper-gen4dp|1100\n|teamsize|p1|6\n|teamsize|p2|6\n|gen|9\n|tier|[Gen 9] National Dex Doubles\n|rated|\n|rule|HP Percentage Mod: HP is shown in percentages\n|rule|Endless Battle Clause: Forcing endless battles is banned\n|rule|OHKO Clause: OHKO moves are banned\n|rule|Evasion Moves Clause: Evasion moves are banned\n|rule|Evasion Abilities Clause: Evasion abilities are banned\n|rule|Species Clause: Limit one of each Pok\u00e9mon\n|rule|Gravity Sleep Clause: The combination of sleep-inducing moves with imperfect accuracy and Gravity or Gigantamax Orbeetle are banned\n|clearpoke\n|poke|p1|Incineroar, M|\n|poke|p1|Chansey, F|\n|poke|p1|Gardevoir, F|\n|poke|p1|Clefable, F|\n|poke|p1|Murkrow, M|\n|poke|p1|Meowscarada, F|\n|poke|p2|Ribombee, F|\n|poke|p2|Oricorio-Pom-Pom, F|\n|poke|p2|Clefable, F|\n|poke|p2|Primarina, M|\n|poke|p2|Chandelure, F|\n|poke|p2|Lopunny, F|\n|teampreview\n|c|\u2606georgexiii|heyyyy\n|\n|t:|1696985172\n|start\n|switch|p1a: Incineroar|Incineroar, M, shiny|100\/100\n|switch|p1b: Gardevoir|Gardevoir, F, shiny|100\/100\n|switch|p2a: Midge|Clefable, F|100\/100\n|switch|p2b: Cream|Oricorio-Pom-Pom, F, shiny|100\/100\n|-ability|p1a: Incineroar|Intimidate|boost\n|-unboost|p2a: Midge|atk|1\n|-unboost|p2b: Cream|atk|1\n|turn|1\n|\n|t:|1696985209\n|detailschange|p1b: Gardevoir|Gardevoir-Mega, F, shiny\n|-mega|p1b: Gardevoir|Gardevoir|Gardevoirite\n|move|p2a: Midge|Follow Me|p2a: Midge\n|-singleturn|p2a: Midge|move: Follow Me\n|move|p2b: Cream|Substitute|p2b: Cream\n|-start|p2b: Cream|Substitute\n|-damage|p2b: Cream|76\/100\n|move|p1b: Gardevoir|Hyper Beam|p2a: Midge\n|-damage|p2a: Midge|24\/100\n|-mustrecharge|p1b: Gardevoir\n|move|p1a: Incineroar|Knock Off|p2a: Midge\n|-resisted|p2a: Midge\n|-damage|p2a: Midge|4\/100\n|-enditem|p2a: Midge|Covert Cloak|[from] move: Knock Off|[of] p1a: Incineroar\n|\n|-heal|p2b: Cream|82\/100|[from] item: Leftovers\n|upkeep\n|turn|2\n|\n|t:|1696985268\n|switch|p1a: Clefable|Clefable, F, shiny|100\/100\n|move|p2b: Cream|Quiver Dance|p2b: Cream\n|-boost|p2b: Cream|spa|1\n|-boost|p2b: Cream|spd|1\n|-boost|p2b: Cream|spe|1\n|cant|p1b: Gardevoir|recharge\n|move|p2a: Midge|Toxic|p1b: Gardevoir\n|-status|p1b: Gardevoir|tox\n|\n|-heal|p2b: Cream|88\/100|[from] item: Leftovers\n|-damage|p1b: Gardevoir|94\/100 tox|[from] psn\n|upkeep\n|turn|3\n|\n|t:|1696985306\n|move|p2a: Midge|Follow Me|p2a: Midge\n|-singleturn|p2a: Midge|move: Follow Me\n|move|p2b: Cream|Icy Wind|p1a: Clefable|[spread] p1a,p1b\n|-damage|p1a: Clefable|87\/100\n|-damage|p1b: Gardevoir|81\/100 tox\n|-unboost|p1a: Clefable|spe|1\n|-unboost|p1b: Gardevoir|spe|1\n|move|p1b: Gardevoir|Hyper Beam|p2a: Midge\n|-damage|p2a: Midge|0 fnt\n|-mustrecharge|p1b: Gardevoir\n|faint|p2a: Midge\n|move|p1a: Clefable|Moonblast|p2b: Cream\n|-end|p2b: Cream|Substitute\n|\n|-heal|p2b: Cream|94\/100|[from] item: Leftovers\n|-damage|p1b: Gardevoir|68\/100 tox|[from] psn\n|upkeep\n|\n|t:|1696985324\n|switch|p2a: Blue|Ribombee, F, shiny|100\/100\n|turn|4\n|\n|t:|1696985342\n|move|p2b: Cream|Revelation Dance|p1a: Clefable\n|-damage|p1a: Clefable|45\/100\n|move|p2a: Blue|Quiver Dance|p2a: Blue\n|-boost|p2a: Blue|spa|1\n|-boost|p2a: Blue|spd|1\n|-boost|p2a: Blue|spe|1\n|-activate|p2b: Cream|ability: Dancer\n|move|p2b: Cream|Quiver Dance|p2b: Cream|[from]ability: Dancer\n|-boost|p2b: Cream|spa|1\n|-boost|p2b: Cream|spd|1\n|-boost|p2b: Cream|spe|1\n|cant|p1b: Gardevoir|recharge\n|move|p1a: Clefable|Thunder Wave|p2b: Cream\n|-immune|p2b: Cream\n|\n|-heal|p2b: Cream|100\/100|[from] item: Leftovers\n|-damage|p1b: Gardevoir|50\/100 tox|[from] psn\n|upkeep\n|turn|5\n|\n|t:|1696985377\n|switch|p1b: Chansey|Chansey, F, shiny|100\/100\n|move|p2a: Blue|Protect|p2a: Blue\n|-singleturn|p2a: Blue|Protect\n|move|p2b: Cream|Revelation Dance|p1b: Chansey\n|-damage|p1b: Chansey|82\/100\n|move|p1a: Clefable|Thunder Wave|p2a: Blue\n|-activate|p2a: Blue|move: Protect\n|\n|upkeep\n|turn|6\n|\n|t:|1696985392\n|move|p2b: Cream|Substitute|p2b: Cream\n|-start|p2b: Cream|Substitute\n|-damage|p2b: Cream|76\/100\n|move|p2a: Blue|Quiver Dance|p2a: Blue\n|-boost|p2a: Blue|spa|1\n|-boost|p2a: Blue|spd|1\n|-boost|p2a: Blue|spe|1\n|-activate|p2b: Cream|ability: Dancer\n|move|p2b: Cream|Quiver Dance|p2b: Cream|[from]ability: Dancer\n|-boost|p2b: Cream|spa|1\n|-boost|p2b: Cream|spd|1\n|-boost|p2b: Cream|spe|1\n|move|p1b: Chansey|Stealth Rock|p2b: Cream\n|-sidestart|p2: georgexiii|move: Stealth Rock\n|move|p1a: Clefable|Thunder Wave|p2a: Blue\n|-status|p2a: Blue|par\n|\n|-heal|p2b: Cream|82\/100|[from] item: Leftovers\n|upkeep\n|turn|7\n|\n|t:|1696985426\n|move|p2b: Cream|Revelation Dance|p1b: Chansey\n|-damage|p1b: Chansey|57\/100\n|cant|p2a: Blue|par\n|move|p1b: Chansey|Toxic||[still]\n|-fail|p1b: Chansey\n|move|p1a: Clefable|Moonblast|p2b: Cream\n|-activate|p2b: Cream|move: Substitute|[damage]\n|\n|-heal|p2b: Cream|88\/100|[from] item: Leftovers\n|upkeep\n|turn|8\n|\n|t:|1696985442\n|move|p2b: Cream|Quiver Dance|p2b: Cream\n|-boost|p2b: Cream|spa|1\n|-boost|p2b: Cream|spd|1\n|-boost|p2b: Cream|spe|1\n|move|p2a: Blue|Skill Swap|p1a: Clefable\n|-activate|p2a: Blue|move: Skill Swap|Magic Guard|Sweet Veil|[of] p1a: Clefable\n|move|p1b: Chansey|Toxic||[still]\n|-fail|p1b: Chansey\n|move|p1a: Clefable|Moonblast|p2b: Cream\n|-end|p2b: Cream|Substitute\n|-damage|p1a: Clefable|35\/100|[from] item: Life Orb\n|\n|-heal|p2b: Cream|94\/100|[from] item: Leftovers\n|upkeep\n|turn|9\n|\n|t:|1696985462\n|move|p2b: Cream|Substitute|p2b: Cream\n|-start|p2b: Cream|Substitute\n|-damage|p2b: Cream|69\/100\n|cant|p2a: Blue|par\n|move|p1b: Chansey|Toxic||[still]\n|-fail|p1b: Chansey\n|move|p1a: Clefable|Thunder Wave||[still]\n|-fail|p1a: Clefable\n|\n|-heal|p2b: Cream|76\/100|[from] item: Leftovers\n|upkeep\n|turn|10\n|\n|t:|1696985495\n|move|p2b: Cream|Revelation Dance|p1a: Clefable\n|-damage|p1a: Clefable|0 fnt\n|faint|p1a: Clefable\n|move|p2a: Blue|Skill Swap|p2b: Cream\n|-activate|p2a: Blue|move: Skill Swap|||[of] p2b: Cream\n|move|p1b: Chansey|Toxic||[still]\n|-fail|p1b: Chansey\n|\n|-heal|p2b: Cream|82\/100|[from] item: Leftovers\n|upkeep\n|\n|t:|1696985501\n|switch|p1a: Murkrow|Murkrow, M|100\/100\n|turn|11\n|\n|t:|1696985511\n|move|p2a: Blue|Protect|p2a: Blue\n|-singleturn|p2a: Blue|Protect\n|move|p1a: Murkrow|Haze|p1a: Murkrow\n|-clearallboost\n|move|p2b: Cream|Revelation Dance|p1a: Murkrow\n|-supereffective|p1a: Murkrow\n|-damage|p1a: Murkrow|32\/100\n|-activate|p2a: Blue|ability: Dancer\n|cant|p2a: Blue|par\n|move|p1b: Chansey|Soft-Boiled|p1b: Chansey\n|-heal|p1b: Chansey|100\/100\n|\n|-heal|p2b: Cream|88\/100|[from] item: Leftovers\n|upkeep\n|turn|12\n|\n|t:|1696985540\n|switch|p1a: Incineroar|Incineroar, M, shiny|100\/100\n|-ability|p1a: Incineroar|Intimidate|boost\n|-unboost|p2a: Blue|atk|1\n|-immune|p2b: Cream\n|move|p2b: Cream|Quiver Dance|p2b: Cream\n|-boost|p2b: Cream|spa|1\n|-boost|p2b: Cream|spd|1\n|-boost|p2b: Cream|spe|1\n|-activate|p2a: Blue|ability: Dancer\n|move|p2a: Blue|Quiver Dance|p2a: Blue|[from]ability: Dancer\n|-boost|p2a: Blue|spa|1\n|-boost|p2a: Blue|spd|1\n|-boost|p2a: Blue|spe|1\n|move|p2a: Blue|Moonblast|p1a: Incineroar\n|-damage|p1a: Incineroar|55\/100\n|-damage|p2a: Blue|91\/100 par|[from] item: Life Orb\n|move|p1b: Chansey|Toxic||[still]\n|-fail|p1b: Chansey\n|\n|-heal|p2b: Cream|94\/100|[from] item: Leftovers\n|upkeep\n|turn|13\n|\n|t:|1696985567\n|move|p1b: Chansey|Helping Hand|p1a: Incineroar\n|-singleturn|p1a: Incineroar|Helping Hand|[of] p1b: Chansey\n|cant|p2a: Blue|par\n|move|p2b: Cream|Quiver Dance|p2b: Cream\n|-boost|p2b: Cream|spa|1\n|-boost|p2b: Cream|spd|1\n|-boost|p2b: Cream|spe|1\n|-activate|p2a: Blue|ability: Dancer\n|cant|p2a: Blue|par\n|move|p1a: Incineroar|Flare Blitz|p2b: Cream\n|-end|p2b: Cream|Substitute\n|-damage|p1a: Incineroar|46\/100|[from] Recoil|[of] p2b: Cream\n|\n|-heal|p2b: Cream|100\/100|[from] item: Leftovers\n|upkeep\n|turn|14\n|\n|t:|1696985603\n|move|p1b: Chansey|Helping Hand|p1a: Incineroar\n|-singleturn|p1a: Incineroar|Helping Hand|[of] p1b: Chansey\n|move|p2b: Cream|Quiver Dance|p2b: Cream\n|-boost|p2b: Cream|spa|1\n|-boost|p2b: Cream|spd|1\n|-boost|p2b: Cream|spe|1\n|-activate|p2a: Blue|ability: Dancer\n|move|p2a: Blue|Quiver Dance|p2a: Blue|[from]ability: Dancer\n|-boost|p2a: Blue|spa|1\n|-boost|p2a: Blue|spd|1\n|-boost|p2a: Blue|spe|1\n|move|p2a: Blue|Moonblast|p1a: Incineroar\n|-damage|p1a: Incineroar|0 fnt\n|faint|p1a: Incineroar\n|-damage|p2a: Blue|81\/100 par|[from] item: Life Orb\n|\n|upkeep\n|\n|t:|1696985623\n|switch|p1a: Murkrow|Murkrow, M|32\/100\n|turn|15\n|\n|t:|1696985655\n|move|p1a: Murkrow|Haze|p1a: Murkrow\n|-clearallboost\n|move|p2b: Cream|Quiver Dance|p2b: Cream\n|-boost|p2b: Cream|spa|1\n|-boost|p2b: Cream|spd|1\n|-boost|p2b: Cream|spe|1\n|-activate|p2a: Blue|ability: Dancer\n|move|p2a: Blue|Quiver Dance|p2a: Blue|[from]ability: Dancer\n|-boost|p2a: Blue|spa|1\n|-boost|p2a: Blue|spd|1\n|-boost|p2a: Blue|spe|1\n|move|p2a: Blue|Moonblast|p1a: Murkrow\n|-supereffective|p1a: Murkrow\n|-damage|p1a: Murkrow|0 fnt\n|faint|p1a: Murkrow\n|-damage|p2a: Blue|71\/100 par|[from] item: Life Orb\n|move|p1b: Chansey|Toxic|p2b: Cream\n|-status|p2b: Cream|tox\n|\n|upkeep\n|\n|t:|1696985662\n|switch|p1a: Gardevoir|Gardevoir-Mega, F, shiny|50\/100 tox\n|turn|16\n|\n|t:|1696985676\n|move|p1b: Chansey|Helping Hand|p1a: Gardevoir\n|-singleturn|p1a: Gardevoir|Helping Hand|[of] p1b: Chansey\n|cant|p2a: Blue|par\n|move|p2b: Cream|Substitute|p2b: Cream\n|-start|p2b: Cream|Substitute\n|-damage|p2b: Cream|76\/100 tox\n|move|p1a: Gardevoir|Dazzling Gleam|p2b: Cream|[spread] p2a,p2b\n|-end|p2b: Cream|Substitute\n|-damage|p2a: Blue|2\/100 par\n|\n|-heal|p2b: Cream|82\/100 tox|[from] item: Leftovers\n|-activate|p1b: Chansey|ability: Healer\n|-curestatus|p1a: Gardevoir|tox|[msg]\n|upkeep\n|turn|17\n|\n|t:|1696985702\n|move|p1b: Chansey|Helping Hand|p1a: Gardevoir\n|-singleturn|p1a: Gardevoir|Helping Hand|[of] p1b: Chansey\n|move|p2a: Blue|Protect|p2a: Blue\n|-singleturn|p2a: Blue|Protect\n|move|p2b: Cream|Revelation Dance|p1a: Gardevoir\n|-damage|p1a: Gardevoir|10\/100\n|-activate|p2a: Blue|ability: Dancer\n|move|p2a: Blue|Revelation Dance|p1a: Gardevoir|[from]ability: Dancer\n|-damage|p1a: Gardevoir|0 fnt\n|faint|p1a: Gardevoir\n|-damage|p2a: Blue|0 fnt|[from] item: Life Orb\n|faint|p2a: Blue\n|\n|-heal|p2b: Cream|88\/100 tox|[from] item: Leftovers\n|upkeep\n|\n|t:|1696985719\n|switch|p2a: President Barbie|Lopunny, F, shiny|100\/100\n|switch|p1a: Meowscarada|Meowscarada, F|100\/100\n|-damage|p2a: President Barbie|88\/100|[from] Stealth Rock\n|turn|18\n|\n|t:|1696985739\n|detailschange|p2a: President Barbie|Lopunny-Mega, F, shiny\n|-mega|p2a: President Barbie|Lopunny|Lopunnite\n|move|p1b: Chansey|Helping Hand|p1a: Meowscarada\n|-singleturn|p1a: Meowscarada|Helping Hand|[of] p1b: Chansey\n|move|p2a: President Barbie|Fake Out|p1a: Meowscarada\n|-damage|p1a: Meowscarada|65\/100\n|cant|p1a: Meowscarada|flinch\n|move|p2b: Cream|Substitute|p2b: Cream\n|-start|p2b: Cream|Substitute\n|-damage|p2b: Cream|63\/100 tox\n|\n|-heal|p2b: Cream|69\/100 tox|[from] item: Leftovers\n|upkeep\n|turn|19\n|-message|simp de incineroar forfeited.\n|\n|win|georgexiii\n|raw|simp de incineroar's rating: 1111 &rarr; <strong>1085<\/strong><br \/>(-26 for losing)\n|raw|georgexiii's rating: 1100 &rarr; <strong>1126<\/strong><br \/>(+26 for winning)\n|l|\u2606simp de incineroar\n|c|\u2606georgexiii|gg\n","uploadtime":1696985760,"views":8,"p1id":"simpdeincineroar","p2id":"georgexiii","formatid":"gen9nationaldexdoubles","rating":1085,"private":0,"password":""}