{"id":"gen9nationaldexdoubles-1959573039","p1":"NotBugSme","p2":"Chumpette","format":"[Gen 9] National Dex Doubles","log":"|j|\u2606NotBugSme\n|j|\u2606Chumpette\n|t:|1696438394\n|gametype|doubles\n|player|p1|NotBugSme|koga|\n|player|p2|Chumpette|boarder|\n|teamsize|p1|6\n|teamsize|p2|6\n|gen|9\n|tier|[Gen 9] National Dex Doubles\n|rule|HP Percentage Mod: HP is shown in percentages\n|rule|Endless Battle Clause: Forcing endless battles is banned\n|rule|OHKO Clause: OHKO moves are banned\n|rule|Evasion Moves Clause: Evasion moves are banned\n|rule|Evasion Abilities Clause: Evasion abilities are banned\n|rule|Species Clause: Limit one of each Pok\u00e9mon\n|rule|Gravity Sleep Clause: The combination of sleep-inducing moves with imperfect accuracy and Gravity or Gigantamax Orbeetle are banned\n|clearpoke\n|poke|p1|Kingambit, M|\n|poke|p1|Avalugg-Hisui, F|\n|poke|p1|Tyranitar, M|\n|poke|p1|Carbink|\n|poke|p1|Aggron, F|\n|poke|p1|Archeops, F|\n|poke|p2|Ninetales-Alola, M|\n|poke|p2|Togekiss, F|\n|poke|p2|Vanilluxe, F|\n|poke|p2|Cloyster, M|\n|poke|p2|Jolteon, F|\n|poke|p2|Sandslash-Alola, M|\n|teampreview\n|\n|t:|1696438420\n|start\n|switch|p1a: Tyranitar|Tyranitar, M, shiny|100\/100\n|switch|p1b: Archeops|Archeops, F, shiny|100\/100\n|switch|p2a: Sycophant|Togekiss, F|100\/100\n|switch|p2b: The Messiah|Sandslash-Alola, M|100\/100\n|-weather|Sandstorm|[from] ability: Sand Stream|[of] p1a: Tyranitar\n|turn|1\n|\n|t:|1696438437\n|switch|p2a: Vanilla Ice|Vanilluxe, F|100\/100\n|-weather|Snow|[from] ability: Snow Warning|[of] p2a: Vanilla Ice\n|move|p2b: The Messiah|Triple Axel|p1b: Archeops\n|-supereffective|p1b: Archeops\n|-damage|p1b: Archeops|70\/100\n|-supereffective|p1b: Archeops\n|-damage|p1b: Archeops|10\/100\n|-supereffective|p1b: Archeops\n|-damage|p1b: Archeops|0 fnt\n|faint|p1b: Archeops\n|-hitcount|p1: Archeops|3\n|move|p1a: Tyranitar|Thunder Punch|p2a: Vanilla Ice\n|-damage|p2a: Vanilla Ice|71\/100\n|-damage|p1a: Tyranitar|91\/100|[from] item: Life Orb\n|\n|-weather|Snow|[upkeep]\n|upkeep\n|\n|t:|1696438452\n|switch|p1b: Avalugg|Avalugg-Hisui, F, shiny|100\/100\n|turn|2\n|\n|t:|1696438481\n|move|p2b: The Messiah|Brick Break|p1a: Tyranitar\n|-supereffective|p1a: Tyranitar\n|-damage|p1a: Tyranitar|5\/100\n|move|p1a: Tyranitar|Fire Punch|p2b: The Messiah\n|-supereffective|p2b: The Messiah\n|-damage|p2b: The Messiah|0 fnt\n|faint|p2b: The Messiah\n|-damage|p1a: Tyranitar|0 fnt|[from] item: Life Orb\n|faint|p1a: Tyranitar\n|move|p2a: Vanilla Ice|Signal Beam|p1b: Avalugg\n|-damage|p1b: Avalugg|55\/100\n|move|p1b: Avalugg|Body Press|p2a: Vanilla Ice\n|-supereffective|p2a: Vanilla Ice\n|-damage|p2a: Vanilla Ice|9\/100\n|\n|-weather|Snow|[upkeep]\n|upkeep\n|\n|t:|1696438546\n|switch|p2b: Judas|Cloyster, M|100\/100\n|switch|p1a: Aggron|Aggron, F, shiny|100\/100\n|turn|3\n|\n|t:|1696438574\n|move|p2b: Judas|Shell Smash|p2b: Judas\n|-unboost|p2b: Judas|def|1\n|-unboost|p2b: Judas|spd|1\n|-boost|p2b: Judas|atk|2\n|-boost|p2b: Judas|spa|2\n|-boost|p2b: Judas|spe|2\n|-enditem|p2b: Judas|White Herb\n|-clearnegativeboost|p2b: Judas|[silent]\n|move|p2a: Vanilla Ice|Water Pulse|p1a: Aggron\n|-supereffective|p1a: Aggron\n|-damage|p1a: Aggron|74\/100\n|move|p1a: Aggron|Body Press|p2b: Judas\n|-supereffective|p2b: Judas\n|-damage|p2b: Judas|61\/100\n|move|p1b: Avalugg|Rock Slide|p2b: Judas|[spread] p2a,p2b\n|-supereffective|p2a: Vanilla Ice\n|-supereffective|p2b: Judas\n|-damage|p2a: Vanilla Ice|0 fnt\n|-damage|p2b: Judas|33\/100\n|faint|p2a: Vanilla Ice\n|\n|-weather|Snow|[upkeep]\n|upkeep\n|\n|t:|1696438598\n|switch|p2a: Sycophant|Togekiss, F|100\/100\n|turn|4\n|\n|t:|1696438619\n|move|p2b: Judas|Icicle Spear|p1a: Aggron\n|-resisted|p1a: Aggron\n|-damage|p1a: Aggron|68\/100\n|-resisted|p1a: Aggron\n|-damage|p1a: Aggron|62\/100\n|-resisted|p1a: Aggron\n|-damage|p1a: Aggron|55\/100\n|-resisted|p1a: Aggron\n|-damage|p1a: Aggron|49\/100\n|-resisted|p1a: Aggron\n|-damage|p1a: Aggron|43\/100\n|-hitcount|p1a: Aggron|5\n|move|p2a: Sycophant|Air Slash|p1a: Aggron\n|-resisted|p1a: Aggron\n|-damage|p1a: Aggron|37\/100\n|cant|p1a: Aggron|flinch\n|move|p1b: Avalugg|Rock Slide|p2a: Sycophant|[spread] p2a\n|-miss|p1b: Avalugg|p2b: Judas\n|-supereffective|p2a: Sycophant\n|-damage|p2a: Sycophant|53\/100\n|\n|-weather|Snow|[upkeep]\n|upkeep\n|turn|5\n|\n|t:|1696438650\n|move|p2b: Judas|Rock Blast|p1b: Avalugg\n|-supereffective|p1b: Avalugg\n|-damage|p1b: Avalugg|45\/100\n|-supereffective|p1b: Avalugg\n|-damage|p1b: Avalugg|37\/100\n|-supereffective|p1b: Avalugg\n|-damage|p1b: Avalugg|28\/100\n|-supereffective|p1b: Avalugg\n|-damage|p1b: Avalugg|20\/100\n|-supereffective|p1b: Avalugg\n|-crit|p1b: Avalugg\n|-damage|p1b: Avalugg|7\/100\n|-hitcount|p1b: Avalugg|5\n|move|p2a: Sycophant|Air Slash|p1a: Aggron\n|-resisted|p1a: Aggron\n|-damage|p1a: Aggron|32\/100\n|cant|p1a: Aggron|flinch\n|move|p1b: Avalugg|Rock Slide|p2b: Judas|[spread] p2a,p2b\n|-supereffective|p2a: Sycophant\n|-supereffective|p2b: Judas\n|-crit|p2b: Judas\n|-damage|p2a: Sycophant|6\/100\n|-damage|p2b: Judas|0 fnt\n|faint|p2b: Judas\n|\n|-weather|none\n|upkeep\n|\n|t:|1696438671\n|switch|p2b: Winter|Ninetales-Alola, M|100\/100\n|-weather|Snow|[from] ability: Snow Warning|[of] p2b: Winter\n|turn|6\n|\n|t:|1696438697\n|move|p2b: Winter|Blizzard|p1a: Aggron|[spread] p1a,p1b\n|-resisted|p1a: Aggron\n|-resisted|p1b: Avalugg\n|-damage|p1a: Aggron|21\/100\n|-damage|p1b: Avalugg|0 fnt\n|faint|p1b: Avalugg\n|move|p2a: Sycophant|Air Slash|p1a: Aggron\n|-resisted|p1a: Aggron\n|-damage|p1a: Aggron|16\/100\n|cant|p1a: Aggron|flinch\n|\n|-weather|Snow|[upkeep]\n|upkeep\n|\n|t:|1696438706\n|switch|p1b: Carbink|Carbink, shiny|100\/100\n|turn|7\n|\n|t:|1696438745\n|move|p2b: Winter|Blizzard|p1b: Carbink|[spread] p1a,p1b\n|-resisted|p1a: Aggron\n|-damage|p1a: Aggron|4\/100\n|-damage|p1b: Carbink|77\/100\n|move|p2a: Sycophant|Air Slash|p1a: Aggron\n|-resisted|p1a: Aggron\n|-damage|p1a: Aggron|0 fnt\n|faint|p1a: Aggron\n|move|p1b: Carbink|Body Press|p2a: Sycophant\n|-resisted|p2a: Sycophant\n|-damage|p2a: Sycophant|0 fnt\n|-damage|p1b: Carbink|61\/100|[from] item: Rocky Helmet|[of] p2a: Sycophant\n|faint|p2a: Sycophant\n|\n|-weather|Snow|[upkeep]\n|-heal|p1b: Carbink|67\/100|[from] item: Leftovers\n|upkeep\n|\n|t:|1696438759\n|switch|p2a: MC Hammer|Jolteon, F|100\/100\n|switch|p1a: Kingambit|Kingambit, M, shiny|100\/100\n|-activate|p1a: Kingambit|ability: Supreme Overlord\n|-start|p1a: Kingambit|fallen4|[silent]\n|turn|8\n|\n|t:|1696438801\n|move|p1a: Kingambit|Sucker Punch|p2a: MC Hammer\n|-damage|p2a: MC Hammer|0 fnt\n|faint|p2a: MC Hammer\n|move|p2b: Winter|Blizzard|p1a: Kingambit|[spread] p1a,p1b\n|-resisted|p1a: Kingambit\n|-damage|p1a: Kingambit|86\/100\n|-damage|p1b: Carbink|44\/100\n|move|p1b: Carbink|Body Press|p2b: Winter\n|-damage|p2b: Winter|67\/100\n|\n|-weather|Snow|[upkeep]\n|-heal|p1b: Carbink|50\/100|[from] item: Leftovers\n|upkeep\n|turn|9\n|\n|t:|1696438818\n|move|p1a: Kingambit|Sucker Punch|p2b: Winter\n|-resisted|p2b: Winter\n|-damage|p2b: Winter|34\/100\n|move|p2b: Winter|Blizzard|p1a: Kingambit|[spread] p1a,p1b\n|-resisted|p1a: Kingambit\n|-crit|p1a: Kingambit\n|-damage|p1a: Kingambit|63\/100\n|-damage|p1b: Carbink|26\/100\n|move|p1b: Carbink|Rest|p1b: Carbink\n|-status|p1b: Carbink|slp|[from] move: Rest\n|-heal|p1b: Carbink|100\/100 slp|[silent]\n|\n|-weather|Snow|[upkeep]\n|upkeep\n|turn|10\n|\n|t:|1696438831\n|move|p1a: Kingambit|Sucker Punch|p2b: Winter\n|-resisted|p2b: Winter\n|-damage|p2b: Winter|2\/100\n|move|p2b: Winter|Moonblast|p1a: Kingambit\n|-damage|p1a: Kingambit|31\/100\n|cant|p1b: Carbink|slp\n|move|p1b: Carbink|Sleep Talk|p1b: Carbink\n|move|p1b: Carbink|Body Press|p2b: Winter|[from]move: Sleep Talk\n|-damage|p2b: Winter|0 fnt\n|faint|p2b: Winter\n|\n|win|NotBugSme\n","uploadtime":1696438848,"views":15,"p1id":"notbugsme","p2id":"chumpette","formatid":"gen9nationaldexdoubles","rating":0,"private":0,"password":""}