{"id":"gen9nationaldexdoubles-1993678651","p1":"sans525262","p2":"Galaxia015","format":"[Gen 9] National Dex Doubles","log":"|j|\u2606sans525262\n|j|\u2606Galaxia015\n|t:|1700344655\n|gametype|doubles\n|player|p1|sans525262|preschooler|\n|player|p2|Galaxia015|ghetsis|\n|teamsize|p1|6\n|teamsize|p2|6\n|gen|9\n|tier|[Gen 9] National Dex Doubles\n|rule|HP Percentage Mod: HP is shown in percentages\n|rule|Endless Battle Clause: Forcing endless battles is banned\n|rule|OHKO Clause: OHKO moves are banned\n|rule|Evasion Moves Clause: Evasion moves are banned\n|rule|Evasion Abilities Clause: Evasion abilities are banned\n|rule|Species Clause: Limit one of each Pok\u00e9mon\n|rule|Gravity Sleep Clause: The combination of sleep-inducing moves with imperfect accuracy and Gravity or Gigantamax Orbeetle are banned\n|clearpoke\n|poke|p1|Amoonguss, M|\n|poke|p1|Charizard, F|\n|poke|p1|Victini|\n|poke|p1|Armarouge, M|\n|poke|p1|Indeedee-F, F|\n|poke|p1|Ogerpon-Hearthflame, F|\n|poke|p2|Dracovish|\n|poke|p2|Urshifu-*, M|\n|poke|p2|Tornadus, M|\n|poke|p2|Pelipper, F|\n|poke|p2|Gastrodon-East, F|\n|poke|p2|Heatran, F|\n|teampreview\n|\n|t:|1700344698\n|start\n|switch|p1a: Indeedee|Indeedee-F, F|100\/100\n|switch|p1b: Armarouge|Armarouge, M|100\/100\n|switch|p2a: Tornadus|Tornadus, M|100\/100\n|switch|p2b: Urshifu|Urshifu-Rapid-Strike, M|100\/100\n|-fieldstart|move: Psychic Terrain|[from] ability: Psychic Surge|[of] p1a: Indeedee\n|turn|1\n|\n|t:|1700344718\n|switch|p2a: Pelipper|Pelipper, F|100\/100\n|-weather|RainDance|[from] ability: Drizzle|[of] p2a: Pelipper\n|-terastallize|p2b: Urshifu|Water\n|move|p2b: Urshifu|Surging Strikes|p1a: Indeedee\n|-crit|p1a: Indeedee\n|-damage|p1a: Indeedee|28\/100\n|-crit|p1a: Indeedee\n|-damage|p1a: Indeedee|0 fnt\n|faint|p1a: Indeedee\n|-hitcount|p1: Indeedee|2\n|move|p1b: Armarouge|Calm Mind|p1b: Armarouge\n|-boost|p1b: Armarouge|spa|1\n|-boost|p1b: Armarouge|spd|1\n|\n|-weather|RainDance|[upkeep]\n|upkeep\n|\n|t:|1700344732\n|switch|p1a: Charizard|Charizard, F|100\/100\n|turn|2\n|\n|t:|1700344752\n|detailschange|p1a: Charizard|Charizard-Mega-Y, F\n|-mega|p1a: Charizard|Charizard|Charizardite Y\n|-weather|SunnyDay|[from] ability: Drought|[of] p1a: Charizard\n|move|p1a: Charizard|Solar Beam||[still]\n|-prepare|p1a: Charizard|Solar Beam\n|-anim|p1a: Charizard|Solar Beam|p2b: Urshifu\n|-supereffective|p2b: Urshifu\n|-damage|p2b: Urshifu|0 fnt\n|faint|p2b: Urshifu\n|move|p1b: Armarouge|Expanding Force|p2a: Pelipper\n|-crit|p2a: Pelipper\n|-damage|p2a: Pelipper|0 fnt\n|faint|p2a: Pelipper\n|\n|-weather|SunnyDay|[upkeep]\n|upkeep\n|\n|t:|1700344762\n|switch|p2b: Heatran|Heatran, F|100\/100\n|switch|p2a: Tornadus|Tornadus, M|100\/100\n|turn|3\n|\n|t:|1700344789\n|move|p1a: Charizard|Scorching Sands|p2b: Heatran\n|-supereffective|p2b: Heatran\n|-damage|p2b: Heatran|31\/100\n|move|p2a: Tornadus|Bleakwind Storm|p1b: Armarouge|[spread] p1b\n|-miss|p2a: Tornadus|p1a: Charizard\n|-damage|p1b: Armarouge|77\/100\n|move|p2b: Heatran|Substitute|p2b: Heatran\n|-start|p2b: Heatran|Substitute\n|-damage|p2b: Heatran|6\/100\n|move|p1b: Armarouge|Expanding Force|p2b: Heatran|[spread] p2a,p2b\n|-resisted|p2b: Heatran\n|-end|p2b: Heatran|Substitute\n|-damage|p2a: Tornadus|30\/100\n|\n|-weather|SunnyDay|[upkeep]\n|-heal|p2b: Heatran|12\/100|[from] item: Leftovers\n|upkeep\n|turn|4\n|inactive|Battle timer is ON: inactive players will automatically lose when time's up. (requested by Galaxia015)\n|\n|t:|1700344825\n|move|p2b: Heatran|Protect|p2b: Heatran\n|-singleturn|p2b: Heatran|Protect\n|move|p1a: Charizard|Scorching Sands|p2b: Heatran\n|-activate|p2b: Heatran|move: Protect\n|move|p2a: Tornadus|Bleakwind Storm|p1a: Charizard|[spread] p1a,p1b\n|-damage|p1a: Charizard|69\/100\n|-damage|p1b: Armarouge|56\/100\n|move|p1b: Armarouge|Expanding Force|p2b: Heatran|[spread] p2a\n|-activate|p2b: Heatran|move: Protect\n|-damage|p2a: Tornadus|0 fnt\n|faint|p2a: Tornadus\n|\n|-weather|SunnyDay|[upkeep]\n|-heal|p2b: Heatran|19\/100|[from] item: Leftovers\n|upkeep\n|\n|t:|1700344837\n|switch|p2a: Gastrodon|Gastrodon-East, F|100\/100\n|turn|5\n|\n|t:|1700344861\n|move|p1a: Charizard|Solar Beam||[still]\n|-prepare|p1a: Charizard|Solar Beam\n|-anim|p1a: Charizard|Solar Beam|p2a: Gastrodon\n|-supereffective|p2a: Gastrodon\n|-damage|p2a: Gastrodon|0 fnt\n|faint|p2a: Gastrodon\n|move|p2b: Heatran|Magma Storm|p1a: Charizard|[miss]\n|-miss|p2b: Heatran|p1a: Charizard\n|move|p1b: Armarouge|Expanding Force|p2b: Heatran\n|-resisted|p2b: Heatran\n|-damage|p2b: Heatran|0 fnt\n|faint|p2b: Heatran\n|\n|-weather|SunnyDay|[upkeep]\n|-fieldend|move: Psychic Terrain\n|upkeep\n|\n|t:|1700344865\n|switch|p2a: Dracovish|Dracovish|100\/100\n|turn|6\n|inactive|sans525262 has 270 seconds left.\n|\n|t:|1700344901\n|move|p2a: Dracovish|Fishious Rend|p1b: Armarouge\n|-supereffective|p1b: Armarouge\n|-damage|p1b: Armarouge|0 fnt\n|faint|p1b: Armarouge\n|move|p1a: Charizard|Solar Beam||[still]\n|-prepare|p1a: Charizard|Solar Beam\n|-anim|p1a: Charizard|Solar Beam|p2a: Dracovish\n|-damage|p2a: Dracovish|40\/100\n|\n|-weather|none\n|upkeep\n|\n|t:|1700344914\n|switch|p1b: Ogerpon|Ogerpon-Hearthflame, F|100\/100\n|-ability|p1b: Ogerpon|Mold Breaker\n|turn|7\n|\n|t:|1700344923\n|move|p2a: Dracovish|Fishious Rend|p1a: Charizard\n|-supereffective|p1a: Charizard\n|-damage|p1a: Charizard|0 fnt\n|faint|p1a: Charizard\n|move|p1b: Ogerpon|Horn Leech|p2a: Dracovish\n|-damage|p2a: Dracovish|0 fnt\n|faint|p2a: Dracovish\n|\n|win|sans525262\n|l|\u2606Galaxia015\n","uploadtime":1700345819,"views":26,"p1id":"sans525262","p2id":"galaxia015","formatid":"gen9nationaldexdoubles","rating":0,"private":0,"password":""}