{"id":"gen9nationaldexdoubles-1970904089","p1":"Brick_Enjoyer_144","p2":"Hatterene France","format":"[Gen 9] National Dex Doubles","log":"|j|\u2606Brick_Enjoyer_144\n|j|\u2606Hatterene France\n|t:|1697679175\n|gametype|doubles\n|player|p1|Brick_Enjoyer_144|shauntal|1095\n|player|p2|Hatterene France|iono|1174\n|teamsize|p1|6\n|teamsize|p2|6\n|gen|9\n|tier|[Gen 9] National Dex Doubles\n|rated|\n|rule|HP Percentage Mod: HP is shown in percentages\n|rule|Endless Battle Clause: Forcing endless battles is banned\n|rule|OHKO Clause: OHKO moves are banned\n|rule|Evasion Moves Clause: Evasion moves are banned\n|rule|Evasion Abilities Clause: Evasion abilities are banned\n|rule|Species Clause: Limit one of each Pok\u00e9mon\n|rule|Gravity Sleep Clause: The combination of sleep-inducing moves with imperfect accuracy and Gravity or Gigantamax Orbeetle are banned\n|clearpoke\n|poke|p1|Spiritomb, F|\n|poke|p1|Escavalier, F|\n|poke|p1|Pincurchin, M|\n|poke|p1|Gothitelle, F|\n|poke|p1|Primarina, F|\n|poke|p1|Porygon2|\n|poke|p2|Urshifu-*, F|\n|poke|p2|Smeargle, M|\n|poke|p2|Incineroar, M|\n|poke|p2|Zygarde|\n|poke|p2|Tornadus, M|\n|poke|p2|Chien-Pao|\n|teampreview\n|inactive|Battle timer is ON: inactive players will automatically lose when time's up. (requested by Hatterene France)\n|inactive|Brick_Enjoyer_144 also wants the timer to be on.\n|c|\u2606Hatterene France|glhf\n|\n|t:|1697679202\n|start\n|switch|p1a: Escavalier|Escavalier, F|100\/100\n|switch|p1b: Spiritomb|Spiritomb, F|100\/100\n|switch|p2a: BOB ROSS|Smeargle, M, shiny|100\/100\n|switch|p2b: HOLY FUCK..|Tornadus, M|100\/100\n|-ability|p1b: Spiritomb|Pressure\n|turn|1\n|\n|t:|1697679216\n|move|p2b: HOLY FUCK..|Heat Wave|p1a: Escavalier|[spread] p1a,p1b\n|-supereffective|p1a: Escavalier\n|-enditem|p1a: Escavalier|Occa Berry|[eat]\n|-enditem|p1a: Escavalier|Occa Berry|[weaken]\n|-damage|p1a: Escavalier|53\/100\n|-damage|p1b: Spiritomb|81\/100\n|move|p2a: BOB ROSS|Spore|p1b: Spiritomb\n|-status|p1b: Spiritomb|slp|[from] move: Spore\n|move|p1a: Escavalier|Swords Dance|p1a: Escavalier\n|-boost|p1a: Escavalier|atk|2\n|cant|p1b: Spiritomb|slp\n|\n|-heal|p1b: Spiritomb|87\/100 slp|[from] item: Leftovers\n|-ability|p2a: BOB ROSS|Moody|boost\n|-boost|p2a: BOB ROSS|atk|2\n|-unboost|p2a: BOB ROSS|spd|1\n|upkeep\n|turn|2\n|\n|t:|1697679230\n|move|p2b: HOLY FUCK..|Bleakwind Storm|p1b: Spiritomb|[spread] p1a,p1b\n|-damage|p1a: Escavalier|19\/100\n|-damage|p1b: Spiritomb|58\/100 slp\n|move|p2a: BOB ROSS|Spore|p1a: Escavalier\n|-immune|p1a: Escavalier|[from] ability: Overcoat\n|move|p1a: Escavalier|Knock Off|p2a: BOB ROSS\n|-enditem|p2a: BOB ROSS|Focus Sash\n|-damage|p2a: BOB ROSS|1\/100\n|cant|p1b: Spiritomb|slp\n|\n|-heal|p1b: Spiritomb|64\/100 slp|[from] item: Leftovers\n|-ability|p2a: BOB ROSS|Moody|boost\n|-boost|p2a: BOB ROSS|spd|2\n|-unboost|p2a: BOB ROSS|atk|1\n|upkeep\n|turn|3\n|\n|t:|1697679250\n|move|p2a: BOB ROSS|King's Shield|p2a: BOB ROSS\n|-singleturn|p2a: BOB ROSS|Protect\n|move|p2b: HOLY FUCK..|Taunt|p1b: Spiritomb\n|-hint|Since gen 7, Dark is immune to Prankster moves.\n|-immune|p1b: Spiritomb\n|move|p1a: Escavalier|Knock Off|p2b: HOLY FUCK..\n|-damage|p2b: HOLY FUCK..|0 fnt\n|-enditem|p2b: HOLY FUCK..|Covert Cloak|[from] move: Knock Off|[of] p1a: Escavalier\n|faint|p2b: HOLY FUCK..\n|cant|p1b: Spiritomb|slp\n|\n|-heal|p1b: Spiritomb|70\/100 slp|[from] item: Leftovers\n|-ability|p2a: BOB ROSS|Moody|boost\n|-boost|p2a: BOB ROSS|spe|2\n|-unboost|p2a: BOB ROSS|spa|1\n|upkeep\n|c|\u2606Hatterene France|forgor\n|\n|t:|1697679261\n|switch|p2b: SQUOSHY|Zygarde, shiny|100\/100\n|-ability|p2b: SQUOSHY|Aura Break\n|turn|4\n|\n|t:|1697679276\n|move|p2a: BOB ROSS|Instruct||[still]\n|-fail|p2a: BOB ROSS\n|move|p2b: SQUOSHY|Thousand Arrows|p1b: Spiritomb|[spread] p1a,p1b\n|-damage|p1a: Escavalier|0 fnt\n|-damage|p1b: Spiritomb|40\/100 slp\n|faint|p1a: Escavalier\n|-curestatus|p1b: Spiritomb|slp|[msg]\n|move|p1b: Spiritomb|Trick Room|p1b: Spiritomb\n|-fieldstart|move: Trick Room|[of] p1b: Spiritomb\n|\n|-heal|p1b: Spiritomb|46\/100|[from] item: Leftovers\n|-ability|p2a: BOB ROSS|Moody|boost\n|-boost|p2a: BOB ROSS|spd|2\n|-unboost|p2a: BOB ROSS|spa|1\n|upkeep\n|\n|t:|1697679292\n|switch|p1a: Primarina|Primarina, F|100\/100\n|turn|5\n|\n|t:|1697679313\n|move|p2b: SQUOSHY|Protect|p2b: SQUOSHY\n|-singleturn|p2b: SQUOSHY|Protect\n|move|p2a: BOB ROSS|King's Shield|p2a: BOB ROSS\n|-singleturn|p2a: BOB ROSS|Protect\n|move|p1b: Spiritomb|Foul Play|p2a: BOB ROSS\n|-activate|p2a: BOB ROSS|move: Protect\n|-unboost|p1b: Spiritomb|atk|1\n|move|p1a: Primarina|Ice Beam|p2b: SQUOSHY\n|-activate|p2b: SQUOSHY|move: Protect\n|\n|-heal|p1b: Spiritomb|52\/100|[from] item: Leftovers\n|-ability|p2a: BOB ROSS|Moody|boost\n|-boost|p2a: BOB ROSS|atk|2\n|-unboost|p2a: BOB ROSS|spe|1\n|upkeep\n|turn|6\n|inactive|Hatterene France has 120 seconds left.\n|\n|t:|1697679347\n|switch|p2a: SMASHOTHY|Incineroar, M|100\/100\n|-ability|p2a: SMASHOTHY|Intimidate|boost\n|-unboost|p1a: Primarina|atk|1\n|-unboost|p1b: Spiritomb|atk|1\n|-terastallize|p2b: SQUOSHY|Normal\n|move|p1b: Spiritomb|Foul Play|p2a: SMASHOTHY\n|-resisted|p2a: SMASHOTHY\n|-damage|p2a: SMASHOTHY|76\/100\n|move|p1a: Primarina|Calm Mind|p1a: Primarina\n|-boost|p1a: Primarina|spa|1\n|-boost|p1a: Primarina|spd|1\n|move|p2b: SQUOSHY|Thousand Arrows|p1b: Spiritomb|[spread] p1a,p1b\n|-damage|p1a: Primarina|64\/100\n|-damage|p1b: Spiritomb|21\/100\n|\n|-heal|p1b: Spiritomb|27\/100|[from] item: Leftovers\n|upkeep\n|turn|7\n|\n|t:|1697679370\n|move|p2b: SQUOSHY|Protect|p2b: SQUOSHY\n|-singleturn|p2b: SQUOSHY|Protect\n|move|p1b: Spiritomb|Night Shade|p2a: SMASHOTHY\n|-damage|p2a: SMASHOTHY|51\/100\n|move|p1a: Primarina|Draining Kiss|p2b: SQUOSHY\n|-activate|p2b: SQUOSHY|move: Protect\n|move|p2a: SMASHOTHY|Parting Shot|p1a: Primarina\n|-unboost|p1a: Primarina|atk|1\n|-unboost|p1a: Primarina|spa|1\n|\n|t:|1697679380\n|switch|p2a: NINJAGO|Urshifu-Rapid-Strike, F|100\/100|[from] Parting Shot\n|\n|-heal|p1b: Spiritomb|33\/100|[from] item: Leftovers\n|upkeep\n|turn|8\n|\n|t:|1697679388\n|-zpower|p2a: NINJAGO\n|move|p2a: NINJAGO|Z-Detect|p2a: NINJAGO|[anim]Detect\n|-boost|p2a: NINJAGO|evasion|1|[zeffect]\n|-singleturn|p2a: NINJAGO|Protect\n|move|p1b: Spiritomb|Foul Play|p2b: SQUOSHY\n|-damage|p2b: SQUOSHY|72\/100\n|move|p1a: Primarina|Draining Kiss|p2a: NINJAGO\n|-activate|p2a: NINJAGO|move: Protect\n|move|p2b: SQUOSHY|Thousand Arrows|p1b: Spiritomb|[spread] p1a,p1b\n|-damage|p1a: Primarina|29\/100\n|-damage|p1b: Spiritomb|4\/100\n|\n|-heal|p1b: Spiritomb|10\/100|[from] item: Leftovers\n|-fieldend|move: Trick Room\n|upkeep\n|turn|9\n|\n|t:|1697679404\n|move|p2a: NINJAGO|Aqua Jet|p1b: Spiritomb\n|-damage|p1b: Spiritomb|0 fnt\n|faint|p1b: Spiritomb\n|move|p2b: SQUOSHY|Thousand Arrows|p1a: Primarina\n|-damage|p1a: Primarina|0 fnt\n|faint|p1a: Primarina\n|\n|upkeep\n|\n|t:|1697679412\n|switch|p1a: Porygon2|Porygon2|100\/100\n|switch|p1b: Pincurchin|Pincurchin, M|100\/100\n|-ability|p1a: Porygon2|Aura Break\n|-ability|p1a: Porygon2|Aura Break|[from] ability: Trace|[of] p2b: SQUOSHY\n|-fieldstart|move: Electric Terrain|[from] ability: Electric Surge|[of] p1b: Pincurchin\n|turn|10\n|\n|t:|1697679421\n|move|p2a: NINJAGO|Close Combat|p1a: Porygon2\n|-supereffective|p1a: Porygon2\n|-damage|p1a: Porygon2|46\/100\n|-unboost|p2a: NINJAGO|def|1\n|-unboost|p2a: NINJAGO|spd|1\n|move|p2b: SQUOSHY|Thousand Arrows|p1a: Porygon2|[spread] p1a,p1b\n|-supereffective|p1b: Pincurchin\n|-damage|p1a: Porygon2|31\/100\n|-damage|p1b: Pincurchin|38\/100\n|move|p1b: Pincurchin|Zing Zap|p2a: NINJAGO\n|-supereffective|p2a: NINJAGO\n|-damage|p2a: NINJAGO|0 fnt\n|faint|p2a: NINJAGO\n|move|p1a: Porygon2|Trick Room|p1a: Porygon2\n|-fieldstart|move: Trick Room|[of] p1a: Porygon2\n|\n|upkeep\n|\n|t:|1697679435\n|switch|p2a: SMASHOTHY|Incineroar, M|51\/100\n|-ability|p2a: SMASHOTHY|Intimidate|boost\n|-unboost|p1a: Porygon2|atk|1\n|-unboost|p1b: Pincurchin|atk|1\n|turn|11\n|\n|t:|1697679445\n|move|p1b: Pincurchin|Zing Zap|p2a: SMASHOTHY\n|-damage|p2a: SMASHOTHY|21\/100\n|-enditem|p2a: SMASHOTHY|Sitrus Berry|[eat]\n|-heal|p2a: SMASHOTHY|46\/100|[from] item: Sitrus Berry\n|move|p1a: Porygon2|Recover|p1a: Porygon2\n|-heal|p1a: Porygon2|81\/100\n|move|p2a: SMASHOTHY|Knock Off|p1a: Porygon2\n|-damage|p1a: Porygon2|58\/100\n|-enditem|p1a: Porygon2|Eviolite|[from] move: Knock Off|[of] p2a: SMASHOTHY\n|move|p2b: SQUOSHY|Thousand Arrows|p1b: Pincurchin|[spread] p1a,p1b\n|-supereffective|p1b: Pincurchin\n|-damage|p1a: Porygon2|39\/100\n|-damage|p1b: Pincurchin|0 fnt\n|faint|p1b: Pincurchin\n|\n|upkeep\n|\n|t:|1697679449\n|switch|p1b: Gothitelle|Gothitelle, F|100\/100\n|turn|12\n|\n|t:|1697679460\n|move|p1b: Gothitelle|Thunderbolt|p2a: SMASHOTHY\n|-damage|p2a: SMASHOTHY|0 fnt\n|faint|p2a: SMASHOTHY\n|move|p1a: Porygon2|Recover|p1a: Porygon2\n|-heal|p1a: Porygon2|89\/100\n|move|p2b: SQUOSHY|Thousand Arrows|p1a: Porygon2|[spread] p1a,p1b\n|-damage|p1a: Porygon2|67\/100\n|-damage|p1b: Gothitelle|72\/100\n|\n|upkeep\n|\n|t:|1697679470\n|switch|p2a: KIMARI|Chien-Pao|100\/100\n|-ability|p2a: KIMARI|Sword of Ruin\n|turn|13\n|\n|t:|1697679483\n|move|p2b: SQUOSHY|Protect|p2b: SQUOSHY\n|-singleturn|p2b: SQUOSHY|Protect\n|move|p1b: Gothitelle|Thunderbolt|p2a: KIMARI\n|-damage|p2a: KIMARI|17\/100\n|move|p1a: Porygon2|Foul Play|p2b: SQUOSHY\n|-activate|p2b: SQUOSHY|move: Protect\n|move|p2a: KIMARI|Sacred Sword|p1a: Porygon2\n|-supereffective|p1a: Porygon2\n|-damage|p1a: Porygon2|13\/100\n|\n|upkeep\n|turn|14\n|\n|t:|1697679502\n|move|p2a: KIMARI|Protect|p2a: KIMARI\n|-singleturn|p2a: KIMARI|Protect\n|move|p2b: SQUOSHY|Extreme Speed|p1a: Porygon2\n|-damage|p1a: Porygon2|0 fnt\n|faint|p1a: Porygon2\n|move|p1b: Gothitelle|Thunderbolt|p2b: SQUOSHY\n|-crit|p2b: SQUOSHY\n|-damage|p2b: SQUOSHY|5\/100\n|\n|-fieldend|move: Trick Room\n|upkeep\n|turn|15\n|\n|t:|1697679512\n|move|p2a: KIMARI|Throat Chop|p1b: Gothitelle\n|-supereffective|p1b: Gothitelle\n|-damage|p1b: Gothitelle|0 fnt\n|faint|p1b: Gothitelle\n|\n|win|Hatterene France\n|raw|Brick_Enjoyer_144's rating: 1095 &rarr; <strong>1076<\/strong><br \/>(-19 for losing)\n|raw|Hatterene France's rating: 1174 &rarr; <strong>1193<\/strong><br \/>(+19 for winning)\n|c|\u2606Hatterene France|gg\n|l|\u2606Hatterene France\n","uploadtime":1697679599,"views":7,"p1id":"brickenjoyer144","p2id":"hatterenefrance","formatid":"gen9nationaldexdoubles","rating":1076,"private":0,"password":""}