{"id":"gen9nationaldexdoubles-1980095756","p1":"Carina17","p2":"shadowrexxar","format":"[Gen 9] National Dex Doubles","log":"|j|\u2606Carina17\n|j|\u2606shadowrexxar\n|t:|1698756779\n|gametype|doubles\n|player|p1|Carina17|cynthia|1049\n|player|p2|shadowrexxar|170|1132\n|teamsize|p1|3\n|teamsize|p2|6\n|gen|9\n|tier|[Gen 9] National Dex Doubles\n|rated|\n|rule|HP Percentage Mod: HP is shown in percentages\n|rule|Endless Battle Clause: Forcing endless battles is banned\n|rule|OHKO Clause: OHKO moves are banned\n|rule|Evasion Moves Clause: Evasion moves are banned\n|rule|Evasion Abilities Clause: Evasion abilities are banned\n|rule|Species Clause: Limit one of each Pok\u00e9mon\n|rule|Gravity Sleep Clause: The combination of sleep-inducing moves with imperfect accuracy and Gravity or Gigantamax Orbeetle are banned\n|clearpoke\n|poke|p1|Lycanroc-Dusk, M|\n|poke|p1|Indeedee-F, F|\n|poke|p1|Articuno|\n|poke|p2|Deoxys-Attack|\n|poke|p2|Indeedee-F, F|\n|poke|p2|Serperior, F|\n|poke|p2|Enamorus, F|\n|poke|p2|Toxapex, F|\n|poke|p2|Dragapult, F|\n|teampreview\n|inactive|Battle timer is ON: inactive players will automatically lose when time's up. (requested by shadowrexxar)\n|\n|t:|1698756800\n|start\n|switch|p1a: Lycanroc|Lycanroc-Dusk, M|100\/100\n|switch|p1b: Indeedee|Indeedee-F, F|100\/100\n|switch|p2a: Deoxys|Deoxys-Attack, shiny|100\/100\n|switch|p2b: Serperior|Serperior, F, shiny|100\/100\n|-ability|p2a: Deoxys|Pressure\n|turn|1\n|\n|t:|1698756820\n|switch|p2a: Enamorus|Enamorus, F, shiny|100\/100\n|move|p1b: Indeedee|Follow Me|p1b: Indeedee\n|-singleturn|p1b: Indeedee|move: Follow Me\n|move|p2b: Serperior|Leech Seed|p1b: Indeedee|[miss]\n|-miss|p2b: Serperior|p1b: Indeedee\n|move|p1a: Lycanroc|Swords Dance|p1a: Lycanroc\n|-boost|p1a: Lycanroc|atk|2\n|\n|upkeep\n|turn|2\n|\n|t:|1698756839\n|-terastallize|p2a: Enamorus|Fairy\n|-terastallize|p1a: Lycanroc|Rock\n|move|p1a: Lycanroc|Accelerock|p2a: Enamorus\n|-damage|p2a: Enamorus|0 fnt\n|faint|p2a: Enamorus\n|move|p2b: Serperior|Leech Seed|p1a: Lycanroc\n|-start|p1a: Lycanroc|move: Leech Seed\n|move|p1b: Indeedee|Expanding Force|p2b: Serperior\n|-damage|p2b: Serperior|73\/100\n|\n|-damage|p1a: Lycanroc|88\/100|[from] Leech Seed|[of] p2b: Serperior\n|-heal|p2b: Serperior|86\/100|[silent]\n|upkeep\n|\n|t:|1698756862\n|switch|p2a: Dragapult|Dragapult, F, shiny|100\/100\n|turn|3\n|\n|t:|1698756878\n|move|p1b: Indeedee|Helping Hand|p1a: Lycanroc\n|-singleturn|p1a: Lycanroc|Helping Hand|[of] p1b: Indeedee\n|move|p1a: Lycanroc|Accelerock|p2b: Serperior\n|-damage|p2b: Serperior|0 fnt\n|faint|p2b: Serperior\n|move|p2a: Dragapult|Phantom Force||[still]\n|-prepare|p2a: Dragapult|Phantom Force\n|\n|upkeep\n|\n|t:|1698756891\n|switch|p2b: Deoxys|Deoxys-Attack, shiny|100\/100\n|-ability|p2b: Deoxys|Pressure\n|turn|4\n|\n|t:|1698756899\n|move|p1b: Indeedee|Helping Hand|p1a: Lycanroc\n|-singleturn|p1a: Lycanroc|Helping Hand|[of] p1b: Indeedee\n|move|p2b: Deoxys|Protect|p2b: Deoxys\n|-singleturn|p2b: Deoxys|Protect\n|move|p1a: Lycanroc|Accelerock|p2b: Deoxys\n|-activate|p2b: Deoxys|move: Protect\n|move|p2a: Dragapult|Phantom Force|p1a: Lycanroc|[from]lockedmove\n|-damage|p1a: Lycanroc|0 fnt\n|faint|p1a: Lycanroc\n|\n|upkeep\n|\n|t:|1698756912\n|switch|p1a: Articuno|Articuno|100\/100\n|-ability|p1a: Articuno|Pressure\n|turn|5\n|\n|t:|1698756924\n|switch|p2a: Toxapex|Toxapex, F, shiny|100\/100\n|move|p1b: Indeedee|Follow Me|p1b: Indeedee\n|-singleturn|p1b: Indeedee|move: Follow Me\n|move|p2b: Deoxys|Psycho Boost|p1b: Indeedee\n|-resisted|p1b: Indeedee\n|-damage|p1b: Indeedee|54\/100\n|-unboost|p2b: Deoxys|spa|2\n|move|p1a: Articuno|Mind Reader|p2a: Toxapex\n|-activate|p1a: Articuno|move: Mind Reader|[of] p2a: Toxapex\n|\n|upkeep\n|turn|6\n|\n|t:|1698756950\n|switch|p2b: Dragapult|Dragapult, F, shiny|100\/100\n|switch|p2a: Indeedee|Indeedee-F, F, shiny|100\/100\n|-fieldstart|move: Psychic Terrain|[from] ability: Psychic Surge|[of] p2a: Indeedee\n|move|p1a: Articuno|Blizzard|p2b: Dragapult|[spread] p2a,p2b\n|-crit|p2a: Indeedee\n|-supereffective|p2b: Dragapult\n|-damage|p2a: Indeedee|59\/100\n|-damage|p2b: Dragapult|13\/100\n|move|p1b: Indeedee|Expanding Force|p2b: Dragapult|[spread] p2a,p2b\n|-resisted|p2a: Indeedee\n|-damage|p2a: Indeedee|39\/100\n|-damage|p2b: Dragapult|0 fnt\n|faint|p2b: Dragapult\n|\n|upkeep\n|inactive|shadowrexxar has 120 seconds left.\n|\n|t:|1698756960\n|switch|p2b: Deoxys|Deoxys-Attack, shiny|100\/100\n|-ability|p2b: Deoxys|Pressure\n|turn|7\n|\n|t:|1698756979\n|move|p1b: Indeedee|Follow Me|p1b: Indeedee\n|-singleturn|p1b: Indeedee|move: Follow Me\n|move|p2b: Deoxys|Thunderbolt|p1b: Indeedee\n|-damage|p1b: Indeedee|12\/100\n|-enditem|p1b: Indeedee|Sitrus Berry|[eat]\n|-heal|p1b: Indeedee|36\/100|[from] item: Sitrus Berry\n|move|p1a: Articuno|Mind Reader|p2b: Deoxys\n|-activate|p1a: Articuno|move: Mind Reader|[of] p2b: Deoxys\n|move|p2a: Indeedee|Imprison|p2a: Indeedee\n|-start|p2a: Indeedee|move: Imprison\n|\n|upkeep\n|turn|8\n|\n|t:|1698757007\n|move|p2a: Indeedee|Follow Me|p2a: Indeedee\n|-singleturn|p2a: Indeedee|move: Follow Me\n|move|p2b: Deoxys|Thunderbolt|p1b: Indeedee\n|-damage|p1b: Indeedee|0 fnt\n|faint|p1b: Indeedee\n|move|p1a: Articuno|Blizzard|p2a: Indeedee|[spread] p2a,p2b\n|-damage|p2a: Indeedee|12\/100\n|-enditem|p2b: Deoxys|Focus Sash\n|-damage|p2b: Deoxys|1\/100\n|\n|upkeep\n|turn|9\n|\n|t:|1698757026\n|switch|p2a: Toxapex|Toxapex, F, shiny|100\/100\n|move|p2b: Deoxys|Protect|p2b: Deoxys\n|-singleturn|p2b: Deoxys|Protect\n|move|p1a: Articuno|Ice Spinner|p2b: Deoxys\n|-activate|p2b: Deoxys|move: Protect\n|\n|upkeep\n|turn|10\n|\n|t:|1698757041\n|move|p2a: Toxapex|Wide Guard|p2a: Toxapex\n|-singleturn|p2a: Toxapex|Wide Guard\n|move|p2b: Deoxys|Thunderbolt|p1a: Articuno\n|-supereffective|p1a: Articuno\n|-crit|p1a: Articuno\n|-damage|p1a: Articuno|7\/100\n|move|p1a: Articuno|Ice Spinner|p2b: Deoxys\n|-crit|p2b: Deoxys\n|-damage|p2b: Deoxys|0 fnt\n|-fieldend|move: Psychic Terrain\n|faint|p2b: Deoxys\n|\n|upkeep\n|\n|t:|1698757049\n|switch|p2b: Indeedee|Indeedee-F, F, shiny|12\/100\n|-fieldstart|move: Psychic Terrain|[from] ability: Psychic Surge|[of] p2b: Indeedee\n|turn|11\n|\n|t:|1698757057\n|move|p2b: Indeedee|Follow Me|p2b: Indeedee\n|-singleturn|p2b: Indeedee|move: Follow Me\n|move|p1a: Articuno|Ice Spinner|p2b: Indeedee\n|-damage|p2b: Indeedee|0 fnt\n|-fieldend|move: Psychic Terrain\n|faint|p2b: Indeedee\n|move|p2a: Toxapex|Scald|p1a: Articuno\n|-damage|p1a: Articuno|0 fnt\n|faint|p1a: Articuno\n|\n|win|shadowrexxar\n|raw|Carina17's rating: 1033 &rarr; <strong>1022<\/strong><br \/>(-11 for losing)\n|raw|shadowrexxar's rating: 1132 &rarr; <strong>1150<\/strong><br \/>(+18 for winning)\n|l|\u2606shadowrexxar\n","uploadtime":1698757081,"views":5,"p1id":"carina17","p2id":"shadowrexxar","formatid":"gen9nationaldexdoubles","rating":1022,"private":0,"password":""}