{"id":"gen9nationaldexdoubles-1997126281","p1":"Tunderboltz456","p2":"Thatfunniguy","format":"[Gen 9] National Dex Doubles","log":"|j|\u2606Tunderboltz456\n|j|\u2606Thatfunniguy\n|t:|1700767152\n|gametype|doubles\n|player|p1|Tunderboltz456|guzma|1392\n|player|p2|Thatfunniguy|fisherman-gen4|1468\n|teamsize|p1|6\n|teamsize|p2|6\n|gen|9\n|tier|[Gen 9] National Dex Doubles\n|rated|\n|rule|HP Percentage Mod: HP is shown in percentages\n|rule|Endless Battle Clause: Forcing endless battles is banned\n|rule|OHKO Clause: OHKO moves are banned\n|rule|Evasion Moves Clause: Evasion moves are banned\n|rule|Evasion Abilities Clause: Evasion abilities are banned\n|rule|Species Clause: Limit one of each Pok\u00e9mon\n|rule|Gravity Sleep Clause: The combination of sleep-inducing moves with imperfect accuracy and Gravity or Gigantamax Orbeetle are banned\n|clearpoke\n|poke|p1|Haxorus, M|\n|poke|p1|Rillaboom, M|\n|poke|p1|Zeraora|\n|poke|p1|Urshifu-*, M|\n|poke|p1|Kyurem-Black|\n|poke|p1|Salamence, M|\n|poke|p2|Murkrow, F|\n|poke|p2|Eldegoss, F|\n|poke|p2|Serperior, F|\n|poke|p2|Victini|\n|poke|p2|Malamar, M|\n|poke|p2|Marshadow|\n|teampreview\n|inactive|Battle timer is ON: inactive players will automatically lose when time's up. (requested by Tunderboltz456)\n|\n|t:|1700767173\n|start\n|switch|p1a: Salamence|Salamence, M|100\/100\n|switch|p1b: Zeraora|Zeraora|100\/100\n|switch|p2a: Chibi|Marshadow|100\/100\n|switch|p2b: Caesar|Murkrow, F|100\/100\n|-ability|p1a: Salamence|Intimidate|boost\n|-unboost|p2a: Chibi|atk|1\n|-unboost|p2b: Caesar|atk|1\n|turn|1\n|\n|t:|1700767200\n|switch|p2a: Snek|Serperior, F|100\/100\n|switch|p2b: Slow down|Eldegoss, F|100\/100\n|detailschange|p1a: Salamence|Salamence-Mega, M\n|-mega|p1a: Salamence|Salamence|Salamencite\n|move|p1b: Zeraora|Fake Out|p2b: Slow down\n|-damage|p2b: Slow down|87\/100\n|-ability|p2b: Slow down|Cotton Down\n|-unboost|p1a: Salamence|spe|1\n|-unboost|p1b: Zeraora|spe|1\n|-boost|p2a: Snek|spe|1\n|move|p1a: Salamence|Tailwind|p1a: Salamence\n|-sidestart|p1: Tunderboltz456|move: Tailwind\n|\n|upkeep\n|turn|2\n|\n|t:|1700767218\n|-terastallize|p2a: Snek|Rock\n|move|p1b: Zeraora|Taunt|p2a: Snek\n|-start|p2a: Snek|move: Taunt\n|move|p1a: Salamence|Hyper Voice|p2b: Slow down|[spread] p2a,p2b\n|-resisted|p2a: Snek\n|-supereffective|p2b: Slow down\n|-damage|p2a: Snek|81\/100\n|-damage|p2b: Slow down|30\/100\n|-ability|p2b: Slow down|Cotton Down\n|-unboost|p1a: Salamence|spe|1\n|-unboost|p1b: Zeraora|spe|1\n|-boost|p2a: Snek|spe|1\n|-enditem|p2b: Slow down|Sitrus Berry|[eat]\n|-heal|p2b: Slow down|55\/100|[from] item: Sitrus Berry\n|move|p2a: Snek|Leaf Storm|p1b: Zeraora\n|-damage|p1b: Zeraora|38\/100\n|-boost|p2a: Snek|spa|2\n|move|p2b: Slow down|Sleep Powder|p1a: Salamence\n|-status|p1a: Salamence|slp|[from] move: Sleep Powder\n|\n|-heal|p2a: Snek|87\/100|[from] item: Leftovers\n|upkeep\n|turn|3\n|inactive|Thatfunniguy has 120 seconds left.\n|\n|t:|1700767249\n|switch|p1b: Rillaboom|Rillaboom, M|100\/100\n|-fieldstart|move: Grassy Terrain|[from] ability: Grassy Surge|[of] p1b: Rillaboom\n|move|p2a: Snek|Leaf Storm|p1b: Rillaboom\n|-resisted|p1b: Rillaboom\n|-damage|p1b: Rillaboom|55\/100\n|-boost|p2a: Snek|spa|2\n|cant|p1a: Salamence|slp\n|move|p2b: Slow down|Pollen Puff|p2a: Snek\n|-heal|p2a: Snek|100\/100\n|\n|-heal|p1b: Rillaboom|61\/100|[from] Grassy Terrain\n|-heal|p2b: Slow down|62\/100|[from] Grassy Terrain\n|upkeep\n|turn|4\n|\n|t:|1700767268\n|switch|p1a: Zeraora|Zeraora|38\/100\n|switch|p2b: Caesar|Murkrow, F|100\/100\n|move|p1b: Rillaboom|Grassy Glide|p2a: Snek\n|-supereffective|p2a: Snek\n|-damage|p2a: Snek|27\/100\n|move|p2a: Snek|Leaf Storm|p1b: Rillaboom\n|-resisted|p1b: Rillaboom\n|-damage|p1b: Rillaboom|0 fnt\n|-boost|p2a: Snek|spa|2\n|faint|p1b: Rillaboom\n|\n|-heal|p1a: Zeraora|44\/100|[from] Grassy Terrain\n|-heal|p2a: Snek|33\/100|[from] Grassy Terrain\n|-heal|p2a: Snek|39\/100|[from] item: Leftovers\n|-end|p2a: Snek|move: Taunt\n|-sideend|p1: Tunderboltz456|move: Tailwind\n|upkeep\n|\n|t:|1700767277\n|switch|p1b: Urshifu|Urshifu-Rapid-Strike, M|100\/100\n|turn|5\n|\n|t:|1700767302\n|move|p1a: Zeraora|Fake Out|p2a: Snek\n|-resisted|p2a: Snek\n|-damage|p2a: Snek|33\/100\n|move|p2b: Caesar|Defog|p2a: Snek\n|-boost|p2a: Snek|evasion|1\n|-fieldend|move: Grassy Terrain\n|cant|p2a: Snek|flinch\n|move|p1b: Urshifu|Surging Strikes|p2a: Snek\n|-supereffective|p2a: Snek\n|-crit|p2a: Snek\n|-damage|p2a: Snek|0 fnt\n|faint|p2a: Snek\n|-hitcount|p2: Snek|1\n|\n|upkeep\n|\n|t:|1700767314\n|switch|p2a: VICTORY|Victini|100\/100\n|turn|6\n|\n|t:|1700767319\n|switch|p2a: Slow down|Eldegoss, F|62\/100\n|switch|p2b: Le Guy|Malamar, M, shiny|100\/100\n|-zpower|p1a: Zeraora\n|move|p1a: Zeraora|Gigavolt Havoc|p2b: Le Guy|[zeffect]\n|-damage|p2b: Le Guy|18\/100\n|move|p1b: Urshifu|Surging Strikes|p2a: Slow down\n|-resisted|p2a: Slow down\n|-crit|p2a: Slow down\n|-damage|p2a: Slow down|49\/100\n|-ability|p2a: Slow down|Cotton Down\n|-unboost|p1a: Zeraora|spe|1\n|-unboost|p1b: Urshifu|spe|1\n|-boost|p2b: Le Guy|spe|1\n|-resisted|p2a: Slow down\n|-crit|p2a: Slow down\n|-damage|p2a: Slow down|37\/100\n|-ability|p2a: Slow down|Cotton Down\n|-unboost|p1a: Zeraora|spe|1\n|-unboost|p1b: Urshifu|spe|1\n|-boost|p2b: Le Guy|spe|1\n|-resisted|p2a: Slow down\n|-crit|p2a: Slow down\n|-damage|p2a: Slow down|23\/100\n|-ability|p2a: Slow down|Cotton Down\n|-unboost|p1a: Zeraora|spe|1\n|-unboost|p1b: Urshifu|spe|1\n|-boost|p2b: Le Guy|spe|1\n|-hitcount|p2a: Slow down|3\n|\n|-heal|p2b: Le Guy|24\/100|[from] item: Leftovers\n|upkeep\n|turn|7\n|\n|t:|1700767345\n|switch|p1a: Salamence|Salamence-Mega, M|100\/100 slp\n|move|p2b: Le Guy|Superpower|p1a: Salamence\n|-resisted|p1a: Salamence\n|-damage|p1a: Salamence|84\/100 slp\n|-boost|p2b: Le Guy|atk|1\n|-boost|p2b: Le Guy|def|1\n|move|p1b: Urshifu|Surging Strikes|p2b: Le Guy\n|-crit|p2b: Le Guy\n|-damage|p2b: Le Guy|3\/100\n|-crit|p2b: Le Guy\n|-damage|p2b: Le Guy|0 fnt\n|faint|p2b: Le Guy\n|-hitcount|p2: Le Guy|2\n|move|p2a: Slow down|Sleep Powder|p1b: Urshifu\n|-status|p1b: Urshifu|slp|[from] move: Sleep Powder\n|\n|upkeep\n|c|\u2606Tunderboltz456|AH BRO\n|inactive|Thatfunniguy has 120 seconds left.\n|c|\u2606Tunderboltz456|I try to be nice to ppl and valorize their strat\n|\n|t:|1700767366\n|switch|p2b: Chibi|Marshadow|100\/100\n|turn|8\n|c|\u2606Tunderboltz456|Sometimes its very creative like yours\n|c|\u2606Tunderboltz456|but CAN YOUR EXISTENCE STOP PUTTING MY TEAM TO SLEEP?\n|inactive|Thatfunniguy has 120 seconds left.\n|\n|t:|1700767386\n|switch|p2a: Caesar|Murkrow, F|100\/100\n|move|p2b: Chibi|Spectral Thief|p1a: Salamence\n|-damage|p1a: Salamence|48\/100 slp\n|cant|p1a: Salamence|slp\n|cant|p1b: Urshifu|slp\n|\n|upkeep\n|turn|9\n|\n|t:|1700767403\n|move|p2a: Caesar|Tailwind|p2a: Caesar\n|-sidestart|p2: Thatfunniguy|move: Tailwind\n|move|p2b: Chibi|Spectral Thief|p1a: Salamence\n|-damage|p1a: Salamence|7\/100 slp\n|-curestatus|p1a: Salamence|slp|[msg]\n|move|p1a: Salamence|Hyper Voice|p2a: Caesar|[spread] p2a,p2b\n|-supereffective|p2b: Chibi\n|-damage|p2a: Caesar|64\/100\n|-damage|p2b: Chibi|16\/100\n|cant|p1b: Urshifu|slp\n|\n|upkeep\n|turn|10\n|\n|t:|1700767426\n|switch|p2a: VICTORY|Victini|100\/100\n|move|p2b: Chibi|Spectral Thief|p1a: Salamence\n|-damage|p1a: Salamence|0 fnt\n|faint|p1a: Salamence\n|-curestatus|p1b: Urshifu|slp|[msg]\n|move|p1b: Urshifu|Surging Strikes|p2b: Chibi\n|-crit|p2b: Chibi\n|-damage|p2b: Chibi|0 fnt\n|faint|p2b: Chibi\n|-hitcount|p2: Chibi|1\n|\n|upkeep\n|\n|t:|1700767431\n|switch|p2b: Caesar|Murkrow, F|64\/100\n|switch|p1a: Zeraora|Zeraora|44\/100\n|turn|11\n|inactive|Thatfunniguy has 120 seconds left.\n|\n|t:|1700767464\n|switch|p2a: Slow down|Eldegoss, F|23\/100\n|move|p2b: Caesar|Taunt|p1a: Zeraora\n|-start|p1a: Zeraora|move: Taunt\n|move|p1a: Zeraora|Plasma Fists|p2b: Caesar\n|-supereffective|p2b: Caesar\n|-damage|p2b: Caesar|0 fnt\n|-fieldactivate|move: Ion Deluge\n|-hint|Normal-type moves become Electric-type after using Plasma Fists.\n|faint|p2b: Caesar\n|move|p1b: Urshifu|Surging Strikes|p2a: Slow down\n|-resisted|p2a: Slow down\n|-crit|p2a: Slow down\n|-damage|p2a: Slow down|9\/100\n|-ability|p2a: Slow down|Cotton Down\n|-unboost|p1a: Zeraora|spe|1\n|-unboost|p1b: Urshifu|spe|1\n|-resisted|p2a: Slow down\n|-crit|p2a: Slow down\n|-damage|p2a: Slow down|0 fnt\n|-ability|p2a: Slow down|Cotton Down\n|-unboost|p1a: Zeraora|spe|1\n|-unboost|p1b: Urshifu|spe|1\n|faint|p2a: Slow down\n|-hitcount|p2: Slow down|2\n|\n|upkeep\n|\n|t:|1700767466\n|switch|p2a: VICTORY|Victini|100\/100\n|turn|12\n|\n|t:|1700767476\n|move|p2a: VICTORY|V-create|p1a: Zeraora\n|-damage|p1a: Zeraora|0 fnt\n|-unboost|p2a: VICTORY|spe|1\n|-unboost|p2a: VICTORY|def|1\n|-unboost|p2a: VICTORY|spd|1\n|faint|p1a: Zeraora\n|move|p1b: Urshifu|Surging Strikes|p2a: VICTORY\n|-supereffective|p2a: VICTORY\n|-crit|p2a: VICTORY\n|-damage|p2a: VICTORY|49\/100\n|-supereffective|p2a: VICTORY\n|-crit|p2a: VICTORY\n|-damage|p2a: VICTORY|0 fnt\n|faint|p2a: VICTORY\n|-hitcount|p2: VICTORY|2\n|\n|win|Tunderboltz456\n|raw|Tunderboltz456's rating: 1392 &rarr; <strong>1416<\/strong><br \/>(+24 for winning)\n|raw|Thatfunniguy's rating: 1468 &rarr; <strong>1444<\/strong><br \/>(-24 for losing)\n|c|\u2606Tunderboltz456|...\n|c|\u2606Thatfunniguy|What's good\n","uploadtime":1700767497,"views":0,"p1id":"tunderboltz456","p2id":"thatfunniguy","formatid":"gen9nationaldexdoubles","rating":1416,"private":0,"password":""}