{"id":"gen9nationaldexdoubles-1988100967","p1":"Muslceman2033","p2":"decidoustree","format":"[Gen 9] National Dex Doubles","log":"|j|\u2606Muslceman2033\n|j|\u2606decidoustree\n|t:|1699669614\n|gametype|doubles\n|player|p1|Muslceman2033|benga|\n|player|p2|decidoustree|caitlin|\n|teamsize|p1|6\n|teamsize|p2|6\n|gen|9\n|tier|[Gen 9] National Dex Doubles\n|rule|HP Percentage Mod: HP is shown in percentages\n|rule|Endless Battle Clause: Forcing endless battles is banned\n|rule|OHKO Clause: OHKO moves are banned\n|rule|Evasion Moves Clause: Evasion moves are banned\n|rule|Evasion Abilities Clause: Evasion abilities are banned\n|rule|Species Clause: Limit one of each Pok\u00e9mon\n|rule|Gravity Sleep Clause: The combination of sleep-inducing moves with imperfect accuracy and Gravity or Gigantamax Orbeetle are banned\n|clearpoke\n|poke|p1|Palafin, M|\n|poke|p1|Scizor, F|\n|poke|p1|Iron Bundle|\n|poke|p1|Armarouge, F|\n|poke|p1|Great Tusk|\n|poke|p1|Kingambit, M|\n|poke|p2|Garbodor, M|\n|poke|p2|Audino, F|\n|poke|p2|Krookodile, M|\n|poke|p2|Indeedee-F, F|\n|poke|p2|Aegislash, M|\n|poke|p2|Scolipede, M|\n|teampreview\n|\n|t:|1699669658\n|start\n|switch|p1a: Palafin|Palafin, M|100\/100\n|switch|p1b: Armarouge|Armarouge, F|100\/100\n|switch|p2a: Amide|Indeedee-F, F|100\/100\n|switch|p2b: Acid Chloride|Scolipede, M|100\/100\n|-fieldstart|move: Psychic Terrain|[from] ability: Psychic Surge|[of] p2a: Amide\n|turn|1\n|\n|t:|1699669684\n|detailschange|p1a: Palafin|Palafin-Hero, M\n|switch|p1a: Scizor|Scizor, F|100\/100\n|move|p2a: Amide|Follow Me|p2a: Amide\n|-singleturn|p2a: Amide|move: Follow Me\n|move|p2b: Acid Chloride|Swords Dance|p2b: Acid Chloride\n|-boost|p2b: Acid Chloride|atk|2\n|move|p1b: Armarouge|Armor Cannon|p2a: Amide\n|-damage|p2a: Amide|32\/100\n|-unboost|p1b: Armarouge|def|1\n|-unboost|p1b: Armarouge|spd|1\n|\n|-heal|p2a: Amide|38\/100|[from] item: Leftovers\n|-ability|p2b: Acid Chloride|Speed Boost|boost\n|-boost|p2b: Acid Chloride|spe|1\n|upkeep\n|turn|2\n|\n|t:|1699669706\n|detailschange|p1a: Scizor|Scizor-Mega, F\n|-mega|p1a: Scizor|Scizor|Scizorite\n|move|p2a: Amide|Follow Me|p2a: Amide\n|-singleturn|p2a: Amide|move: Follow Me\n|move|p2b: Acid Chloride|Baton Pass|p2b: Acid Chloride\n|\n|t:|1699669714\n|switch|p2b: Kroko|Krookodile, M|100\/100|[from] Baton Pass\n|-ability|p2b: Kroko|Intimidate|boost\n|-unboost|p1a: Scizor|atk|1\n|-unboost|p1b: Armarouge|atk|1\n|move|p1b: Armarouge|Armor Cannon|p2a: Amide\n|-damage|p2a: Amide|0 fnt\n|-unboost|p1b: Armarouge|def|1\n|-unboost|p1b: Armarouge|spd|1\n|faint|p2a: Amide\n|move|p1a: Scizor|Pursuit|p2b: Kroko\n|-resisted|p2b: Kroko\n|-damage|p2b: Kroko|93\/100\n|\n|-heal|p2b: Kroko|99\/100|[from] item: Leftovers\n|upkeep\n|\n|t:|1699669730\n|switch|p2a: Starbucks\ud83e\udd2e\ud83e\udd2e|Garbodor, M|100\/100\n|-item|p2a: Starbucks\ud83e\udd2e\ud83e\udd2e|Air Balloon\n|turn|3\n|\n|t:|1699669753\n|move|p1a: Scizor|Bullet Punch|p2b: Kroko\n|-activate|p2b: Kroko|move: Psychic Terrain\n|move|p2b: Kroko|Earthquake|p1a: Scizor|[spread] p1a,p1b\n|-immune|p2a: Starbucks\ud83e\udd2e\ud83e\udd2e\n|-supereffective|p1b: Armarouge\n|-damage|p1a: Scizor|43\/100\n|-damage|p1b: Armarouge|0 fnt\n|faint|p1b: Armarouge\n|move|p2a: Starbucks\ud83e\udd2e\ud83e\udd2e|Toxic Spikes|p1a: Scizor\n|-sidestart|p1: Muslceman2033|move: Toxic Spikes\n|\n|-heal|p2b: Kroko|100\/100|[from] item: Leftovers\n|upkeep\n|\n|t:|1699669774\n|switch|p1b: Great Tusk|Great Tusk|100\/100\n|-status|p1b: Great Tusk|psn\n|-enditem|p1b: Great Tusk|Booster Energy\n|-activate|p1b: Great Tusk|ability: Protosynthesis|[fromitem]\n|-start|p1b: Great Tusk|protosynthesisatk\n|turn|4\n|\n|t:|1699669795\n|move|p2b: Kroko|Protect|p2b: Kroko\n|-singleturn|p2b: Kroko|Protect\n|move|p1a: Scizor|Bullet Punch|p2a: Starbucks\ud83e\udd2e\ud83e\udd2e\n|-hint|Psychic Terrain doesn't affect Pok\u00e9mon immune to Ground.\n|-crit|p2a: Starbucks\ud83e\udd2e\ud83e\udd2e\n|-damage|p2a: Starbucks\ud83e\udd2e\ud83e\udd2e|46\/100\n|-ability|p2a: Starbucks\ud83e\udd2e\ud83e\udd2e|Weak Armor|boost\n|-unboost|p2a: Starbucks\ud83e\udd2e\ud83e\udd2e|def|1\n|-boost|p2a: Starbucks\ud83e\udd2e\ud83e\udd2e|spe|2\n|-enditem|p2a: Starbucks\ud83e\udd2e\ud83e\udd2e|Air Balloon\n|move|p2a: Starbucks\ud83e\udd2e\ud83e\udd2e|Toxic Spikes|p1a: Scizor\n|-sidestart|p1: Muslceman2033|move: Toxic Spikes\n|move|p1b: Great Tusk|Headlong Rush|p2a: Starbucks\ud83e\udd2e\ud83e\udd2e\n|-supereffective|p2a: Starbucks\ud83e\udd2e\ud83e\udd2e\n|-damage|p2a: Starbucks\ud83e\udd2e\ud83e\udd2e|0 fnt\n|-unboost|p1b: Great Tusk|def|1\n|-unboost|p1b: Great Tusk|spd|1\n|faint|p2a: Starbucks\ud83e\udd2e\ud83e\udd2e\n|\n|-damage|p1b: Great Tusk|88\/100 psn|[from] psn\n|upkeep\n|\n|t:|1699669816\n|switch|p2a: Amine|Audino, F|100\/100\n|turn|5\n|j| MikazukiRex_\n|c| MikazukiRex_|hi\n|\n|t:|1699669835\n|move|p2a: Amine|Protect|p2a: Amine\n|-singleturn|p2a: Amine|Protect\n|move|p2b: Kroko|Earthquake|p1a: Scizor|[spread] p1a,p1b\n|-activate|p2a: Amine|move: Protect\n|-damage|p1a: Scizor|0 fnt\n|-damage|p1b: Great Tusk|0 fnt\n|faint|p1a: Scizor\n|faint|p1b: Great Tusk\n|-end|p1b: Great Tusk|Protosynthesis|[silent]\n|\n|-fieldend|move: Psychic Terrain\n|upkeep\n|\n|t:|1699669845\n|switch|p1b: Palafin|Palafin-Hero, M|100\/100\n|switch|p1a: Iron Bundle|Iron Bundle|100\/100\n|-status|p1a: Iron Bundle|tox\n|-status|p1b: Palafin|tox\n|-activate|p1b: Palafin|ability: Zero to Hero\n|-enditem|p1a: Iron Bundle|Booster Energy\n|-activate|p1a: Iron Bundle|ability: Quark Drive|[fromitem]\n|-start|p1a: Iron Bundle|quarkdrivespe\n|turn|6\n|\n|t:|1699669872\n|detailschange|p2a: Amine|Audino-Mega, F\n|-mega|p2a: Amine|Audino|Audinite\n|move|p2b: Kroko|Protect|p2b: Kroko\n|-singleturn|p2b: Kroko|Protect\n|move|p1b: Palafin|Jet Punch|p2b: Kroko\n|-activate|p2b: Kroko|move: Protect\n|move|p1a: Iron Bundle|Chilling Water|p2b: Kroko\n|-activate|p2b: Kroko|move: Protect\n|move|p2a: Amine|Light Screen|p2a: Amine\n|-sidestart|p2: decidoustree|move: Light Screen\n|\n|-damage|p1a: Iron Bundle|95\/100 tox|[from] psn\n|-damage|p1b: Palafin|94\/100 tox|[from] psn\n|upkeep\n|turn|7\n|\n|t:|1699669909\n|switch|p2b: Acid Chloride|Scolipede, M|100\/100\n|-terastallize|p1b: Palafin|Water\n|move|p1b: Palafin|Jet Punch|p2b: Acid Chloride\n|-damage|p2b: Acid Chloride|25\/100\n|move|p1a: Iron Bundle|Chilling Water|p2b: Acid Chloride\n|-damage|p2b: Acid Chloride|0 fnt\n|faint|p2b: Acid Chloride\n|move|p2a: Amine|Life Dew||[still]\n|-fail|p2a: Amine|heal\n|\n|-damage|p1a: Iron Bundle|83\/100 tox|[from] psn\n|-damage|p1b: Palafin|82\/100 tox|[from] psn\n|upkeep\n|\n|t:|1699669926\n|switch|p2b: Kroko|Krookodile, M|100\/100\n|-ability|p2b: Kroko|Intimidate|boost\n|-unboost|p1a: Iron Bundle|atk|1\n|-unboost|p1b: Palafin|atk|1\n|turn|8\n|\n|t:|1699669943\n|move|p2b: Kroko|Protect|p2b: Kroko\n|-singleturn|p2b: Kroko|Protect\n|move|p2a: Amine|Protect|p2a: Amine\n|-singleturn|p2a: Amine|Protect\n|move|p1b: Palafin|Jet Punch|p2a: Amine\n|-activate|p2a: Amine|move: Protect\n|move|p1a: Iron Bundle|Ice Beam|p2a: Amine\n|-activate|p2a: Amine|move: Protect\n|\n|-damage|p1a: Iron Bundle|65\/100 tox|[from] psn\n|-damage|p1b: Palafin|63\/100 tox|[from] psn\n|upkeep\n|turn|9\n|\n|t:|1699669969\n|-terastallize|p2b: Kroko|Steel\n|move|p1b: Palafin|Jet Punch|p2b: Kroko\n|-crit|p2b: Kroko\n|-damage|p2b: Kroko|22\/100\n|move|p1a: Iron Bundle|Ice Beam|p2b: Kroko\n|-resisted|p2b: Kroko\n|-damage|p2b: Kroko|0 fnt\n|faint|p2b: Kroko\n|move|p2a: Amine|Life Dew||[still]\n|-fail|p2a: Amine|heal\n|\n|-damage|p1a: Iron Bundle|41\/100 tox|[from] psn\n|-damage|p1b: Palafin|39\/100 tox|[from] psn\n|upkeep\n|\n|t:|1699669983\n|switch|p2b: Eye Sword|Aegislash, M|100\/100\n|turn|10\n|\n|t:|1699670030\n|move|p1b: Palafin|Jet Punch|p2a: Amine\n|-damage|p2a: Amine|83\/100\n|move|p1a: Iron Bundle|Chilling Water|p2a: Amine\n|-damage|p2a: Amine|72\/100\n|-unboost|p2a: Amine|atk|1\n|move|p2b: Eye Sword|Autotomize|p2b: Eye Sword\n|-boost|p2b: Eye Sword|spe|2\n|-start|p2b: Eye Sword|Autotomize\n|move|p2a: Amine|Life Dew||[still]|[spread] p2a,p2b\n|-heal|p2a: Amine|97\/100\n|-fail|p2b: Eye Sword|heal\n|\n|-damage|p1a: Iron Bundle|12\/100 tox|[from] psn\n|-damage|p1b: Palafin|8\/100 tox|[from] psn\n|-sideend|p2: decidoustree|move: Light Screen\n|upkeep\n|turn|11\n|\n|t:|1699670054\n|move|p2b: Eye Sword|King's Shield|p2b: Eye Sword\n|-singleturn|p2b: Eye Sword|Protect\n|move|p1b: Palafin|Jet Punch|p2a: Amine\n|-damage|p2a: Amine|79\/100\n|move|p1a: Iron Bundle|Chilling Water|p2a: Amine\n|-damage|p2a: Amine|61\/100\n|-unboost|p2a: Amine|atk|1\n|move|p2a: Amine|Light Screen|p2a: Amine\n|-sidestart|p2: decidoustree|move: Light Screen\n|\n|-damage|p1a: Iron Bundle|0 fnt|[from] psn\n|faint|p1a: Iron Bundle\n|-end|p1a: Iron Bundle|Quark Drive|[silent]\n|-damage|p1b: Palafin|0 fnt|[from] psn\n|faint|p1b: Palafin\n|upkeep\n|\n|t:|1699670072\n|switch|p1a: Kingambit|Kingambit, M|100\/100\n|-activate|p1a: Kingambit|ability: Supreme Overlord\n|-start|p1a: Kingambit|fallen5|[silent]\n|turn|12\n|\n|t:|1699670084\n|move|p2b: Eye Sword|King's Shield|p2b: Eye Sword\n|-singleturn|p2b: Eye Sword|Protect\n|move|p2a: Amine|Yawn|p1a: Kingambit\n|-start|p1a: Kingambit|move: Yawn|[of] p2a: Amine\n|move|p1a: Kingambit|Iron Head|p2a: Amine\n|-supereffective|p2a: Amine\n|-crit|p2a: Amine\n|-damage|p2a: Amine|0 fnt\n|faint|p2a: Amine\n|\n|upkeep\n|turn|13\n|\n|t:|1699670102\n|move|p2b: Eye Sword|King's Shield||[still]\n|-fail|p2b: Eye Sword\n|move|p1a: Kingambit|Kowtow Cleave|p2b: Eye Sword\n|-supereffective|p2b: Eye Sword\n|-damage|p2b: Eye Sword|0 fnt\n|faint|p2b: Eye Sword\n|\n|win|Muslceman2033\n|l|\u2606Muslceman2033\n|l| MikazukiRex_\n","uploadtime":1699670124,"views":60,"p1id":"muslceman2033","p2id":"decidoustree","formatid":"gen9nationaldexdoubles","rating":0,"private":0,"password":""}