{"id":"gen9nationaldexdoubles-1986622299","p1":"MarcusTalks","p2":"zerkingoff","format":"[Gen 9] National Dex Doubles","log":"|j|\u2606MarcusTalks\n|j|\u2606zerkingoff\n|t:|1699498988\n|gametype|doubles\n|player|p1|MarcusTalks|steven|1143\n|player|p2|zerkingoff|cheren-gen5bw2|1107\n|teamsize|p1|6\n|teamsize|p2|6\n|gen|9\n|tier|[Gen 9] National Dex Doubles\n|rated|\n|rule|HP Percentage Mod: HP is shown in percentages\n|rule|Endless Battle Clause: Forcing endless battles is banned\n|rule|OHKO Clause: OHKO moves are banned\n|rule|Evasion Moves Clause: Evasion moves are banned\n|rule|Evasion Abilities Clause: Evasion abilities are banned\n|rule|Species Clause: Limit one of each Pok\u00e9mon\n|rule|Gravity Sleep Clause: The combination of sleep-inducing moves with imperfect accuracy and Gravity or Gigantamax Orbeetle are banned\n|clearpoke\n|poke|p1|Sinistcha-Masterpiece|\n|poke|p1|Kommo-o, M|\n|poke|p1|Ninetales-Alola, F|\n|poke|p1|Arcanine-Hisui, M|\n|poke|p1|Sableye, M|\n|poke|p1|Iron Hands|\n|poke|p2|Indeedee-F, F|\n|poke|p2|Scolipede, M|\n|poke|p2|Audino, F|\n|poke|p2|Garbodor, M|\n|poke|p2|Aegislash, M|\n|poke|p2|Krookodile, M|\n|teampreview\n|c|\u2606MarcusTalks|glhf\n|\n|t:|1699499004\n|start\n|switch|p1a: Iron Hands|Iron Hands|100\/100\n|switch|p1b: Ninetales|Ninetales-Alola, F, shiny|100\/100\n|switch|p2a: Eye Sword|Aegislash, M|100\/100\n|switch|p2b: Amine|Audino, F|100\/100\n|-weather|Snow|[from] ability: Snow Warning|[of] p1b: Ninetales\n|turn|1\n|\n|t:|1699499055\n|move|p1a: Iron Hands|Fake Out|p2b: Amine\n|-damage|p2b: Amine|88\/100\n|move|p1b: Ninetales|Aurora Veil|p1b: Ninetales\n|-sidestart|p1: MarcusTalks|move: Aurora Veil\n|move|p2a: Eye Sword|Swords Dance|p2a: Eye Sword\n|-boost|p2a: Eye Sword|atk|2\n|cant|p2b: Amine|flinch\n|\n|-weather|Snow|[upkeep]\n|upkeep\n|turn|2\n|\n|t:|1699499085\n|switch|p1b: Kommo-o|Kommo-o, M, shiny|100\/100\n|move|p2a: Eye Sword|King's Shield|p2a: Eye Sword\n|-singleturn|p2a: Eye Sword|Protect\n|move|p2b: Amine|Draining Kiss|p1a: Iron Hands\n|-supereffective|p1a: Iron Hands\n|-damage|p1a: Iron Hands|94\/100\n|-heal|p2b: Amine|94\/100|[from] drain|[of] p1a: Iron Hands\n|move|p1a: Iron Hands|Wild Charge|p2a: Eye Sword\n|-activate|p2a: Eye Sword|move: Protect\n|-unboost|p1a: Iron Hands|atk|1\n|\n|-weather|Snow|[upkeep]\n|upkeep\n|turn|3\n|\n|t:|1699499115\n|move|p2b: Amine|Helping Hand|p2a: Eye Sword\n|-singleturn|p2a: Eye Sword|Helping Hand|[of] p2b: Amine\n|move|p1b: Kommo-o|Clangorous Soul|p1b: Kommo-o\n|-boost|p1b: Kommo-o|atk|1\n|-boost|p1b: Kommo-o|def|1\n|-boost|p1b: Kommo-o|spa|1\n|-boost|p1b: Kommo-o|spd|1\n|-boost|p1b: Kommo-o|spe|1\n|-damage|p1b: Kommo-o|68\/100\n|-enditem|p1b: Kommo-o|Throat Spray\n|-boost|p1b: Kommo-o|spa|1|[from] item: Throat Spray\n|-formechange|p2a: Eye Sword|Aegislash-Blade||[from] ability: Stance Change\n|move|p2a: Eye Sword|Sacred Sword|p1b: Kommo-o\n|-damage|p1b: Kommo-o|0 fnt\n|faint|p1b: Kommo-o\n|move|p1a: Iron Hands|Volt Switch|p2a: Eye Sword\n|-damage|p2a: Eye Sword|78\/100\n|\n|t:|1699499133\n|-end|p1a: Iron Hands|Quark Drive|[silent]\n|switch|p1a: Sableye|Sableye, M, shiny|100\/100|[from] Volt Switch\n|\n|-weather|Snow|[upkeep]\n|upkeep\n|\n|t:|1699499141\n|switch|p1b: Iron Hands|Iron Hands|94\/100\n|turn|4\n|\n|t:|1699499164\n|-formechange|p2a: Eye Sword|Aegislash||[from] ability: Stance Change\n|move|p2a: Eye Sword|King's Shield|p2a: Eye Sword\n|-singleturn|p2a: Eye Sword|Protect\n|move|p1b: Iron Hands|Fake Out|p2b: Amine\n|-crit|p2b: Amine\n|-damage|p2b: Amine|75\/100\n|move|p1a: Sableye|Taunt|p2a: Eye Sword\n|-start|p2a: Eye Sword|move: Taunt\n|cant|p2b: Amine|flinch\n|\n|-weather|Snow|[upkeep]\n|upkeep\n|turn|5\n|\n|t:|1699499200\n|move|p2b: Amine|Helping Hand|p2a: Eye Sword\n|-singleturn|p2a: Eye Sword|Helping Hand|[of] p2b: Amine\n|move|p1a: Sableye|Substitute|p1a: Sableye\n|-start|p1a: Sableye|Substitute\n|-damage|p1a: Sableye|76\/100\n|-formechange|p2a: Eye Sword|Aegislash-Blade||[from] ability: Stance Change\n|move|p2a: Eye Sword|Iron Head|p1a: Sableye\n|-end|p1a: Sableye|Substitute\n|move|p1b: Iron Hands|Wild Charge|p2a: Eye Sword\n|-damage|p2a: Eye Sword|0 fnt\n|faint|p2a: Eye Sword\n|-damage|p1b: Iron Hands|84\/100|[from] Recoil\n|\n|-weather|none\n|upkeep\n|\n|t:|1699499217\n|switch|p2a: Starbucks\ud83e\udd2e\ud83e\udd2e|Garbodor, M|100\/100\n|turn|6\n|\n|t:|1699499239\n|move|p1a: Sableye|Substitute|p1a: Sableye\n|-start|p1a: Sableye|Substitute\n|-damage|p1a: Sableye|51\/100\n|move|p2a: Starbucks\ud83e\udd2e\ud83e\udd2e|Rock Blast|p1b: Iron Hands\n|-resisted|p1b: Iron Hands\n|-damage|p1b: Iron Hands|83\/100\n|-resisted|p1b: Iron Hands\n|-damage|p1b: Iron Hands|82\/100\n|-resisted|p1b: Iron Hands\n|-damage|p1b: Iron Hands|81\/100\n|-resisted|p1b: Iron Hands\n|-damage|p1b: Iron Hands|80\/100\n|-resisted|p1b: Iron Hands\n|-damage|p1b: Iron Hands|79\/100\n|-hitcount|p1b: Iron Hands|5\n|cant|p1b: Iron Hands|flinch\n|move|p2b: Amine|Draining Kiss|p1a: Sableye\n|-supereffective|p1a: Sableye\n|-activate|p1a: Sableye|move: Substitute|[damage]\n|-heal|p2b: Amine|86\/100|[from] drain|[of] p1a: Sableye\n|\n|upkeep\n|turn|7\n|\n|t:|1699499287\n|move|p1a: Sableye|Taunt|p2a: Starbucks\ud83e\udd2e\ud83e\udd2e\n|-start|p2a: Starbucks\ud83e\udd2e\ud83e\udd2e|move: Taunt\n|move|p2a: Starbucks\ud83e\udd2e\ud83e\udd2e|Rock Blast|p1b: Iron Hands\n|-resisted|p1b: Iron Hands\n|-damage|p1b: Iron Hands|77\/100\n|-resisted|p1b: Iron Hands\n|-damage|p1b: Iron Hands|76\/100\n|-resisted|p1b: Iron Hands\n|-damage|p1b: Iron Hands|75\/100\n|-resisted|p1b: Iron Hands\n|-damage|p1b: Iron Hands|74\/100\n|-hitcount|p1b: Iron Hands|4\n|move|p2b: Amine|Yawn|p1b: Iron Hands\n|-start|p1b: Iron Hands|move: Yawn|[of] p2b: Amine\n|cant|p1b: Iron Hands|flinch\n|\n|upkeep\n|turn|8\n|\n|t:|1699499315\n|-end|p1b: Iron Hands|Quark Drive|[silent]\n|switch|p1b: Sinistcha|Sinistcha-Masterpiece, shiny|100\/100\n|-heal|p1a: Sableye|76\/100|[from] ability: Hospitality|[of] p1b: Sinistcha\n|move|p1a: Sableye|Toxic|p2b: Amine\n|-status|p2b: Amine|tox\n|move|p2a: Starbucks\ud83e\udd2e\ud83e\udd2e|Rock Blast|p1b: Sinistcha\n|-damage|p1b: Sinistcha|97\/100\n|-damage|p1b: Sinistcha|94\/100\n|-damage|p1b: Sinistcha|92\/100\n|-damage|p1b: Sinistcha|89\/100\n|-hitcount|p1b: Sinistcha|4\n|move|p2b: Amine|Draining Kiss|p1a: Sableye\n|-supereffective|p1a: Sableye\n|-end|p1a: Sableye|Substitute\n|-heal|p2b: Amine|91\/100 tox|[from] drain|[of] p1a: Sableye\n|\n|-damage|p2b: Amine|85\/100 tox|[from] psn\n|-sideend|p1: MarcusTalks|move: Aurora Veil\n|upkeep\n|turn|9\n|\n|t:|1699499349\n|switch|p1a: Ninetales|Ninetales-Alola, F, shiny|100\/100\n|-weather|Snow|[from] ability: Snow Warning|[of] p1a: Ninetales\n|move|p1b: Sinistcha|Rage Powder|p1b: Sinistcha\n|-singleturn|p1b: Sinistcha|move: Rage Powder\n|move|p2a: Starbucks\ud83e\udd2e\ud83e\udd2e|Gunk Shot|p1b: Sinistcha\n|-damage|p1b: Sinistcha|58\/100\n|move|p2b: Amine|Draining Kiss|p1b: Sinistcha\n|-damage|p1b: Sinistcha|49\/100\n|-heal|p2b: Amine|92\/100 tox|[from] drain|[of] p1b: Sinistcha\n|-damage|p2b: Amine|75\/100 tox|[from] item: Rocky Helmet|[of] p1b: Sinistcha\n|\n|-weather|Snow|[upkeep]\n|-damage|p2b: Amine|63\/100 tox|[from] psn\n|-end|p2a: Starbucks\ud83e\udd2e\ud83e\udd2e|move: Taunt\n|upkeep\n|turn|10\n|\n|t:|1699499382\n|switch|p2b: Amide|Indeedee-F, F|100\/100\n|-fieldstart|move: Psychic Terrain|[from] ability: Psychic Surge|[of] p2b: Amide\n|move|p1a: Ninetales|Blizzard|p2a: Starbucks\ud83e\udd2e\ud83e\udd2e|[spread] p2a,p2b\n|-damage|p2a: Starbucks\ud83e\udd2e\ud83e\udd2e|71\/100\n|-damage|p2b: Amide|70\/100\n|move|p2a: Starbucks\ud83e\udd2e\ud83e\udd2e|Gunk Shot|p1a: Ninetales|[miss]\n|-miss|p2a: Starbucks\ud83e\udd2e\ud83e\udd2e|p1a: Ninetales\n|move|p1b: Sinistcha|Matcha Gotcha|p2a: Starbucks\ud83e\udd2e\ud83e\udd2e|[spread] p2a,p2b\n|-resisted|p2a: Starbucks\ud83e\udd2e\ud83e\udd2e\n|-damage|p2a: Starbucks\ud83e\udd2e\ud83e\udd2e|60\/100\n|-heal|p1b: Sinistcha|55\/100|[from] drain|[of] p2a: Starbucks\ud83e\udd2e\ud83e\udd2e\n|-damage|p2b: Amide|45\/100\n|-heal|p1b: Sinistcha|67\/100|[from] drain|[of] p2b: Amide\n|-status|p2b: Amide|brn\n|\n|-weather|Snow|[upkeep]\n|-damage|p2b: Amide|39\/100 brn|[from] brn\n|upkeep\n|turn|11\n|inactive|Battle timer is ON: inactive players will automatically lose when time's up. (requested by MarcusTalks)\n|\n|t:|1699499422\n|switch|p1b: Sableye|Sableye, M, shiny|76\/100\n|-terastallize|p2b: Amide|Psychic\n|move|p1a: Ninetales|Blizzard|p2b: Amide|[spread] p2a,p2b\n|-damage|p2a: Starbucks\ud83e\udd2e\ud83e\udd2e|32\/100\n|-damage|p2b: Amide|7\/100 brn\n|move|p2b: Amide|Expanding Force|p1a: Ninetales|[spread] p1a\n|-immune|p1b: Sableye\n|-damage|p1a: Ninetales|3\/100\n|move|p2a: Starbucks\ud83e\udd2e\ud83e\udd2e|Gunk Shot|p1a: Ninetales\n|-supereffective|p1a: Ninetales\n|-damage|p1a: Ninetales|0 fnt\n|faint|p1a: Ninetales\n|\n|-weather|Snow|[upkeep]\n|-damage|p2b: Amide|1\/100 brn|[from] brn\n|upkeep\n|\n|t:|1699499442\n|switch|p1a: Sinistcha|Sinistcha-Masterpiece, shiny|67\/100\n|-heal|p1b: Sableye|100\/100|[from] ability: Hospitality|[of] p1a: Sinistcha\n|turn|12\n|\n|t:|1699499461\n|switch|p1a: Arcanine|Arcanine-Hisui, M, shiny|100\/100\n|move|p1b: Sableye|Substitute|p1b: Sableye\n|-start|p1b: Sableye|Substitute\n|-damage|p1b: Sableye|76\/100\n|move|p2b: Amide|Expanding Force|p1b: Sableye|[spread] p1a\n|-immune|p1b: Sableye\n|-damage|p1a: Arcanine|2\/100\n|move|p2a: Starbucks\ud83e\udd2e\ud83e\udd2e|Toxic|p1a: Arcanine\n|-status|p1a: Arcanine|tox\n|\n|-weather|Snow|[upkeep]\n|-damage|p1a: Arcanine|0 fnt|[from] psn\n|faint|p1a: Arcanine\n|-damage|p2b: Amide|0 fnt|[from] brn\n|faint|p2b: Amide\n|upkeep\n|inactive|zerkingoff has 120 seconds left.\n|\n|t:|1699499493\n|switch|p1a: Iron Hands|Iron Hands|74\/100\n|switch|p2b: Amine|Audino, F|96\/100 tox\n|turn|13\n|\n|t:|1699499512\n|move|p1a: Iron Hands|Fake Out|p2a: Starbucks\ud83e\udd2e\ud83e\udd2e\n|-activate|p2a: Starbucks\ud83e\udd2e\ud83e\udd2e|move: Psychic Terrain\n|move|p2a: Starbucks\ud83e\udd2e\ud83e\udd2e|Rock Blast|p1a: Iron Hands\n|-resisted|p1a: Iron Hands\n|-damage|p1a: Iron Hands|72\/100\n|-resisted|p1a: Iron Hands\n|-damage|p1a: Iron Hands|71\/100\n|-resisted|p1a: Iron Hands\n|-damage|p1a: Iron Hands|69\/100\n|-resisted|p1a: Iron Hands\n|-damage|p1a: Iron Hands|67\/100\n|-resisted|p1a: Iron Hands\n|-damage|p1a: Iron Hands|65\/100\n|-hitcount|p1a: Iron Hands|5\n|move|p1b: Sableye|Dark Pulse|p2a: Starbucks\ud83e\udd2e\ud83e\udd2e\n|-damage|p2a: Starbucks\ud83e\udd2e\ud83e\udd2e|13\/100\n|move|p2b: Amine|Draining Kiss|p1b: Sableye\n|-supereffective|p1b: Sableye\n|-activate|p1b: Sableye|move: Substitute|[damage]\n|-heal|p2b: Amine|100\/100 tox|[from] drain|[of] p1b: Sableye\n|\n|-weather|none\n|-damage|p2b: Amine|94\/100 tox|[from] psn\n|upkeep\n|turn|14\n|inactive|zerkingoff has 120 seconds left.\n|\n|t:|1699499543\n|move|p2a: Starbucks\ud83e\udd2e\ud83e\udd2e|Pain Split|p1a: Iron Hands\n|-sethp|p1a: Iron Hands|37\/100|[from] move: Pain Split|[silent]\n|-sethp|p2a: Starbucks\ud83e\udd2e\ud83e\udd2e|52\/100|[from] move: Pain Split\n|move|p1b: Sableye|Dark Pulse|p2a: Starbucks\ud83e\udd2e\ud83e\udd2e\n|-damage|p2a: Starbucks\ud83e\udd2e\ud83e\udd2e|33\/100\n|move|p2b: Amine|Draining Kiss|p1b: Sableye\n|-supereffective|p1b: Sableye\n|-end|p1b: Sableye|Substitute\n|-heal|p2b: Amine|95\/100 tox|[from] drain|[of] p1b: Sableye\n|move|p1a: Iron Hands|Drain Punch|p2b: Amine\n|-supereffective|p2b: Amine\n|-damage|p2b: Amine|21\/100 tox\n|-heal|p1a: Iron Hands|63\/100|[from] drain|[of] p2b: Amine\n|\n|-damage|p2b: Amine|9\/100 tox|[from] psn\n|-fieldend|move: Psychic Terrain\n|upkeep\n|turn|15\n|inactive|zerkingoff has 120 seconds left.\n|\n|t:|1699499577\n|move|p1b: Sableye|Substitute|p1b: Sableye\n|-start|p1b: Sableye|Substitute\n|-damage|p1b: Sableye|51\/100\n|move|p2a: Starbucks\ud83e\udd2e\ud83e\udd2e|Toxic|p1a: Iron Hands\n|-status|p1a: Iron Hands|tox\n|move|p2b: Amine|Draining Kiss|p1a: Iron Hands\n|-supereffective|p1a: Iron Hands\n|-damage|p1a: Iron Hands|54\/100 tox\n|-heal|p2b: Amine|19\/100 tox|[from] drain|[of] p1a: Iron Hands\n|move|p1a: Iron Hands|Volt Switch|p2a: Starbucks\ud83e\udd2e\ud83e\udd2e\n|-damage|p2a: Starbucks\ud83e\udd2e\ud83e\udd2e|21\/100\n|\n|t:|1699499587\n|-end|p1a: Iron Hands|Quark Drive|[silent]\n|switch|p1a: Sinistcha|Sinistcha-Masterpiece, shiny|67\/100|[from] Volt Switch\n|-heal|p1b: Sableye|76\/100|[from] ability: Hospitality|[of] p1a: Sinistcha\n|\n|-damage|p2b: Amine|0 fnt|[from] psn\n|faint|p2b: Amine\n|upkeep\n|inactive|zerkingoff has 120 seconds left.\n|\n|t:|1699499601\n|switch|p2b: Acidic Chloride|Scolipede, M|100\/100\n|turn|16\n|\n|t:|1699499618\n|move|p1b: Sableye|Taunt|p2a: Starbucks\ud83e\udd2e\ud83e\udd2e\n|-start|p2a: Starbucks\ud83e\udd2e\ud83e\udd2e|move: Taunt\n|move|p2b: Acidic Chloride|Rock Slide|p1b: Sableye|[spread] p1a,p1b\n|-activate|p1b: Sableye|move: Substitute|[damage]\n|-damage|p1a: Sinistcha|53\/100\n|cant|p2a: Starbucks\ud83e\udd2e\ud83e\udd2e|move: Taunt|Toxic\n|cant|p1a: Sinistcha|flinch\n|\n|-ability|p2b: Acidic Chloride|Speed Boost|boost\n|-boost|p2b: Acidic Chloride|spe|1\n|upkeep\n|turn|17\n|\n|t:|1699499641\n|move|p2b: Acidic Chloride|Rock Slide|p1a: Sinistcha|[spread] p1a,p1b\n|-end|p1b: Sableye|Substitute\n|-crit|p1a: Sinistcha\n|-damage|p1a: Sinistcha|33\/100\n|move|p2a: Starbucks\ud83e\udd2e\ud83e\udd2e|Gunk Shot|p1a: Sinistcha|[miss]\n|-miss|p2a: Starbucks\ud83e\udd2e\ud83e\udd2e|p1a: Sinistcha\n|cant|p1a: Sinistcha|flinch\n|move|p1b: Sableye|Dark Pulse|p2b: Acidic Chloride\n|-damage|p2b: Acidic Chloride|63\/100\n|\n|-ability|p2b: Acidic Chloride|Speed Boost|boost\n|-boost|p2b: Acidic Chloride|spe|1\n|upkeep\n|turn|18\n|\n|t:|1699499666\n|move|p1b: Sableye|Substitute|p1b: Sableye\n|-start|p1b: Sableye|Substitute\n|-damage|p1b: Sableye|51\/100\n|move|p2b: Acidic Chloride|Rock Slide|p1a: Sinistcha|[spread] p1a,p1b\n|-activate|p1b: Sableye|move: Substitute|[damage]\n|-damage|p1a: Sinistcha|18\/100\n|move|p2a: Starbucks\ud83e\udd2e\ud83e\udd2e|Gunk Shot|p1a: Sinistcha\n|-damage|p1a: Sinistcha|0 fnt\n|faint|p1a: Sinistcha\n|\n|-end|p2a: Starbucks\ud83e\udd2e\ud83e\udd2e|move: Taunt\n|-ability|p2b: Acidic Chloride|Speed Boost|boost\n|-boost|p2b: Acidic Chloride|spe|1\n|upkeep\n|inactive|MarcusTalks has 120 seconds left.\n|\n|t:|1699499678\n|switch|p1a: Iron Hands|Iron Hands|54\/100 tox\n|turn|19\n|\n|t:|1699499689\n|move|p1a: Iron Hands|Fake Out|p2b: Acidic Chloride\n|-damage|p2b: Acidic Chloride|41\/100\n|move|p1b: Sableye|Taunt|p2a: Starbucks\ud83e\udd2e\ud83e\udd2e\n|-start|p2a: Starbucks\ud83e\udd2e\ud83e\udd2e|move: Taunt\n|cant|p2b: Acidic Chloride|flinch\n|move|p2a: Starbucks\ud83e\udd2e\ud83e\udd2e|Rock Blast|p1b: Sableye\n|-activate|p1b: Sableye|move: Substitute|[damage]\n|-end|p1b: Sableye|Substitute\n|-damage|p1b: Sableye|45\/100\n|-damage|p1b: Sableye|39\/100\n|-hitcount|p1b: Sableye|4\n|\n|-damage|p1a: Iron Hands|48\/100 tox|[from] psn\n|-ability|p2b: Acidic Chloride|Speed Boost|boost\n|-boost|p2b: Acidic Chloride|spe|1\n|upkeep\n|turn|20\n|inactive|MarcusTalks has 120 seconds left.\n|\n|t:|1699499721\n|detailschange|p1b: Sableye|Sableye-Mega, M, shiny\n|-mega|p1b: Sableye|Sableye|Sablenite\n|-terastallize|p1a: Iron Hands|Fighting\n|move|p2b: Acidic Chloride|Swords Dance|p2b: Acidic Chloride\n|-boost|p2b: Acidic Chloride|atk|2\n|move|p2a: Starbucks\ud83e\udd2e\ud83e\udd2e|Rock Blast|p1b: Sableye\n|-damage|p1b: Sableye|35\/100\n|-damage|p1b: Sableye|31\/100\n|-damage|p1b: Sableye|27\/100\n|-crit|p1b: Sableye\n|-damage|p1b: Sableye|21\/100\n|-damage|p1b: Sableye|17\/100\n|-hitcount|p1b: Sableye|5\n|move|p1a: Iron Hands|Drain Punch|p2a: Starbucks\ud83e\udd2e\ud83e\udd2e\n|-resisted|p2a: Starbucks\ud83e\udd2e\ud83e\udd2e\n|-damage|p2a: Starbucks\ud83e\udd2e\ud83e\udd2e|0 fnt\n|-heal|p1a: Iron Hands|55\/100 tox|[from] drain|[of] p2a: Starbucks\ud83e\udd2e\ud83e\udd2e\n|faint|p2a: Starbucks\ud83e\udd2e\ud83e\udd2e\n|move|p1b: Sableye|Dark Pulse|p2b: Acidic Chloride\n|-damage|p2b: Acidic Chloride|2\/100\n|\n|-damage|p1a: Iron Hands|43\/100 tox|[from] psn\n|-ability|p2b: Acidic Chloride|Speed Boost|boost\n|-boost|p2b: Acidic Chloride|spe|1\n|upkeep\n|inactive|zerkingoff has 120 seconds left.\n|\n|t:|1699499746\n|switch|p2a: Kroko|Krookodile, M|100\/100\n|turn|21\n|\n|t:|1699499765\n|move|p2b: Acidic Chloride|Rock Slide|p1a: Iron Hands|[spread] p1a,p1b\n|-resisted|p1a: Iron Hands\n|-damage|p1a: Iron Hands|32\/100 tox\n|-damage|p1b: Sableye|0 fnt\n|faint|p1b: Sableye\n|move|p2a: Kroko|Outrage|p1a: Iron Hands\n|-damage|p1a: Iron Hands|7\/100 tox\n|move|p1a: Iron Hands|Drain Punch|p2a: Kroko\n|-supereffective|p2a: Kroko\n|-damage|p2a: Kroko|0 fnt\n|-heal|p1a: Iron Hands|39\/100 tox|[from] drain|[of] p2a: Kroko\n|faint|p2a: Kroko\n|\n|-damage|p1a: Iron Hands|21\/100 tox|[from] psn\n|-ability|p2b: Acidic Chloride|Speed Boost|boost\n|-boost|p2b: Acidic Chloride|spe|1\n|upkeep\n|turn|22\n|c|\u2606MarcusTalks|how on earth did you get such amazing luck with rock blast\n|\n|t:|1699499791\n|move|p2b: Acidic Chloride|Poison Jab|p1a: Iron Hands\n|-damage|p1a: Iron Hands|0 fnt\n|faint|p1a: Iron Hands\n|-end|p1a: Iron Hands|Quark Drive|[silent]\n|\n|win|zerkingoff\n|raw|MarcusTalks's rating: 1143 &rarr; <strong>1115<\/strong><br \/>(-28 for losing)\n|raw|zerkingoff's rating: 1107 &rarr; <strong>1135<\/strong><br \/>(+28 for winning)\n|l|\u2606MarcusTalks\n","uploadtime":1699499850,"views":32,"p1id":"marcustalks","p2id":"zerkingoff","formatid":"gen9nationaldexdoubles","rating":1115,"private":0,"password":""}