{"id":"gen9nationaldexdoubles-1962500173","p1":"fumbari 24","p2":"xSSaif","format":"[Gen 9] National Dex Doubles","log":"|j|\u2606fumbari 24\n|j|\u2606xSSaif\n|t:|1696758028\n|gametype|doubles\n|player|p1|fumbari 24|169|1290\n|player|p2|xSSaif|crasherwake|1140\n|teamsize|p1|6\n|teamsize|p2|6\n|gen|9\n|tier|[Gen 9] National Dex Doubles\n|rated|\n|rule|HP Percentage Mod: HP is shown in percentages\n|rule|Endless Battle Clause: Forcing endless battles is banned\n|rule|OHKO Clause: OHKO moves are banned\n|rule|Evasion Moves Clause: Evasion moves are banned\n|rule|Evasion Abilities Clause: Evasion abilities are banned\n|rule|Species Clause: Limit one of each Pok\u00e9mon\n|rule|Gravity Sleep Clause: The combination of sleep-inducing moves with imperfect accuracy and Gravity or Gigantamax Orbeetle are banned\n|clearpoke\n|poke|p1|Kommo-o, M|\n|poke|p1|Sinistcha|\n|poke|p1|Clefairy, F|\n|poke|p1|Volcanion|\n|poke|p1|Gallade, M|\n|poke|p1|Gardevoir, F|\n|poke|p2|Manectric, M|\n|poke|p2|Tapu Koko|\n|poke|p2|Hawlucha, M|\n|poke|p2|Landorus-Therian, M|\n|poke|p2|Gholdengo|\n|poke|p2|Amoonguss, M|\n|teampreview\n|\n|t:|1696758060\n|start\n|switch|p1a: Yohken|Kommo-o, M|100\/100\n|switch|p1b: Taia|Clefairy, F|100\/100\n|switch|p2a: Tapu Koko|Tapu Koko|100\/100\n|switch|p2b: Hawlucha|Hawlucha, M|100\/100\n|-fieldstart|move: Electric Terrain|[from] ability: Electric Surge|[of] p2a: Tapu Koko\n|-enditem|p2b: Hawlucha|Electric Seed\n|-boost|p2b: Hawlucha|def|1|[from] item: Electric Seed\n|turn|1\n|inactive|Battle timer is ON: inactive players will automatically lose when time's up. (requested by fumbari 24)\n|\n|t:|1696758084\n|move|p1a: Yohken|Protect|p1a: Yohken\n|-singleturn|p1a: Yohken|Protect\n|move|p2b: Hawlucha|Close Combat|p1a: Yohken\n|-activate|p1a: Yohken|move: Protect\n|move|p2a: Tapu Koko|Dazzling Gleam|p1b: Taia|[spread] p1b\n|-activate|p1a: Yohken|move: Protect\n|-damage|p1b: Taia|81\/100\n|move|p1b: Taia|Moonblast|p2b: Hawlucha\n|-supereffective|p2b: Hawlucha\n|-damage|p2b: Hawlucha|27\/100\n|-unboost|p2b: Hawlucha|spa|1\n|\n|upkeep\n|turn|2\n|\n|t:|1696758105\n|switch|p1a: ChunJu|Volcanion|100\/100\n|move|p2b: Hawlucha|Close Combat|p1a: ChunJu\n|-damage|p1a: ChunJu|67\/100\n|-unboost|p2b: Hawlucha|def|1\n|-unboost|p2b: Hawlucha|spd|1\n|move|p2a: Tapu Koko|Dazzling Gleam|p1b: Taia|[spread] p1a,p1b\n|-resisted|p1a: ChunJu\n|-damage|p1a: ChunJu|58\/100\n|-damage|p1b: Taia|60\/100\n|move|p1b: Taia|Life Dew|p1b: Taia|[spread] p1b\n|-heal|p1a: ChunJu|83\/100|[from] ability: Water Absorb|[of] p1b: Taia\n|-heal|p1b: Taia|85\/100\n|\n|-heal|p1a: ChunJu|89\/100|[from] item: Leftovers\n|upkeep\n|turn|3\n|\n|t:|1696758135\n|switch|p2b: Amoonguss|Amoonguss, M|100\/100\n|move|p1a: ChunJu|Protect|p1a: ChunJu\n|-singleturn|p1a: ChunJu|Protect\n|move|p2a: Tapu Koko|Electroweb|p1b: Taia|[spread] p1b\n|-activate|p1a: ChunJu|move: Protect\n|-damage|p1b: Taia|67\/100\n|-unboost|p1b: Taia|spe|1\n|move|p1b: Taia|Moonblast|p2b: Amoonguss\n|-resisted|p2b: Amoonguss\n|-damage|p2b: Amoonguss|92\/100\n|\n|-heal|p1a: ChunJu|95\/100|[from] item: Leftovers\n|upkeep\n|turn|4\n|\n|t:|1696758164\n|-terastallize|p1a: ChunJu|Ground\n|move|p2a: Tapu Koko|Electroweb|p1b: Taia|[spread] p1b\n|-immune|p1a: ChunJu\n|-damage|p1b: Taia|48\/100\n|-unboost|p1b: Taia|spe|1\n|move|p1a: ChunJu|Heat Wave|p2b: Amoonguss|[spread] p2a,p2b\n|-supereffective|p2b: Amoonguss\n|-damage|p2a: Tapu Koko|45\/100\n|-damage|p2b: Amoonguss|31\/100\n|-status|p2b: Amoonguss|brn\n|-enditem|p2b: Amoonguss|Sitrus Berry|[eat]\n|-heal|p2b: Amoonguss|55\/100 brn|[from] item: Sitrus Berry\n|move|p2b: Amoonguss|Toxic|p1b: Taia\n|-status|p1b: Taia|tox\n|move|p1b: Taia|Life Dew|p1b: Taia|[spread] p1b\n|-heal|p1a: ChunJu|100\/100|[from] ability: Water Absorb|[of] p1b: Taia\n|-heal|p1b: Taia|73\/100 tox\n|\n|-damage|p1b: Taia|67\/100 tox|[from] psn\n|-damage|p2b: Amoonguss|49\/100 brn|[from] brn\n|upkeep\n|turn|5\n|inactive|xSSaif has 120 seconds left.\n|\n|t:|1696758212\n|switch|p2b: Hawlucha|Hawlucha, M|27\/100\n|move|p1b: Taia|Helping Hand|p1a: ChunJu\n|-singleturn|p1a: ChunJu|Helping Hand|[of] p1b: Taia\n|move|p2a: Tapu Koko|Nature's Madness|p1a: ChunJu\n|-damage|p1a: ChunJu|51\/100\n|move|p1a: ChunJu|Heat Wave|p2a: Tapu Koko|[spread] p2a,p2b\n|-damage|p2a: Tapu Koko|0 fnt\n|-damage|p2b: Hawlucha|0 fnt\n|faint|p2a: Tapu Koko\n|faint|p2b: Hawlucha\n|\n|-heal|p1a: ChunJu|57\/100|[from] item: Leftovers\n|-damage|p1b: Taia|55\/100 tox|[from] psn\n|-fieldend|move: Electric Terrain\n|upkeep\n|inactive|xSSaif has 90 seconds left.\n|\n|t:|1696758235\n|switch|p2a: Amoonguss|Amoonguss, M|82\/100 brn\n|switch|p2b: Gholdengo|Gholdengo|100\/100\n|turn|6\n|\n|t:|1696758248\n|move|p2a: Amoonguss|Rage Powder|p2a: Amoonguss\n|-singleturn|p2a: Amoonguss|move: Rage Powder\n|move|p1a: ChunJu|Heat Wave|p2b: Gholdengo|[spread] p2a,p2b\n|-supereffective|p2a: Amoonguss\n|-supereffective|p2b: Gholdengo\n|-damage|p2a: Amoonguss|23\/100 brn\n|-damage|p2b: Gholdengo|27\/100\n|move|p2b: Gholdengo|Make It Rain|p1a: ChunJu|[spread] p1a,p1b\n|-supereffective|p1b: Taia\n|-damage|p1a: ChunJu|2\/100\n|-damage|p1b: Taia|0 fnt\n|-unboost|p2b: Gholdengo|spa|1\n|faint|p1b: Taia\n|-damage|p2b: Gholdengo|18\/100|[from] item: Life Orb\n|\n|-heal|p1a: ChunJu|8\/100|[from] item: Leftovers\n|-damage|p2a: Amoonguss|17\/100 brn|[from] brn\n|upkeep\n|j| aaacbn\n|\n|t:|1696758265\n|switch|p1b: Yohken|Kommo-o, M|100\/100\n|turn|7\n|inactive|xSSaif has 120 seconds left.\n|\n|t:|1696758283\n|switch|p2a: Landorus|Landorus-Therian, M|100\/100\n|-ability|p2a: Landorus|Intimidate|boost\n|-unboost|p1a: ChunJu|atk|1\n|-unboost|p1b: Yohken|atk|1\n|move|p2b: Gholdengo|Protect|p2b: Gholdengo\n|-singleturn|p2b: Gholdengo|Protect\n|-zpower|p1b: Yohken\n|move|p1b: Yohken|Clangorous Soulblaze|p2b: Gholdengo|[zeffect]|[spread] p2a,p2b\n|-resisted|p2b: Gholdengo\n|-zbroken|p2b: Gholdengo\n|-damage|p2a: Landorus|43\/100\n|-damage|p2b: Gholdengo|10\/100\n|-boost|p1b: Yohken|atk|1\n|-boost|p1b: Yohken|def|1\n|-boost|p1b: Yohken|spa|1\n|-boost|p1b: Yohken|spd|1\n|-boost|p1b: Yohken|spe|1\n|move|p1a: ChunJu|Heat Wave|p2a: Landorus|[spread] p2a\n|-activate|p2b: Gholdengo|move: Protect\n|-damage|p2a: Landorus|13\/100\n|\n|-heal|p2a: Landorus|19\/100|[from] item: Leftovers\n|-heal|p1a: ChunJu|14\/100|[from] item: Leftovers\n|upkeep\n|turn|8\n|inactive|xSSaif has 120 seconds left.\n|\n|t:|1696758316\n|move|p1a: ChunJu|Protect|p1a: ChunJu\n|-singleturn|p1a: ChunJu|Protect\n|move|p1b: Yohken|Clanging Scales|p2b: Gholdengo|[spread] p2a,p2b\n|-resisted|p2b: Gholdengo\n|-damage|p2a: Landorus|0 fnt\n|-damage|p2b: Gholdengo|0 fnt\n|faint|p2a: Landorus\n|faint|p2b: Gholdengo\n|-unboost|p1b: Yohken|def|1\n|\n|-heal|p1a: ChunJu|20\/100|[from] item: Leftovers\n|upkeep\n|\n|t:|1696758327\n|switch|p2a: Amoonguss|Amoonguss, M|50\/100 brn\n|switch|p2b: Manectric|Manectric, M|100\/100\n|turn|9\n|l| aaacbn\n|inactive|xSSaif has 120 seconds left.\n|\n|t:|1696758344\n|detailschange|p2b: Manectric|Manectric-Mega, M\n|-mega|p2b: Manectric|Manectric|Manectite\n|-ability|p2b: Manectric|Intimidate|boost\n|-unboost|p1a: ChunJu|atk|1\n|-unboost|p1b: Yohken|atk|1\n|move|p2b: Manectric|Hidden Power|p1b: Yohken\n|-supereffective|p1b: Yohken\n|-damage|p1b: Yohken|70\/100\n|move|p1b: Yohken|Clanging Scales|p2a: Amoonguss|[spread] p2a,p2b\n|-damage|p2a: Amoonguss|2\/100 brn\n|-damage|p2b: Manectric|16\/100\n|-unboost|p1b: Yohken|def|1\n|move|p1a: ChunJu|Heat Wave|p2b: Manectric|[spread] p2a,p2b\n|-supereffective|p2a: Amoonguss\n|-crit|p2a: Amoonguss\n|-damage|p2a: Amoonguss|0 fnt\n|-damage|p2b: Manectric|0 fnt\n|faint|p2a: Amoonguss\n|faint|p2b: Manectric\n|\n|win|fumbari 24\n|raw|fumbari 24's rating: 1290 &rarr; <strong>1305<\/strong><br \/>(+15 for winning)\n|raw|xSSaif's rating: 1140 &rarr; <strong>1125<\/strong><br \/>(-15 for losing)\n","uploadtime":1696758361,"views":9,"p1id":"fumbari24","p2id":"xssaif","formatid":"gen9nationaldexdoubles","rating":1125,"private":0,"password":""}