{"id":"gen9nationaldexdoubles-1965995873","p1":"Sally2416","p2":"Cambrian James","format":"[Gen 9] National Dex Doubles","log":"|j|\u2606Sally2416\n|j|\u2606Cambrian James\n|t:|1697136040\n|gametype|doubles\n|player|p1|Sally2416|idol|1064\n|player|p2|Cambrian James|2|1038\n|teamsize|p1|6\n|teamsize|p2|4\n|gen|9\n|tier|[Gen 9] National Dex Doubles\n|rated|\n|rule|HP Percentage Mod: HP is shown in percentages\n|rule|Endless Battle Clause: Forcing endless battles is banned\n|rule|OHKO Clause: OHKO moves are banned\n|rule|Evasion Moves Clause: Evasion moves are banned\n|rule|Evasion Abilities Clause: Evasion abilities are banned\n|rule|Species Clause: Limit one of each Pok\u00e9mon\n|rule|Gravity Sleep Clause: The combination of sleep-inducing moves with imperfect accuracy and Gravity or Gigantamax Orbeetle are banned\n|clearpoke\n|poke|p1|Minior-Blue|\n|poke|p1|Shaymin-Sky|\n|poke|p1|Ogerpon-Wellspring, F|\n|poke|p1|Furret, F|\n|poke|p1|Abomasnow, M|\n|poke|p1|Pelipper, M|\n|poke|p2|Sirfetch\u2019d, F|\n|poke|p2|Torkoal, F|\n|poke|p2|Oranguru, F|\n|poke|p2|Ting-Lu|\n|teampreview\n|\n|t:|1697136047\n|start\n|switch|p1a: Pelipper|Pelipper, M, shiny|100\/100\n|switch|p1b: Ogerpon|Ogerpon-Wellspring, F|100\/100\n|switch|p2a: Oranguru|Oranguru, F|100\/100\n|switch|p2b: Torkoal|Torkoal, F|100\/100\n|-weather|RainDance|[from] ability: Drizzle|[of] p1a: Pelipper\n|-weather|SunnyDay|[from] ability: Drought|[of] p2b: Torkoal\n|turn|1\n|\n|t:|1697136068\n|move|p2b: Torkoal|Protect|p2b: Torkoal\n|-singleturn|p2b: Torkoal|Protect\n|move|p1b: Ogerpon|Rain Dance|p1b: Ogerpon\n|-weather|RainDance\n|move|p1a: Pelipper|Liquidation|p2b: Torkoal\n|-activate|p2b: Torkoal|move: Protect\n|move|p2a: Oranguru|Trick Room|p2a: Oranguru\n|-fieldstart|move: Trick Room|[of] p2a: Oranguru\n|-enditem|p2a: Oranguru|Room Service\n|-unboost|p2a: Oranguru|spe|1|[from] item: Room Service\n|\n|-weather|RainDance|[upkeep]\n|upkeep\n|turn|2\n|\n|t:|1697136090\n|move|p2b: Torkoal|Eruption|p1b: Ogerpon|[spread] p1a,p1b\n|-resisted|p1a: Pelipper\n|-damage|p1a: Pelipper|80\/100\n|-damage|p1b: Ogerpon|79\/100\n|move|p2a: Oranguru|Instruct|p2b: Torkoal\n|-singleturn|p2b: Torkoal|move: Instruct|[of] p2a: Oranguru\n|move|p2b: Torkoal|Eruption|p1a: Pelipper|[spread] p1a,p1b\n|-resisted|p1a: Pelipper\n|-crit|p1b: Ogerpon\n|-damage|p1a: Pelipper|61\/100\n|-damage|p1b: Ogerpon|46\/100\n|move|p1a: Pelipper|Hurricane|p2b: Torkoal\n|-damage|p2b: Torkoal|42\/100\n|-enditem|p2b: Torkoal|Sitrus Berry|[eat]\n|-heal|p2b: Torkoal|67\/100|[from] item: Sitrus Berry\n|move|p1b: Ogerpon|Ivy Cudgel|p2a: Oranguru\n|-crit|p2a: Oranguru\n|-damage|p2a: Oranguru|0 fnt\n|faint|p2a: Oranguru\n|\n|-weather|RainDance|[upkeep]\n|upkeep\n|\n|t:|1697136113\n|switch|p2a: Sirfetch\u2019d|Sirfetch\u2019d, F|100\/100\n|turn|3\n|\n|t:|1697136125\n|move|p1b: Ogerpon|Protect|p1b: Ogerpon\n|-singleturn|p1b: Ogerpon|Protect\n|move|p2b: Torkoal|Eruption|p1b: Ogerpon|[spread] p1a\n|-activate|p1b: Ogerpon|move: Protect\n|-resisted|p1a: Pelipper\n|-damage|p1a: Pelipper|47\/100\n|move|p2a: Sirfetch\u2019d|Close Combat|p1b: Ogerpon\n|-activate|p1b: Ogerpon|move: Protect\n|move|p1a: Pelipper|Acrobatics|p2a: Sirfetch\u2019d\n|-supereffective|p2a: Sirfetch\u2019d\n|-damage|p2a: Sirfetch\u2019d|78\/100\n|\n|-weather|RainDance|[upkeep]\n|upkeep\n|turn|4\n|\n|t:|1697136161\n|switch|p1a: Bambi|Shaymin-Sky, shiny|100\/100\n|switch|p1b: Furret|Furret, F, shiny|100\/100\n|-item|p2a: Sirfetch\u2019d|Choice Band|[from] ability: Frisk|[of] p1b: Furret|[identify]\n|move|p2b: Torkoal|Eruption|p1a: Bambi|[spread] p1a,p1b\n|-supereffective|p1a: Bambi\n|-crit|p1a: Bambi\n|-damage|p1a: Bambi|52\/100\n|-damage|p1b: Furret|78\/100\n|-enditem|p1b: Furret|Eject Button\n|\n|t:|1697136177\n|switch|p1b: Abomasnow|Abomasnow, M, shiny|100\/100\n|-weather|Snow|[from] ability: Snow Warning|[of] p1b: Abomasnow\n|move|p2a: Sirfetch\u2019d|Close Combat|p1b: Abomasnow\n|-supereffective|p1b: Abomasnow\n|-damage|p1b: Abomasnow|0 fnt\n|-unboost|p2a: Sirfetch\u2019d|def|1\n|-unboost|p2a: Sirfetch\u2019d|spd|1\n|faint|p1b: Abomasnow\n|\n|-weather|Snow|[upkeep]\n|upkeep\n|\n|t:|1697136189\n|switch|p1b: Furret|Furret, F, shiny|78\/100\n|-item|p2a: Sirfetch\u2019d|Choice Band|[from] ability: Frisk|[of] p1b: Furret|[identify]\n|turn|5\n|\n|t:|1697136204\n|move|p2b: Torkoal|Eruption|p1b: Furret|[spread] p1a,p1b\n|-supereffective|p1a: Bambi\n|-crit|p1a: Bambi\n|-damage|p1a: Bambi|0 fnt\n|-damage|p1b: Furret|38\/100\n|faint|p1a: Bambi\n|move|p2a: Sirfetch\u2019d|Close Combat|p1b: Furret\n|-supereffective|p1b: Furret\n|-damage|p1b: Furret|0 fnt\n|-unboost|p2a: Sirfetch\u2019d|def|1\n|-unboost|p2a: Sirfetch\u2019d|spd|1\n|faint|p1b: Furret\n|\n|-weather|Snow|[upkeep]\n|-fieldend|move: Trick Room\n|upkeep\n|\n|t:|1697136220\n|switch|p1a: Pelipper|Pelipper, M, shiny|47\/100\n|switch|p1b: Ogerpon|Ogerpon-Wellspring, F|46\/100\n|-weather|RainDance|[from] ability: Drizzle|[of] p1a: Pelipper\n|turn|6\n|\n|t:|1697136236\n|move|p1b: Ogerpon|Ivy Cudgel|p2b: Torkoal\n|-supereffective|p2b: Torkoal\n|-damage|p2b: Torkoal|0 fnt\n|faint|p2b: Torkoal\n|move|p1a: Pelipper|Liquidation|p1b: Ogerpon\n|-heal|p1b: Ogerpon|71\/100|[from] ability: Water Absorb|[of] p1a: Pelipper\n|move|p2a: Sirfetch\u2019d|Close Combat|p1b: Ogerpon\n|-damage|p1b: Ogerpon|0 fnt\n|-unboost|p2a: Sirfetch\u2019d|def|1\n|-unboost|p2a: Sirfetch\u2019d|spd|1\n|faint|p1b: Ogerpon\n|\n|-weather|RainDance|[upkeep]\n|upkeep\n|\n|t:|1697136251\n|switch|p1b: Pokepowers|Minior-Blue|100\/100\n|switch|p2b: Ting-Lu|Ting-Lu|100\/100\n|-formechange|p1b: Pokepowers|Minior-Meteor||[from] ability: Shields Down\n|-ability|p2b: Ting-Lu|Vessel of Ruin\n|turn|7\n|\n|t:|1697136266\n|-terastallize|p1b: Pokepowers|Flying\n|-terastallize|p2b: Ting-Lu|Dark\n|move|p1b: Pokepowers|Shell Smash|p1b: Pokepowers\n|-unboost|p1b: Pokepowers|def|1\n|-unboost|p1b: Pokepowers|spd|1\n|-boost|p1b: Pokepowers|atk|2\n|-boost|p1b: Pokepowers|spa|2\n|-boost|p1b: Pokepowers|spe|2\n|-enditem|p1b: Pokepowers|White Herb\n|-clearnegativeboost|p1b: Pokepowers|[silent]\n|move|p1a: Pelipper|Hurricane|p2a: Sirfetch\u2019d\n|-supereffective|p2a: Sirfetch\u2019d\n|-damage|p2a: Sirfetch\u2019d|0 fnt\n|faint|p2a: Sirfetch\u2019d\n|move|p2b: Ting-Lu|Throat Chop|p1a: Pelipper\n|-damage|p1a: Pelipper|0 fnt\n|faint|p1a: Pelipper\n|\n|-weather|RainDance|[upkeep]\n|upkeep\n|turn|8\n|\n|t:|1697136288\n|move|p1b: Pokepowers|Acrobatics|p2b: Ting-Lu\n|-damage|p2b: Ting-Lu|64\/100\n|move|p2b: Ting-Lu|Throat Chop|p1b: Pokepowers\n|-damage|p1b: Pokepowers|50\/100\n|-start|p1b: Pokepowers|Throat Chop|[silent]\n|\n|-weather|RainDance|[upkeep]\n|-heal|p2b: Ting-Lu|70\/100|[from] item: Leftovers\n|-formechange|p1b: Pokepowers|Minior-Blue||[from] ability: Shields Down\n|upkeep\n|turn|9\n|\n|t:|1697136307\n|move|p1b: Pokepowers|Earthquake|p2b: Ting-Lu\n|-damage|p2b: Ting-Lu|46\/100\n|move|p2b: Ting-Lu|Throat Chop|p1b: Pokepowers\n|-damage|p1b: Pokepowers|0 fnt\n|faint|p1b: Pokepowers\n|\n|win|Cambrian James\n|raw|Sally2416's rating: 1064 &rarr; <strong>1043<\/strong><br \/>(-21 for losing)\n|raw|Cambrian James's rating: 1038 &rarr; <strong>1075<\/strong><br \/>(+37 for winning)\n|c|\u2606Cambrian James|gg\n|l|\u2606Sally2416\n","uploadtime":1697136316,"views":4,"p1id":"sally2416","p2id":"cambrianjames","formatid":"gen9nationaldexdoubles","rating":1043,"private":0,"password":""}