{"id":"gen9nationaldexdoubles-1960757432","p1":"LowksterP","p2":"OceanHazel","format":"[Gen 9] National Dex Doubles","log":"|j|\u2606LowksterP\n|j|\u2606OceanHazel\n|t:|1696553342\n|gametype|doubles\n|player|p1|LowksterP|striker|1094\n|player|p2|OceanHazel|barry|1138\n|teamsize|p1|6\n|teamsize|p2|6\n|gen|9\n|tier|[Gen 9] National Dex Doubles\n|rated|\n|rule|HP Percentage Mod: HP is shown in percentages\n|rule|Endless Battle Clause: Forcing endless battles is banned\n|rule|OHKO Clause: OHKO moves are banned\n|rule|Evasion Moves Clause: Evasion moves are banned\n|rule|Evasion Abilities Clause: Evasion abilities are banned\n|rule|Species Clause: Limit one of each Pok\u00e9mon\n|rule|Gravity Sleep Clause: The combination of sleep-inducing moves with imperfect accuracy and Gravity or Gigantamax Orbeetle are banned\n|clearpoke\n|poke|p1|Dodrio, M|\n|poke|p1|Golduck, M|\n|poke|p1|Primeape, M|\n|poke|p1|Arcanine, M|\n|poke|p1|Hypno, M|\n|poke|p1|Parasect, M|\n|poke|p2|Hatterene, F|\n|poke|p2|Ting-Lu|\n|poke|p2|Clefairy, F|\n|poke|p2|Slowking-Galar, M|\n|poke|p2|Torkoal, M|\n|poke|p2|Rabsca, M|\n|teampreview\n|\n|t:|1696553363\n|start\n|switch|p1a: Arcanine|Arcanine, M, shiny|100\/100\n|switch|p1b: Parasect|Parasect, M, shiny|100\/100\n|switch|p2a: Miss Frizzle|Hatterene, F|100\/100\n|switch|p2b: Moo Cow|Ting-Lu|100\/100\n|-ability|p1a: Arcanine|Intimidate|boost\n|-unboost|p2a: Miss Frizzle|atk|1\n|-unboost|p2b: Moo Cow|atk|1\n|-ability|p2b: Moo Cow|Vessel of Ruin\n|turn|1\n|\n|t:|1696553385\n|move|p1a: Arcanine|Will-O-Wisp|p2b: Moo Cow|[miss]\n|-miss|p1a: Arcanine|p2b: Moo Cow\n|move|p1b: Parasect|Leech Life|p2a: Miss Frizzle\n|-damage|p2a: Miss Frizzle|64\/100\n|move|p2b: Moo Cow|Rock Slide|p1a: Arcanine|[spread] p1a,p1b\n|-supereffective|p1a: Arcanine\n|-supereffective|p1b: Parasect\n|-damage|p1a: Arcanine|71\/100\n|-damage|p1b: Parasect|67\/100\n|move|p2a: Miss Frizzle|Trick Room|p2a: Miss Frizzle\n|-fieldstart|move: Trick Room|[of] p2a: Miss Frizzle\n|\n|-heal|p2a: Miss Frizzle|70\/100|[from] item: Leftovers\n|-heal|p1b: Parasect|73\/100|[from] item: Leftovers\n|-heal|p1a: Arcanine|77\/100|[from] item: Leftovers\n|upkeep\n|turn|2\n|\n|t:|1696553411\n|move|p2b: Moo Cow|Rock Slide|p1a: Arcanine|[spread] p1a,p1b\n|-supereffective|p1a: Arcanine\n|-supereffective|p1b: Parasect\n|-damage|p1a: Arcanine|49\/100\n|-damage|p1b: Parasect|43\/100\n|move|p2a: Miss Frizzle|Calm Mind|p2a: Miss Frizzle\n|-boost|p2a: Miss Frizzle|spa|1\n|-boost|p2a: Miss Frizzle|spd|1\n|move|p1b: Parasect|Spore|p2b: Moo Cow\n|-status|p2b: Moo Cow|slp|[from] move: Spore\n|move|p1a: Arcanine|Mud-Slap|p2a: Miss Frizzle\n|-damage|p2a: Miss Frizzle|67\/100\n|-unboost|p2a: Miss Frizzle|accuracy|1\n|\n|-heal|p2a: Miss Frizzle|73\/100|[from] item: Leftovers\n|-heal|p1b: Parasect|49\/100|[from] item: Leftovers\n|-heal|p1a: Arcanine|56\/100|[from] item: Leftovers\n|upkeep\n|turn|3\n|\n|t:|1696553452\n|switch|p2b: Sleepyhead|Torkoal, M|100\/100\n|-weather|SunnyDay|[from] ability: Drought|[of] p2b: Sleepyhead\n|switch|p1a: Dodrio|Dodrio, M, shiny|100\/100\n|move|p2a: Miss Frizzle|Draining Kiss|p1b: Parasect\n|-damage|p1b: Parasect|0 fnt\n|-heal|p2a: Miss Frizzle|100\/100|[from] drain|[of] p1b: Parasect\n|faint|p1b: Parasect\n|\n|-weather|SunnyDay|[upkeep]\n|upkeep\n|\n|t:|1696553465\n|switch|p1b: Golduck|Golduck, M, shiny|100\/100\n|-ability|p1b: Golduck|Cloud Nine\n|turn|4\n|\n|t:|1696553503\n|-terastallize|p2b: Sleepyhead|Water\n|move|p2b: Sleepyhead|Eruption|p1a: Dodrio|[spread] p1a,p1b\n|-resisted|p1b: Golduck\n|-crit|p1b: Golduck\n|-damage|p1a: Dodrio|26\/100\n|-damage|p1b: Golduck|58\/100\n|move|p2a: Miss Frizzle|Draining Kiss|p1b: Golduck|[miss]\n|-miss|p2a: Miss Frizzle|p1b: Golduck\n|move|p1b: Golduck|Nasty Plot|p1b: Golduck\n|-boost|p1b: Golduck|spa|2\n|move|p1a: Dodrio|Acupressure|p1b: Golduck\n|-boost|p1b: Golduck|spd|2\n|\n|-weather|SunnyDay|[upkeep]\n|-heal|p1b: Golduck|64\/100|[from] item: Leftovers\n|upkeep\n|turn|5\n|\n|t:|1696553541\n|switch|p1a: Arcanine|Arcanine, M, shiny|56\/100\n|-ability|p1a: Arcanine|Intimidate|boost\n|-unboost|p2a: Miss Frizzle|atk|1\n|-unboost|p2b: Sleepyhead|atk|1\n|move|p2b: Sleepyhead|Eruption|p1a: Arcanine|[spread] p1a,p1b\n|-resisted|p1a: Arcanine\n|-resisted|p1b: Golduck\n|-damage|p1a: Arcanine|28\/100\n|-damage|p1b: Golduck|51\/100\n|move|p2a: Miss Frizzle|Draining Kiss|p1b: Golduck\n|-damage|p1b: Golduck|27\/100\n|move|p1b: Golduck|Icy Wind|p2b: Sleepyhead|[spread] p2a,p2b\n|-resisted|p2b: Sleepyhead\n|-damage|p2a: Miss Frizzle|87\/100\n|-damage|p2b: Sleepyhead|88\/100\n|-unboost|p2a: Miss Frizzle|spe|1\n|-unboost|p2b: Sleepyhead|spe|1\n|\n|-weather|SunnyDay|[upkeep]\n|-heal|p2a: Miss Frizzle|93\/100|[from] item: Leftovers\n|-heal|p1b: Golduck|33\/100|[from] item: Leftovers\n|-heal|p1a: Arcanine|34\/100|[from] item: Leftovers\n|-fieldend|move: Trick Room\n|upkeep\n|turn|6\n|\n|t:|1696553573\n|move|p1a: Arcanine|Mud-Slap|p2b: Sleepyhead\n|-damage|p2b: Sleepyhead|81\/100\n|-unboost|p2b: Sleepyhead|accuracy|1\n|move|p1b: Golduck|Clear Smog|p2a: Miss Frizzle\n|-supereffective|p2a: Miss Frizzle\n|-crit|p2a: Miss Frizzle\n|-damage|p2a: Miss Frizzle|21\/100\n|-clearboost|p2a: Miss Frizzle\n|move|p2b: Sleepyhead|Solar Beam||[still]\n|-prepare|p2b: Sleepyhead|Solar Beam\n|move|p2a: Miss Frizzle|Trick Room|p2a: Miss Frizzle\n|-fieldstart|move: Trick Room|[of] p2a: Miss Frizzle\n|\n|-weather|SunnyDay|[upkeep]\n|-heal|p2a: Miss Frizzle|27\/100|[from] item: Leftovers\n|-heal|p1b: Golduck|39\/100|[from] item: Leftovers\n|-heal|p1a: Arcanine|41\/100|[from] item: Leftovers\n|upkeep\n|turn|7\n|\n|t:|1696553619\n|move|p2b: Sleepyhead|Solar Beam|p1b: Golduck|[from]lockedmove|[miss]\n|-miss|p2b: Sleepyhead|p1b: Golduck\n|move|p2a: Miss Frizzle|Draining Kiss|p1b: Golduck\n|-damage|p1b: Golduck|23\/100\n|-heal|p2a: Miss Frizzle|39\/100|[from] drain|[of] p1b: Golduck\n|move|p1b: Golduck|Icy Wind|p2a: Miss Frizzle|[spread] p2a,p2b\n|-resisted|p2b: Sleepyhead\n|-damage|p2a: Miss Frizzle|20\/100\n|-damage|p2b: Sleepyhead|69\/100\n|-unboost|p2a: Miss Frizzle|spe|1\n|-unboost|p2b: Sleepyhead|spe|1\n|move|p1a: Arcanine|Mud-Slap|p2b: Sleepyhead\n|-crit|p2b: Sleepyhead\n|-damage|p2b: Sleepyhead|58\/100\n|-unboost|p2b: Sleepyhead|accuracy|1\n|\n|-weather|SunnyDay|[upkeep]\n|-heal|p2a: Miss Frizzle|26\/100|[from] item: Leftovers\n|-heal|p1b: Golduck|30\/100|[from] item: Leftovers\n|-heal|p1a: Arcanine|47\/100|[from] item: Leftovers\n|upkeep\n|turn|8\n|\n|t:|1696553655\n|move|p2b: Sleepyhead|Eruption|p1b: Golduck|[spread] p1a\n|-miss|p2b: Sleepyhead|p1b: Golduck\n|-resisted|p1a: Arcanine\n|-damage|p1a: Arcanine|32\/100\n|move|p2a: Miss Frizzle|Draining Kiss|p1a: Arcanine\n|-resisted|p1a: Arcanine\n|-damage|p1a: Arcanine|15\/100\n|-heal|p2a: Miss Frizzle|39\/100|[from] drain|[of] p1a: Arcanine\n|move|p1b: Golduck|Clear Smog|p2a: Miss Frizzle\n|-supereffective|p2a: Miss Frizzle\n|-damage|p2a: Miss Frizzle|0 fnt\n|-clearboost|p2a: Miss Frizzle\n|faint|p2a: Miss Frizzle\n|move|p1a: Arcanine|Mud-Slap|p2b: Sleepyhead\n|-damage|p2b: Sleepyhead|51\/100\n|-unboost|p2b: Sleepyhead|accuracy|1\n|\n|-weather|SunnyDay|[upkeep]\n|-heal|p1b: Golduck|36\/100|[from] item: Leftovers\n|-heal|p1a: Arcanine|21\/100|[from] item: Leftovers\n|upkeep\n|\n|t:|1696553673\n|switch|p2a: Prof. Poison|Slowking-Galar, M|100\/100\n|turn|9\n|\n|t:|1696553695\n|move|p2b: Sleepyhead|Tera Blast|p1a: Arcanine|[anim] Tera Blast Water|[miss]\n|-miss|p2b: Sleepyhead|p1a: Arcanine\n|move|p2a: Prof. Poison|Iron Defense|p2a: Prof. Poison\n|-boost|p2a: Prof. Poison|def|2\n|move|p1b: Golduck|Scald|p2a: Prof. Poison\n|-damage|p2a: Prof. Poison|70\/100\n|move|p1a: Arcanine|Mud-Slap|p2a: Prof. Poison\n|-supereffective|p2a: Prof. Poison\n|-damage|p2a: Prof. Poison|64\/100\n|-unboost|p2a: Prof. Poison|accuracy|1\n|\n|-weather|SunnyDay|[upkeep]\n|-heal|p2a: Prof. Poison|71\/100|[from] item: Black Sludge\n|-heal|p1b: Golduck|42\/100|[from] item: Leftovers\n|-heal|p1a: Arcanine|28\/100|[from] item: Leftovers\n|upkeep\n|turn|10\n|\n|t:|1696553723\n|move|p2b: Sleepyhead|Tera Blast|p1a: Arcanine|[anim] Tera Blast Water|[miss]\n|-miss|p2b: Sleepyhead|p1a: Arcanine\n|move|p2a: Prof. Poison|Toxic|p1b: Golduck\n|-status|p1b: Golduck|tox\n|move|p1b: Golduck|Clear Smog|p2a: Prof. Poison\n|-resisted|p2a: Prof. Poison\n|-damage|p2a: Prof. Poison|64\/100\n|-clearboost|p2a: Prof. Poison\n|move|p1a: Arcanine|Psychic Fangs|p2a: Prof. Poison\n|-damage|p2a: Prof. Poison|42\/100\n|\n|-weather|none\n|-heal|p2a: Prof. Poison|48\/100|[from] item: Black Sludge\n|-heal|p1b: Golduck|48\/100 tox|[from] item: Leftovers\n|-heal|p1a: Arcanine|34\/100|[from] item: Leftovers\n|-damage|p1b: Golduck|42\/100 tox|[from] psn\n|-fieldend|move: Trick Room\n|upkeep\n|turn|11\n|\n|t:|1696553753\n|move|p1a: Arcanine|Heat Wave|p2b: Sleepyhead|[spread] p2a,p2b\n|-resisted|p2b: Sleepyhead\n|-damage|p2a: Prof. Poison|31\/100\n|-damage|p2b: Sleepyhead|33\/100\n|move|p1b: Golduck|Scald|p2a: Prof. Poison\n|-damage|p2a: Prof. Poison|0 fnt\n|faint|p2a: Prof. Poison\n|move|p2b: Sleepyhead|Tera Blast|p1a: Arcanine|[anim] Tera Blast Water\n|-supereffective|p1a: Arcanine\n|-damage|p1a: Arcanine|0 fnt\n|faint|p1a: Arcanine\n|\n|-heal|p1b: Golduck|48\/100 tox|[from] item: Leftovers\n|-damage|p1b: Golduck|36\/100 tox|[from] psn\n|upkeep\n|\n|t:|1696553771\n|switch|p1a: Dodrio|Dodrio, M, shiny|26\/100\n|switch|p2a: Sprinkles|Clefairy, F, shiny|100\/100\n|turn|12\n|\n|t:|1696553793\n|-zpower|p1a: Dodrio\n|move|p1a: Dodrio|Z-Acupressure|p1a: Dodrio|[anim]Acupressure\n|-start|p1a: Dodrio|move: Focus Energy|[zeffect]\n|-boost|p1a: Dodrio|def|2\n|move|p1b: Golduck|Clear Smog|p2a: Sprinkles\n|-supereffective|p2a: Sprinkles\n|-damage|p2a: Sprinkles|71\/100\n|-clearboost|p2a: Sprinkles\n|move|p2a: Sprinkles|Substitute|p2a: Sprinkles\n|-start|p2a: Sprinkles|Substitute\n|-damage|p2a: Sprinkles|47\/100\n|move|p2b: Sleepyhead|Eruption|p1b: Golduck|[spread] p1a,p1b\n|-resisted|p1b: Golduck\n|-damage|p1a: Dodrio|3\/100\n|-damage|p1b: Golduck|31\/100 tox\n|\n|-heal|p1b: Golduck|37\/100 tox|[from] item: Leftovers\n|-damage|p1b: Golduck|18\/100 tox|[from] psn\n|upkeep\n|turn|13\n|\n|t:|1696553819\n|move|p1a: Dodrio|Rest|p1a: Dodrio\n|-status|p1a: Dodrio|slp|[from] move: Rest\n|-heal|p1a: Dodrio|100\/100 slp|[silent]\n|move|p1b: Golduck|Scald|p2a: Sprinkles\n|-end|p2a: Sprinkles|Substitute\n|move|p2a: Sprinkles|Cosmic Power|p2a: Sprinkles\n|-boost|p2a: Sprinkles|def|1\n|-boost|p2a: Sprinkles|spd|1\n|move|p2b: Sleepyhead|Eruption|p1a: Dodrio|[spread] \n|-miss|p2b: Sleepyhead|p1a: Dodrio\n|-miss|p2b: Sleepyhead|p1b: Golduck\n|\n|-heal|p1b: Golduck|25\/100 tox|[from] item: Leftovers\n|-damage|p1b: Golduck|0 fnt|[from] psn\n|faint|p1b: Golduck\n|upkeep\n|\n|t:|1696553830\n|switch|p1b: Hypno|Hypno, M, shiny|100\/100\n|turn|14\n|\n|t:|1696553860\n|cant|p1a: Dodrio|slp\n|move|p1b: Hypno|Thunder Wave|p2a: Sprinkles\n|-status|p2a: Sprinkles|par\n|cant|p2a: Sprinkles|par\n|move|p2b: Sleepyhead|Eruption|p1b: Hypno|[spread] \n|-miss|p2b: Sleepyhead|p1a: Dodrio\n|-miss|p2b: Sleepyhead|p1b: Hypno\n|\n|upkeep\n|turn|15\n|\n|t:|1696553887\n|-curestatus|p1a: Dodrio|slp|[msg]\n|move|p1a: Dodrio|Acupressure|p1b: Hypno\n|-boost|p1b: Hypno|accuracy|2\n|move|p1b: Hypno|Thunder Wave|p2b: Sleepyhead\n|-status|p2b: Sleepyhead|par\n|cant|p2a: Sprinkles|par\n|move|p2b: Sleepyhead|Iron Defense|p2b: Sleepyhead\n|-boost|p2b: Sleepyhead|def|2\n|\n|upkeep\n|turn|16\n|\n|t:|1696553924\n|move|p1a: Dodrio|Acupressure|p1b: Hypno\n|-boost|p1b: Hypno|accuracy|2\n|move|p1b: Hypno|Nasty Plot|p1b: Hypno\n|-boost|p1b: Hypno|spa|2\n|cant|p2a: Sprinkles|par\n|move|p2b: Sleepyhead|Eruption|p1b: Hypno|[spread] p1a\n|-miss|p2b: Sleepyhead|p1b: Hypno\n|-damage|p1a: Dodrio|77\/100\n|\n|upkeep\n|turn|17\n|\n|t:|1696553958\n|move|p1a: Dodrio|Acupressure|p1b: Hypno\n|-boost|p1b: Hypno|spa|2\n|move|p1b: Hypno|Nasty Plot|p1b: Hypno\n|-boost|p1b: Hypno|spa|2\n|move|p2a: Sprinkles|Healing Wish|p2a: Sprinkles\n|faint|p2a: Sprinkles\n|move|p2b: Sleepyhead|Tera Blast|p1b: Hypno|[anim] Tera Blast Water|[miss]\n|-miss|p2b: Sleepyhead|p1b: Hypno\n|\n|upkeep\n|\n|t:|1696553979\n|switch|p2a: Moo Cow|Ting-Lu|100\/100 slp\n|-heal|p2a: Moo Cow|100\/100|[from] move: Healing Wish\n|-ability|p2a: Moo Cow|Vessel of Ruin\n|turn|18\n|\n|t:|1696554003\n|move|p1a: Dodrio|Acupressure|p1a: Dodrio\n|-boost|p1a: Dodrio|def|2\n|move|p1b: Hypno|Draining Kiss|p2a: Moo Cow\n|-supereffective|p2a: Moo Cow\n|-damage|p2a: Moo Cow|50\/100\n|move|p2a: Moo Cow|Throat Chop|p1b: Hypno\n|-supereffective|p1b: Hypno\n|-damage|p1b: Hypno|15\/100\n|-start|p1b: Hypno|Throat Chop|[silent]\n|move|p2b: Sleepyhead|Eruption|p1b: Hypno|[spread] p1a\n|-miss|p2b: Sleepyhead|p1b: Hypno\n|-damage|p1a: Dodrio|59\/100\n|\n|-heal|p1b: Hypno|21\/100|[from] item: Leftovers\n|upkeep\n|turn|19\n|\n|t:|1696554033\n|move|p1a: Dodrio|Acupressure|p1b: Hypno\n|-boost|p1b: Hypno|spe|2\n|move|p1b: Hypno|Draining Kiss|p2a: Moo Cow\n|-supereffective|p2a: Moo Cow\n|-damage|p2a: Moo Cow|0 fnt\n|-heal|p1b: Hypno|81\/100|[from] drain|[of] p2a: Moo Cow\n|faint|p2a: Moo Cow\n|cant|p2b: Sleepyhead|par\n|\n|-heal|p1b: Hypno|87\/100|[from] item: Leftovers\n|-end|p1b: Hypno|Throat Chop|[silent]\n|upkeep\n|\n|t:|1696554044\n|switch|p2a: THE ORB.|Rabsca, M|100\/100\n|turn|20\n|\n|t:|1696554060\n|move|p1b: Hypno|Thunder Wave|p2a: THE ORB.\n|-status|p2a: THE ORB.|par\n|-activate|p2a: THE ORB.|ability: Synchronize\n|-status|p1b: Hypno|par\n|move|p1a: Dodrio|Acupressure|p1a: Dodrio\n|-boost|p1a: Dodrio|spd|2\n|cant|p2a: THE ORB.|par\n|cant|p2b: Sleepyhead|par\n|\n|-heal|p1b: Hypno|93\/100 par|[from] item: Leftovers\n|upkeep\n|turn|21\n|\n|t:|1696554082\n|move|p1a: Dodrio|Knock Off|p2a: THE ORB.\n|-supereffective|p2a: THE ORB.\n|-damage|p2a: THE ORB.|53\/100 par\n|-enditem|p2a: THE ORB.|Focus Sash|[from] move: Knock Off|[of] p1a: Dodrio\n|move|p1b: Hypno|Hex|p2a: THE ORB.\n|-supereffective|p2a: THE ORB.\n|-damage|p2a: THE ORB.|0 fnt\n|faint|p2a: THE ORB.\n|cant|p2b: Sleepyhead|par\n|\n|-heal|p1b: Hypno|99\/100 par|[from] item: Leftovers\n|upkeep\n|turn|22\n|\n|t:|1696554100\n|move|p1a: Dodrio|Air Cutter|p2b: Sleepyhead\n|-crit|p2b: Sleepyhead\n|-damage|p2b: Sleepyhead|3\/100 par\n|cant|p1b: Hypno|par\n|move|p2b: Sleepyhead|Tera Blast|p1b: Hypno|[anim] Tera Blast Water|[miss]\n|-miss|p2b: Sleepyhead|p1b: Hypno\n|\n|-heal|p1b: Hypno|100\/100 par|[from] item: Leftovers\n|upkeep\n|turn|23\n|\n|t:|1696554130\n|move|p1a: Dodrio|Rest|p1a: Dodrio\n|-status|p1a: Dodrio|slp|[from] move: Rest\n|-heal|p1a: Dodrio|100\/100 slp|[silent]\n|cant|p1b: Hypno|par\n|move|p2b: Sleepyhead|Tera Blast|p1a: Dodrio|[anim] Tera Blast Water|[miss]\n|-miss|p2b: Sleepyhead|p1a: Dodrio\n|\n|upkeep\n|turn|24\n|\n|t:|1696554149\n|switch|p1b: Primeape|Primeape, M, shiny|100\/100\n|cant|p1a: Dodrio|slp\n|move|p2b: Sleepyhead|Tera Blast|p1b: Primeape|[anim] Tera Blast Water\n|-damage|p1b: Primeape|55\/100\n|\n|upkeep\n|turn|25\n|\n|t:|1696554164\n|-curestatus|p1a: Dodrio|slp|[msg]\n|move|p1a: Dodrio|Acupressure|p1b: Primeape\n|-boost|p1b: Primeape|accuracy|2\n|move|p1b: Primeape|Dynamic Punch|p2b: Sleepyhead\n|-damage|p2b: Sleepyhead|0 fnt\n|faint|p2b: Sleepyhead\n|\n|win|LowksterP\n|raw|LowksterP's rating: 1094 &rarr; <strong>1123<\/strong><br \/>(+29 for winning)\n|raw|OceanHazel's rating: 1138 &rarr; <strong>1110<\/strong><br \/>(-28 for losing)\n|c|\u2606OceanHazel|gg !!\n|l|\u2606LowksterP\n|j|\u2606LowksterP\n|player|p1|LowksterP|striker\n","uploadtime":1696554182,"views":6,"p1id":"lowksterp","p2id":"oceanhazel","formatid":"gen9nationaldexdoubles","rating":1110,"private":0,"password":""}