{"id":"gen9nationaldexdoubles-1979751680","p1":"omegashenronone","p2":"Qapi","format":"[Gen 9] National Dex Doubles","log":"|j|\u2606omegashenronone\n|j|\u2606Qapi\n|t:|1698709520\n|gametype|doubles\n|player|p1|omegashenronone|hugh|\n|player|p2|Qapi|hiker-gen4|\n|teamsize|p1|6\n|teamsize|p2|6\n|gen|9\n|tier|[Gen 9] National Dex Doubles\n|rule|HP Percentage Mod: HP is shown in percentages\n|rule|Endless Battle Clause: Forcing endless battles is banned\n|rule|OHKO Clause: OHKO moves are banned\n|rule|Evasion Moves Clause: Evasion moves are banned\n|rule|Evasion Abilities Clause: Evasion abilities are banned\n|rule|Species Clause: Limit one of each Pok\u00e9mon\n|rule|Gravity Sleep Clause: The combination of sleep-inducing moves with imperfect accuracy and Gravity or Gigantamax Orbeetle are banned\n|clearpoke\n|poke|p1|Urshifu-*, F|\n|poke|p1|Rotom-Wash|\n|poke|p1|Greninja-*, M|\n|poke|p1|Pelipper, F|\n|poke|p1|Swampert, M|\n|poke|p1|Kingdra, M|\n|poke|p2|Maushold|\n|poke|p2|Urshifu-*, M|\n|poke|p2|Grimmsnarl, M|\n|poke|p2|Garganacl, M|\n|poke|p2|Sinistcha|\n|poke|p2|Volcarona, M|\n|teampreview\n|inactive|Battle timer is ON: inactive players will automatically lose when time's up. (requested by omegashenronone)\n|c|\u2606Qapi|Didn't see this team coming\n|c|\u2606omegashenronone|Lol\n|inactive|Qapi has 270 seconds left.\n|c|\u2606omegashenronone|Just so you know all my pokemon are over 300 speed (other than peliper)\n|\n|t:|1698709568\n|start\n|switch|p1a: Happy|Pelipper, F|100\/100\n|switch|p1b: Hur-Hur-Hur|Kingdra, M|100\/100\n|switch|p2a: Grimmsnarl|Grimmsnarl, M|100\/100\n|switch|p2b: Urshifu|Urshifu-Rapid-Strike, M|100\/100\n|-weather|RainDance|[from] ability: Drizzle|[of] p1a: Happy\n|turn|1\n|\n|t:|1698709596\n|move|p1b: Hur-Hur-Hur|Hurricane|p2b: Urshifu\n|-supereffective|p2b: Urshifu\n|-enditem|p2b: Urshifu|Focus Sash\n|-damage|p2b: Urshifu|1\/100\n|-start|p2b: Urshifu|confusion\n|-activate|p2b: Urshifu|confusion\n|move|p2b: Urshifu|Close Combat|p1b: Hur-Hur-Hur\n|-damage|p1b: Hur-Hur-Hur|26\/100\n|-unboost|p2b: Urshifu|def|1\n|-unboost|p2b: Urshifu|spd|1\n|move|p1a: Happy|Tailwind|p1a: Happy\n|-sidestart|p1: omegashenronone|move: Tailwind\n|move|p2a: Grimmsnarl|Spirit Break|p1b: Hur-Hur-Hur\n|-supereffective|p1b: Hur-Hur-Hur\n|-damage|p1b: Hur-Hur-Hur|0 fnt\n|faint|p1b: Hur-Hur-Hur\n|\n|-weather|RainDance|[upkeep]\n|upkeep\n|c|\u2606omegashenronone|And under tailwind they reach 600\n|\n|t:|1698709617\n|switch|p1b: Gym bro|Swampert, M|100\/100\n|turn|2\n|\n|t:|1698709631\n|detailschange|p1b: Gym bro|Swampert-Mega, M\n|-mega|p1b: Gym bro|Swampert|Swampertite\n|-activate|p2b: Urshifu|confusion\n|move|p2b: Urshifu|Protect|p2b: Urshifu\n|-singleturn|p2b: Urshifu|Protect\n|move|p2a: Grimmsnarl|Reflect|p2a: Grimmsnarl\n|-sidestart|p2: Qapi|Reflect\n|move|p1b: Gym bro|Liquidation|p2a: Grimmsnarl\n|-damage|p2a: Grimmsnarl|47\/100\n|move|p1a: Happy|Icy Wind|p2a: Grimmsnarl|[spread] p2a\n|-activate|p2b: Urshifu|move: Protect\n|-damage|p2a: Grimmsnarl|40\/100\n|-unboost|p2a: Grimmsnarl|spe|1\n|\n|-weather|RainDance|[upkeep]\n|upkeep\n|turn|3\n|\n|t:|1698709653\n|move|p2a: Grimmsnarl|Light Screen|p2a: Grimmsnarl\n|-sidestart|p2: Qapi|move: Light Screen\n|move|p1b: Gym bro|Liquidation|p2a: Grimmsnarl\n|-damage|p2a: Grimmsnarl|0 fnt\n|faint|p2a: Grimmsnarl\n|move|p1a: Happy|Icy Wind|p2b: Urshifu\n|-resisted|p2b: Urshifu\n|-damage|p2b: Urshifu|0 fnt\n|faint|p2b: Urshifu\n|\n|-weather|RainDance|[upkeep]\n|upkeep\n|inactive|Qapi has 270 seconds left.\n|\n|t:|1698709691\n|switch|p2b: Maushold|Maushold|100\/100\n|switch|p2a: Sinistcha|Sinistcha|100\/100\n|turn|4\n|inactive|Qapi has 270 seconds left.\n|\n|t:|1698709707\n|move|p2b: Maushold|Follow Me|p2b: Maushold\n|-singleturn|p2b: Maushold|move: Follow Me\n|move|p1b: Gym bro|Liquidation|p2b: Maushold\n|-damage|p2b: Maushold|22\/100\n|move|p1a: Happy|Hurricane|p2b: Maushold\n|-damage|p2b: Maushold|0 fnt\n|faint|p2b: Maushold\n|move|p2a: Sinistcha|Matcha Gotcha|p1a: Happy|[spread] p1a,p1b\n|-supereffective|p1b: Gym bro\n|-damage|p1a: Happy|63\/100\n|-damage|p1b: Gym bro|13\/100\n|\n|-weather|RainDance|[upkeep]\n|-sideend|p1: omegashenronone|move: Tailwind\n|upkeep\n|\n|t:|1698709727\n|switch|p2b: Volcarona|Volcarona, M|100\/100\n|turn|5\n|inactive|Qapi has 270 seconds left.\n|\n|t:|1698709753\n|-terastallize|p2b: Volcarona|Psychic\n|move|p1b: Gym bro|Liquidation|p2b: Volcarona\n|-damage|p2b: Volcarona|21\/100\n|move|p2b: Volcarona|Psychic|p1a: Happy\n|-damage|p1a: Happy|4\/100\n|move|p2a: Sinistcha|Matcha Gotcha|p1b: Gym bro|[spread] p1a,p1b\n|-supereffective|p1b: Gym bro\n|-damage|p1a: Happy|0 fnt\n|-damage|p1b: Gym bro|0 fnt\n|faint|p1a: Happy\n|faint|p1b: Gym bro\n|\n|-weather|RainDance|[upkeep]\n|upkeep\n|\n|t:|1698709775\n|switch|p1b: Master Shi-Fu!|Urshifu-Rapid-Strike, F|100\/100\n|switch|p1a: Genji|Greninja, M, shiny|100\/100\n|turn|6\n|inactive|Qapi has 270 seconds left.\n|inactive|Qapi has 240 seconds left.\n|j| lucrencrum25\n|c| lucrencrum25|hmm?\n|inactive|Qapi has 210 seconds left.\n|c|\u2606omegashenronone|Benji is fighting me\n|c| lucrencrum25|I see that\n|c| lucrencrum25|but... who ARE you?\n|c|\u2606omegashenronone|Im the water gym leader\n|c|\u2606omegashenronone|Omega sea script\n|\n|t:|1698709873\n|move|p1b: Master Shi-Fu!|Protect|p1b: Master Shi-Fu!\n|-singleturn|p1b: Master Shi-Fu!|Protect\n|move|p1a: Genji|Dark Pulse|p2b: Volcarona\n|-start|p1a: Genji|typechange|Dark|[from] ability: Protean\n|-supereffective|p2b: Volcarona\n|-damage|p2b: Volcarona|0 fnt\n|faint|p2b: Volcarona\n|move|p2a: Sinistcha|Matcha Gotcha|p1b: Master Shi-Fu!|[spread] p1a\n|-activate|p1b: Master Shi-Fu!|move: Protect\n|-damage|p1a: Genji|57\/100\n|\n|-weather|RainDance|[upkeep]\n|upkeep\n|c| lucrencrum25|oh, mb for barging in, Omega\n|\n|t:|1698709883\n|switch|p2b: Garganacl|Garganacl, M|100\/100\n|turn|7\n|\n|t:|1698709893\n|move|p2a: Sinistcha|Rage Powder|p2a: Sinistcha\n|-singleturn|p2a: Sinistcha|move: Rage Powder\n|move|p1a: Genji|Dark Pulse|p2a: Sinistcha\n|-supereffective|p2a: Sinistcha\n|-damage|p2a: Sinistcha|23\/100\n|move|p1b: Master Shi-Fu!|Surging Strikes|p2a: Sinistcha\n|-resisted|p2a: Sinistcha\n|-crit|p2a: Sinistcha\n|-damage|p2a: Sinistcha|5\/100\n|-resisted|p2a: Sinistcha\n|-crit|p2a: Sinistcha\n|-damage|p2a: Sinistcha|0 fnt\n|faint|p2a: Sinistcha\n|-hitcount|p2: Sinistcha|2\n|-damage|p1b: Master Shi-Fu!|91\/100|[from] item: Life Orb\n|move|p2b: Garganacl|Body Press|p1a: Genji\n|-supereffective|p1a: Genji\n|-damage|p1a: Genji|0 fnt\n|faint|p1a: Genji\n|\n|-weather|RainDance|[upkeep]\n|upkeep\n|\n|t:|1698709904\n|switch|p1a: Former rotom phone|Rotom-Wash, shiny|100\/100\n|turn|8\n|l| lucrencrum25\n|\n|t:|1698709918\n|-terastallize|p1b: Master Shi-Fu!|Water\n|move|p1b: Master Shi-Fu!|Surging Strikes|p2b: Garganacl\n|-supereffective|p2b: Garganacl\n|-crit|p2b: Garganacl\n|-damage|p2b: Garganacl|28\/100\n|-supereffective|p2b: Garganacl\n|-crit|p2b: Garganacl\n|-damage|p2b: Garganacl|0 fnt\n|faint|p2b: Garganacl\n|-hitcount|p2: Garganacl|2\n|-damage|p1b: Master Shi-Fu!|81\/100|[from] item: Life Orb\n|\n|win|omegashenronone\n|c|\u2606omegashenronone|Good game\n|c|\u2606Qapi|gg\n","uploadtime":1698709932,"views":10,"p1id":"omegashenronone","p2id":"qapi","formatid":"gen9nationaldexdoubles","rating":0,"private":0,"password":""}