{"id":"gen9nationaldexdoubles-1989485515","p1":"imp9024","p2":"Mythless","format":"[Gen 9] National Dex Doubles","log":"|j|\u2606imp9024\n|j|\u2606Mythless\n|t:|1699858473\n|gametype|doubles\n|player|p1|imp9024|lass-gen4dp|1150\n|player|p2|Mythless|jacq|1277\n|teamsize|p1|6\n|teamsize|p2|6\n|gen|9\n|tier|[Gen 9] National Dex Doubles\n|rated|\n|rule|HP Percentage Mod: HP is shown in percentages\n|rule|Endless Battle Clause: Forcing endless battles is banned\n|rule|OHKO Clause: OHKO moves are banned\n|rule|Evasion Moves Clause: Evasion moves are banned\n|rule|Evasion Abilities Clause: Evasion abilities are banned\n|rule|Species Clause: Limit one of each Pok\u00e9mon\n|rule|Gravity Sleep Clause: The combination of sleep-inducing moves with imperfect accuracy and Gravity or Gigantamax Orbeetle are banned\n|clearpoke\n|poke|p1|Wishiwashi, M|\n|poke|p1|Ribombee, F|\n|poke|p1|Clefairy, F|\n|poke|p1|Farigiraf, M|\n|poke|p1|Flutter Mane|\n|poke|p1|Tornadus, M|\n|poke|p2|Great Tusk|\n|poke|p2|Iron Valiant|\n|poke|p2|Kommo-o, F|\n|poke|p2|Flamigo, M|\n|poke|p2|Hitmontop, M|\n|poke|p2|Conkeldurr, F|\n|teampreview\n|\n|t:|1699858491\n|start\n|switch|p1a: Flutter Mane|Flutter Mane|100\/100\n|switch|p1b: Tornadus|Tornadus, M|100\/100\n|switch|p2a: Kommo-o|Kommo-o, F|100\/100\n|switch|p2b: Hitmontop|Hitmontop, M|100\/100\n|-ability|p2b: Hitmontop|Intimidate|boost\n|-unboost|p1a: Flutter Mane|atk|1\n|-unboost|p1b: Tornadus|atk|1\n|turn|1\n|\n|t:|1699858509\n|-terastallize|p1a: Flutter Mane|Fairy\n|move|p2b: Hitmontop|Wide Guard|p2b: Hitmontop\n|-singleturn|p2b: Hitmontop|Wide Guard\n|move|p1a: Flutter Mane|Dazzling Gleam|p2b: Hitmontop|[spread] \n|-activate|p2a: Kommo-o|move: Wide Guard\n|-activate|p2b: Hitmontop|move: Wide Guard\n|move|p1b: Tornadus|Heat Wave|p2a: Kommo-o|[spread] \n|-activate|p2a: Kommo-o|move: Wide Guard\n|-activate|p2b: Hitmontop|move: Wide Guard\n|move|p2a: Kommo-o|Clanging Scales|p1a: Flutter Mane|[spread] p1b\n|-immune|p1a: Flutter Mane\n|-crit|p1b: Tornadus\n|-damage|p1b: Tornadus|30\/100\n|-unboost|p2a: Kommo-o|def|1\n|-enditem|p2a: Kommo-o|Throat Spray\n|-boost|p2a: Kommo-o|spa|1|[from] item: Throat Spray\n|\n|upkeep\n|turn|2\n|\n|t:|1699858543\n|-end|p1a: Flutter Mane|Protosynthesis|[silent]\n|switch|p1a: Farigiraf|Farigiraf, M|100\/100\n|move|p2b: Hitmontop|Wide Guard|p2b: Hitmontop\n|-singleturn|p2b: Hitmontop|Wide Guard\n|move|p1b: Tornadus|Bleakwind Storm|p2b: Hitmontop|[spread] \n|-activate|p2a: Kommo-o|move: Wide Guard\n|-activate|p2b: Hitmontop|move: Wide Guard\n|move|p2a: Kommo-o|Clangorous Soul|p2a: Kommo-o\n|-boost|p2a: Kommo-o|atk|1\n|-boost|p2a: Kommo-o|def|1\n|-boost|p2a: Kommo-o|spa|1\n|-boost|p2a: Kommo-o|spd|1\n|-boost|p2a: Kommo-o|spe|1\n|-damage|p2a: Kommo-o|68\/100\n|\n|upkeep\n|turn|3\n|\n|t:|1699858564\n|switch|p2b: Flamigo|Flamigo, M|100\/100\n|-copyboost|p2b: Flamigo|p2a: Kommo-o|[from] ability: Costar\n|move|p1b: Tornadus|Taunt|p2b: Flamigo\n|-start|p2b: Flamigo|move: Taunt\n|move|p2a: Kommo-o|Clanging Scales|p1b: Tornadus|[spread] p1a,p1b\n|-damage|p1a: Farigiraf|21\/100\n|-damage|p1b: Tornadus|0 fnt\n|faint|p1b: Tornadus\n|-unboost|p2a: Kommo-o|def|1\n|move|p1a: Farigiraf|Thunder Wave|p2a: Kommo-o\n|-status|p2a: Kommo-o|par\n|\n|upkeep\n|\n|t:|1699858583\n|switch|p1b: Flutter Mane|Flutter Mane, tera:Fairy|100\/100\n|turn|4\n|\n|t:|1699858594\n|move|p2a: Kommo-o|Protect|p2a: Kommo-o\n|-singleturn|p2a: Kommo-o|Protect\n|move|p1a: Farigiraf|Ally Switch|p1a: Farigiraf\n|swap|p1a: Farigiraf|1|[from] move: Ally Switch\n|move|p2b: Flamigo|Brave Bird|p1b: Farigiraf\n|-damage|p1b: Farigiraf|0 fnt\n|faint|p1b: Farigiraf\n|-damage|p2b: Flamigo|91\/100|[from] Recoil\n|move|p1a: Flutter Mane|Dazzling Gleam|p2b: Flamigo|[spread] p2b\n|-activate|p2a: Kommo-o|move: Protect\n|-supereffective|p2b: Flamigo\n|-damage|p2b: Flamigo|0 fnt\n|faint|p2b: Flamigo\n|\n|upkeep\n|\n|t:|1699858610\n|switch|p2b: Hitmontop|Hitmontop, M|100\/100\n|switch|p1b: Clefairy|Clefairy, F|100\/100\n|-ability|p2b: Hitmontop|Intimidate|boost\n|-unboost|p1a: Flutter Mane|atk|1\n|-unboost|p1b: Clefairy|atk|1\n|turn|5\n|\n|t:|1699858627\n|-end|p1a: Flutter Mane|Protosynthesis|[silent]\n|switch|p1a: Wishiwashi|Wishiwashi, M|100\/100\n|-formechange|p1a: Wishiwashi|Wishiwashi-School||[from] ability: Schooling\n|switch|p1b: Ribombee|Ribombee, F|100\/100\n|move|p2b: Hitmontop|Wide Guard|p2b: Hitmontop\n|-singleturn|p2b: Hitmontop|Wide Guard\n|move|p2a: Kommo-o|Flash Cannon|p1a: Wishiwashi\n|-resisted|p1a: Wishiwashi\n|-damage|p1a: Wishiwashi|78\/100\n|\n|upkeep\n|turn|6\n|\n|t:|1699858644\n|move|p1b: Ribombee|Speed Swap|p1a: Wishiwashi\n|-activate|p1b: Ribombee|move: Speed Swap|[of] p1a: Wishiwashi\n|move|p1a: Wishiwashi|Ice Beam|p2a: Kommo-o\n|-supereffective|p2a: Kommo-o\n|-damage|p2a: Kommo-o|0 fnt\n|faint|p2a: Kommo-o\n|move|p2b: Hitmontop|Seismic Toss|p1a: Wishiwashi\n|-damage|p1a: Wishiwashi|44\/100\n|\n|upkeep\n|\n|t:|1699858655\n|switch|p2a: Iron Valiant|Iron Valiant|100\/100\n|turn|7\n|\n|t:|1699858665\n|switch|p1a: Flutter Mane|Flutter Mane, tera:Fairy|100\/100\n|switch|p2b: Conkeldurr|Conkeldurr, F|100\/100\n|move|p2a: Iron Valiant|Dazzling Gleam|p1a: Flutter Mane|[spread] p1a,p1b\n|-damage|p1a: Flutter Mane|53\/100\n|-damage|p1b: Ribombee|20\/100\n|move|p1b: Ribombee|Speed Swap|p2a: Iron Valiant\n|-activate|p1b: Ribombee|move: Speed Swap|[of] p2a: Iron Valiant\n|\n|-status|p2b: Conkeldurr|brn|[from] item: Flame Orb\n|upkeep\n|turn|8\n|\n|t:|1699858691\n|switch|p1b: Clefairy|Clefairy, F|100\/100\n|move|p2b: Conkeldurr|Mach Punch|p1a: Flutter Mane\n|-resisted|p1a: Flutter Mane\n|-damage|p1a: Flutter Mane|25\/100\n|move|p1a: Flutter Mane|Dazzling Gleam|p2a: Iron Valiant|[spread] p2a,p2b\n|-supereffective|p2a: Iron Valiant\n|-supereffective|p2b: Conkeldurr\n|-damage|p2a: Iron Valiant|0 fnt\n|-damage|p2b: Conkeldurr|0 fnt\n|faint|p2a: Iron Valiant\n|-end|p2a: Iron Valiant|Quark Drive|[silent]\n|faint|p2b: Conkeldurr\n|\n|upkeep\n|\n|t:|1699858700\n|switch|p2a: Great Tusk|Great Tusk|100\/100\n|switch|p2b: Hitmontop|Hitmontop, M|100\/100\n|-ability|p2b: Hitmontop|Intimidate|boost\n|-unboost|p1a: Flutter Mane|atk|1\n|-unboost|p1b: Clefairy|atk|1\n|turn|9\n|\n|t:|1699858710\n|-end|p1a: Flutter Mane|Protosynthesis|[silent]\n|switch|p1a: Wishiwashi|Wishiwashi, M|44\/100\n|-formechange|p1a: Wishiwashi|Wishiwashi-School||[from] ability: Schooling\n|move|p2b: Hitmontop|Fake Out|p1a: Wishiwashi\n|-damage|p1a: Wishiwashi|38\/100\n|move|p2a: Great Tusk|Rock Slide|p1b: Clefairy|[spread] p1a,p1b\n|-damage|p1a: Wishiwashi|24\/100\n|-damage|p1b: Clefairy|77\/100\n|move|p1b: Clefairy|Heal Pulse|p1a: Wishiwashi\n|-heal|p1a: Wishiwashi|74\/100\n|\n|upkeep\n|turn|10\n|\n|t:|1699858732\n|move|p1b: Clefairy|Follow Me|p1b: Clefairy\n|-singleturn|p1b: Clefairy|move: Follow Me\n|move|p2a: Great Tusk|Rock Slide|p1a: Wishiwashi|[spread] p1a,p1b\n|-damage|p1a: Wishiwashi|60\/100\n|-damage|p1b: Clefairy|56\/100\n|move|p2b: Hitmontop|Seismic Toss|p1b: Clefairy\n|-damage|p1b: Clefairy|27\/100\n|move|p1a: Wishiwashi|Ice Beam|p2a: Great Tusk\n|-supereffective|p2a: Great Tusk\n|-damage|p2a: Great Tusk|0 fnt\n|faint|p2a: Great Tusk\n|-end|p2a: Great Tusk|Protosynthesis|[silent]\n|\n|upkeep\n|turn|11\n|-message|Mythless forfeited.\n|\n|win|imp9024\n|raw|imp9024's rating: 1150 &rarr; <strong>1184<\/strong><br \/>(+34 for winning)\n|raw|Mythless's rating: 1277 &rarr; <strong>1243<\/strong><br \/>(-34 for losing)\n|l|\u2606Mythless\n","uploadtime":1699858748,"views":15,"p1id":"imp9024","p2id":"mythless","formatid":"gen9nationaldexdoubles","rating":1184,"private":0,"password":""}