{"id":"gen9nationaldexdoubles-1987119896","p1":"bitxozero","p2":"Cama888","format":"[Gen 9] National Dex Doubles","log":"|j|\u2606bitxozero\n|j|\u2606Cama888\n|t:|1699557683\n|gametype|doubles\n|player|p1|bitxozero|youngster-gen4dp|\n|player|p2|Cama888|hilbert-wonderlauncher|\n|teamsize|p1|6\n|teamsize|p2|6\n|gen|9\n|tier|[Gen 9] National Dex Doubles\n|rule|HP Percentage Mod: HP is shown in percentages\n|rule|Endless Battle Clause: Forcing endless battles is banned\n|rule|OHKO Clause: OHKO moves are banned\n|rule|Evasion Moves Clause: Evasion moves are banned\n|rule|Evasion Abilities Clause: Evasion abilities are banned\n|rule|Species Clause: Limit one of each Pok\u00e9mon\n|rule|Gravity Sleep Clause: The combination of sleep-inducing moves with imperfect accuracy and Gravity or Gigantamax Orbeetle are banned\n|clearpoke\n|poke|p1|Cinderace, F|\n|poke|p1|Blastoise, F|\n|poke|p1|Starmie|\n|poke|p1|Kingambit, M|\n|poke|p1|Rillaboom, M|\n|poke|p1|Slurpuff, M|\n|poke|p2|Kingambit, M|\n|poke|p2|Cinderace, M|\n|poke|p2|Primarina, F|\n|poke|p2|Dragapult, M|\n|poke|p2|Drifblim, F|\n|poke|p2|Garganacl, F|\n|teampreview\n|c|\u2606Cama888|gl!\n|\n|t:|1699557729\n|start\n|switch|p1a: American Pie|Slurpuff, M|100\/100\n|switch|p1b: Se Iluminaba|Starmie|100\/100\n|switch|p2a: Juanito|Cinderace, M|100\/100\n|switch|p2b: Isabel I|Primarina, F, shiny|100\/100\n|turn|1\n|inactive|Battle timer is ON: inactive players will automatically lose when time's up. (requested by bitxozero)\n|c|\u2606bitxozero|igual bro\n|c|\u2606bitxozero|vaya mote, tanto el tuyo como el de tus pok\u00e9mon xD\n|inactive|bitxozero has 270 seconds left.\n|\n|t:|1699557777\n|switch|p1b: Rita|Blastoise, F|100\/100\n|move|p2a: Juanito|Iron Head|p1a: American Pie\n|-start|p2a: Juanito|typechange|Steel|[from] ability: Libero\n|-supereffective|p1a: American Pie\n|-damage|p1a: American Pie|0 fnt\n|faint|p1a: American Pie\n|-damage|p2a: Juanito|91\/100|[from] item: Life Orb\n|move|p2b: Isabel I|Energy Ball|p1b: Rita\n|-supereffective|p1b: Rita\n|-damage|p1b: Rita|42\/100\n|\n|upkeep\n|\n|t:|1699557790\n|switch|p1a: Pablo|Rillaboom, M|100\/100\n|-fieldstart|move: Grassy Terrain|[from] ability: Grassy Surge|[of] p1a: Pablo\n|turn|2\n|inactive|bitxozero has 270 seconds left.\n|\n|t:|1699557821\n|move|p1b: Rita|Fake Out|p2a: Juanito\n|-resisted|p2a: Juanito\n|-damage|p2a: Juanito|85\/100\n|move|p1a: Pablo|Grassy Glide|p2b: Isabel I\n|-supereffective|p2b: Isabel I\n|-damage|p2b: Isabel I|5\/100\n|cant|p2a: Juanito|flinch\n|move|p2b: Isabel I|Energy Ball|p1b: Rita\n|-supereffective|p1b: Rita\n|-damage|p1b: Rita|0 fnt\n|faint|p1b: Rita\n|\n|-heal|p2a: Juanito|91\/100|[from] Grassy Terrain\n|-heal|p2b: Isabel I|11\/100|[from] Grassy Terrain\n|upkeep\n|inactive|bitxozero has 270 seconds left.\n|\n|t:|1699557847\n|switch|p1b: Jenni Hermoso|Cinderace, F|100\/100\n|turn|3\n|inactive|bitxozero has 270 seconds left.\n|inactive|Cama888 has 270 seconds left.\n|\n|t:|1699557892\n|switch|p2a: Salido|Garganacl, F, shiny|100\/100\n|move|p1a: Pablo|Grassy Glide|p2b: Isabel I\n|-supereffective|p2b: Isabel I\n|-damage|p2b: Isabel I|0 fnt\n|faint|p2b: Isabel I\n|move|p1b: Jenni Hermoso|Pyro Ball|p2a: Salido\n|-resisted|p2a: Salido\n|-damage|p2a: Salido|77\/100\n|-damage|p1b: Jenni Hermoso|91\/100|[from] item: Life Orb\n|\n|-heal|p1b: Jenni Hermoso|97\/100|[from] Grassy Terrain\n|-heal|p2a: Salido|83\/100|[from] Grassy Terrain\n|-heal|p2a: Salido|89\/100|[from] item: Leftovers\n|upkeep\n|\n|t:|1699557903\n|switch|p2b: Juanito|Cinderace, M|91\/100\n|turn|4\n|inactive|Cama888 has 270 seconds left.\n|inactive|bitxozero has 270 seconds left.\n|inactive|bitxozero has 240 seconds left.\n|\n|t:|1699557972\n|move|p2b: Juanito|Bounce||[still]\n|-prepare|p2b: Juanito|Bounce\n|-start|p2b: Juanito|typechange|Flying|[from] ability: Libero\n|move|p1b: Jenni Hermoso|High Jump Kick|p2b: Juanito|[miss]\n|-start|p1b: Jenni Hermoso|typechange|Fighting|[from] ability: Libero\n|-miss|p1b: Jenni Hermoso|p2b: Juanito\n|-damage|p1b: Jenni Hermoso|47\/100|[from] highjumpkick\n|move|p1a: Pablo|Wood Hammer|p2a: Salido\n|-supereffective|p2a: Salido\n|-damage|p2a: Salido|0 fnt\n|faint|p2a: Salido\n|-damage|p1a: Pablo|71\/100|[from] Recoil\n|\n|-heal|p1b: Jenni Hermoso|53\/100|[from] Grassy Terrain\n|-heal|p1a: Pablo|77\/100|[from] Grassy Terrain\n|upkeep\n|\n|t:|1699557989\n|switch|p2a: Dragaputas|Dragapult, M, shiny|100\/100\n|turn|5\n|inactive|Cama888 has 270 seconds left.\n|inactive|bitxozero has 240 seconds left.\n|inactive|bitxozero has 210 seconds left.\n|\n|t:|1699558056\n|move|p2a: Dragaputas|Phantom Force||[still]\n|-prepare|p2a: Dragaputas|Phantom Force\n|move|p2b: Juanito|Bounce|p1a: Pablo|[from]lockedmove\n|-supereffective|p1a: Pablo\n|-damage|p1a: Pablo|0 fnt\n|faint|p1a: Pablo\n|-damage|p2b: Juanito|81\/100|[from] item: Life Orb\n|move|p1b: Jenni Hermoso|Pyro Ball|p2b: Juanito\n|-damage|p2b: Juanito|6\/100\n|-status|p2b: Juanito|brn\n|-damage|p1b: Jenni Hermoso|43\/100|[from] item: Life Orb\n|\n|-heal|p1b: Jenni Hermoso|49\/100|[from] Grassy Terrain\n|-damage|p2b: Juanito|0 fnt|[from] brn\n|faint|p2b: Juanito\n|upkeep\n|\n|t:|1699558074\n|switch|p2b: The Lord|Kingambit, M, shiny|100\/100\n|switch|p1a: 1.e4 e5 2.f4!!|Kingambit, M|100\/100\n|turn|6\n|inactive|bitxozero has 210 seconds left.\n|\n|t:|1699558119\n|move|p2a: Dragaputas|Phantom Force|p1b: Jenni Hermoso|[from]lockedmove\n|-damage|p1b: Jenni Hermoso|0 fnt\n|faint|p1b: Jenni Hermoso\n|move|p2b: The Lord|Brick Break|p1a: 1.e4 e5 2.f4!!\n|-supereffective|p1a: 1.e4 e5 2.f4!!\n|-damage|p1a: 1.e4 e5 2.f4!!|11\/100\n|move|p1a: 1.e4 e5 2.f4!!|Knock Off|p2a: Dragaputas\n|-supereffective|p2a: Dragaputas\n|-enditem|p2a: Dragaputas|Focus Sash\n|-damage|p2a: Dragaputas|1\/100\n|\n|-heal|p2a: Dragaputas|7\/100|[from] Grassy Terrain\n|-heal|p1a: 1.e4 e5 2.f4!!|18\/100|[from] Grassy Terrain\n|-fieldend|move: Grassy Terrain\n|upkeep\n|\n|t:|1699558132\n|switch|p1b: Se Iluminaba|Starmie|100\/100\n|turn|7\n|inactive|bitxozero has 210 seconds left.\n|\n|t:|1699558147\n|switch|p2a: D-L-C|Drifblim, F, shiny|100\/100\n|move|p2b: The Lord|Sucker Punch|p1b: Se Iluminaba\n|-supereffective|p1b: Se Iluminaba\n|-damage|p1b: Se Iluminaba|0 fnt\n|faint|p1b: Se Iluminaba\n|move|p1a: 1.e4 e5 2.f4!!|Sucker Punch||[still]\n|-fail|p1a: 1.e4 e5 2.f4!!\n|\n|upkeep\n|turn|8\n|\n|t:|1699558158\n|move|p1a: 1.e4 e5 2.f4!!|Sucker Punch||[still]\n|-fail|p1a: 1.e4 e5 2.f4!!\n|move|p2a: D-L-C|Will-O-Wisp|p1a: 1.e4 e5 2.f4!!\n|-status|p1a: 1.e4 e5 2.f4!!|brn\n|move|p2b: The Lord|Brick Break|p1a: 1.e4 e5 2.f4!!\n|-supereffective|p1a: 1.e4 e5 2.f4!!\n|-damage|p1a: 1.e4 e5 2.f4!!|0 fnt\n|faint|p1a: 1.e4 e5 2.f4!!\n|\n|win|Cama888\n|c|\u2606Cama888|ggs\n|c|\u2606bitxozero|gg\n|c|\u2606bitxozero|qu\u00e9 liada\n","uploadtime":1699558169,"views":22,"p1id":"bitxozero","p2id":"cama888","formatid":"gen9nationaldexdoubles","rating":0,"private":0,"password":""}