{"id":"gen9nationaldexdoubles-1967738435","p1":"KageDeSin","p2":"oil drill123","format":"[Gen 9] National Dex Doubles","log":"|j|\u2606KageDeSin\n|j|\u2606oil drill123\n|t:|1697332874\n|gametype|doubles\n|player|p1|KageDeSin|biker|\n|player|p2|oil drill123|170|\n|teamsize|p1|6\n|teamsize|p2|6\n|gen|9\n|tier|[Gen 9] National Dex Doubles\n|rule|HP Percentage Mod: HP is shown in percentages\n|rule|Endless Battle Clause: Forcing endless battles is banned\n|rule|OHKO Clause: OHKO moves are banned\n|rule|Evasion Moves Clause: Evasion moves are banned\n|rule|Evasion Abilities Clause: Evasion abilities are banned\n|rule|Species Clause: Limit one of each Pok\u00e9mon\n|rule|Gravity Sleep Clause: The combination of sleep-inducing moves with imperfect accuracy and Gravity or Gigantamax Orbeetle are banned\n|clearpoke\n|poke|p1|Coalossal, F|\n|poke|p1|Clawitzer, M|\n|poke|p1|Kommo-o, F|\n|poke|p1|Sandy Shocks|\n|poke|p1|Tinkaton, F|\n|poke|p1|Skeledirge, F|\n|poke|p2|Raichu-Alola, M|\n|poke|p2|Tapu Koko|\n|poke|p2|Dragapult, M|\n|poke|p2|Metagross|\n|poke|p2|Weezing-Galar, F|\n|poke|p2|Pangoro, F|\n|teampreview\n|\n|t:|1697332902\n|start\n|switch|p1a: Demon|Tinkaton, F|100\/100\n|switch|p1b: Etch A Sketch|Sandy Shocks|100\/100\n|switch|p2a: Hoo Hah Tiki Tiki|Tapu Koko|100\/100\n|switch|p2b: Minato|Raichu-Alola, M|100\/100\n|-fieldstart|move: Electric Terrain|[from] ability: Electric Surge|[of] p2a: Hoo Hah Tiki Tiki\n|-ability|p1a: Demon|Mold Breaker\n|turn|1\n|j| landlord79\n|j| TheOfficialSlade\n|\n|t:|1697332966\n|move|p2a: Hoo Hah Tiki Tiki|Protect|p2a: Hoo Hah Tiki Tiki\n|-singleturn|p2a: Hoo Hah Tiki Tiki|Protect\n|move|p2b: Minato|Rising Voltage|p1a: Demon\n|-hint|Rising Voltage's BP doubled on grounded target.\n|-damage|p1a: Demon|0 fnt\n|faint|p1a: Demon\n|move|p1b: Etch A Sketch|Sunny Day|p1b: Etch A Sketch\n|-weather|SunnyDay\n|-activate|p1b: Etch A Sketch|ability: Protosynthesis\n|-start|p1b: Etch A Sketch|protosynthesisspe\n|\n|-weather|SunnyDay|[upkeep]\n|upkeep\n|\n|t:|1697332985\n|switch|p1a: Plant DLC|Coalossal, F|100\/100\n|turn|2\n|j| Ryans Side Piece\n|\n|t:|1697333050\n|switch|p2b: Desiigner|Pangoro, F|100\/100\n|-ability|p2b: Desiigner|Mold Breaker\n|-terastallize|p1a: Plant DLC|Grass\n|move|p1b: Etch A Sketch|Light Screen|p1b: Etch A Sketch\n|-sidestart|p1: KageDeSin|move: Light Screen\n|move|p2a: Hoo Hah Tiki Tiki|Reflect|p2a: Hoo Hah Tiki Tiki\n|-sidestart|p2: oil drill123|Reflect\n|move|p1a: Plant DLC|Flame Charge|p2a: Hoo Hah Tiki Tiki\n|-damage|p2a: Hoo Hah Tiki Tiki|78\/100\n|-boost|p1a: Plant DLC|spe|1\n|\n|-weather|SunnyDay|[upkeep]\n|upkeep\n|turn|3\n|\n|t:|1697333113\n|move|p1b: Etch A Sketch|Thunderbolt|p2b: Desiigner\n|-damage|p2b: Desiigner|35\/100\n|move|p2a: Hoo Hah Tiki Tiki|Light Screen|p2a: Hoo Hah Tiki Tiki\n|-sidestart|p2: oil drill123|move: Light Screen\n|move|p2b: Desiigner|Close Combat|p1a: Plant DLC\n|-damage|p1a: Plant DLC|31\/100\n|-unboost|p2b: Desiigner|def|1\n|-unboost|p2b: Desiigner|spd|1\n|move|p1a: Plant DLC|Solar Beam||[still]\n|-prepare|p1a: Plant DLC|Solar Beam\n|-anim|p1a: Plant DLC|Solar Beam|p2b: Desiigner\n|-damage|p2b: Desiigner|0 fnt\n|faint|p2b: Desiigner\n|\n|-weather|SunnyDay|[upkeep]\n|upkeep\n|\n|t:|1697333150\n|switch|p2b: Danny Phantom|Dragapult, M|100\/100\n|turn|4\n|\n|t:|1697333187\n|move|p1b: Etch A Sketch|Volt Switch|p2b: Danny Phantom\n|-resisted|p2b: Danny Phantom\n|-damage|p2b: Danny Phantom|84\/100\n|\n|t:|1697333200\n|-end|p1b: Etch A Sketch|Protosynthesis|[silent]\n|switch|p1b: Big Claw Big ...|Clawitzer, M|100\/100|[from] Volt Switch\n|move|p2b: Danny Phantom|Dragon Darts|p1a: Plant DLC\n|-damage|p1a: Plant DLC|13\/100\n|-anim|p2b: Danny Phantom|Dragon Darts|p1b: Big Claw Big ...\n|-damage|p1b: Big Claw Big ...|69\/100\n|move|p2a: Hoo Hah Tiki Tiki|U-turn|p1b: Big Claw Big ...\n|-damage|p1b: Big Claw Big ...|45\/100\n|\n|t:|1697333216\n|switch|p2a: Minato|Raichu-Alola, M|100\/100|[from] U-turn\n|move|p1a: Plant DLC|Solar Beam||[still]\n|-prepare|p1a: Plant DLC|Solar Beam\n|-anim|p1a: Plant DLC|Solar Beam|p2a: Minato\n|-damage|p2a: Minato|74\/100\n|\n|-weather|SunnyDay|[upkeep]\n|upkeep\n|turn|5\n|\n|t:|1697333272\n|switch|p1a: Etch A Sketch|Sandy Shocks|100\/100\n|-activate|p1a: Etch A Sketch|ability: Protosynthesis\n|-start|p1a: Etch A Sketch|protosynthesisspe\n|move|p2a: Minato|Rising Voltage|p1b: Big Claw Big ...\n|-hint|Rising Voltage's BP doubled on grounded target.\n|-supereffective|p1b: Big Claw Big ...\n|-damage|p1b: Big Claw Big ...|0 fnt\n|faint|p1b: Big Claw Big ...\n|move|p2b: Danny Phantom|Dragon Darts|p1a: Etch A Sketch\n|-damage|p1a: Etch A Sketch|72\/100\n|-anim|p2b: Danny Phantom|Dragon Darts|p1a: Etch A Sketch\n|-damage|p1a: Etch A Sketch|43\/100\n|\n|-weather|SunnyDay|[upkeep]\n|-fieldend|move: Electric Terrain\n|upkeep\n|\n|t:|1697333295\n|switch|p1b: Florida Man|Skeledirge, F|100\/100\n|turn|6\n|c| TheOfficialSlade|https:\/\/the1a.org\/wp-content\/uploads\/sites\/4\/2019\/08\/Screen-Shot-2019-08-03-at-1.20.24-PM.png\n|\n|t:|1697333393\n|switch|p2b: Indubitably|Weezing-Galar, F|100\/100\n|switch|p2a: Hoo Hah Tiki Tiki|Tapu Koko|78\/100\n|-fieldstart|move: Electric Terrain|[from] ability: Electric Surge|[of] p2a: Hoo Hah Tiki Tiki\n|move|p1a: Etch A Sketch|Thunderbolt|p2b: Indubitably\n|-damage|p2b: Indubitably|71\/100\n|move|p1b: Florida Man|Slack Off||[still]\n|-fail|p1b: Florida Man|heal\n|\n|-weather|SunnyDay|[upkeep]\n|-heal|p2b: Indubitably|77\/100|[from] item: Leftovers\n|-sideend|p1: KageDeSin|move: Light Screen\n|upkeep\n|turn|7\n|\n|t:|1697333424\n|move|p1a: Etch A Sketch|Light Screen|p1a: Etch A Sketch\n|-sidestart|p1: KageDeSin|move: Light Screen\n|move|p2a: Hoo Hah Tiki Tiki|Light Screen||[still]\n|-fail|p2a: Hoo Hah Tiki Tiki\n|move|p1b: Florida Man|Will-O-Wisp|p2a: Hoo Hah Tiki Tiki\n|-status|p2a: Hoo Hah Tiki Tiki|brn\n|move|p2b: Indubitably|Strange Steam|p1a: Etch A Sketch\n|-damage|p1a: Etch A Sketch|24\/100\n|\n|-weather|SunnyDay|[upkeep]\n|-heal|p2b: Indubitably|83\/100|[from] item: Leftovers\n|-damage|p2a: Hoo Hah Tiki Tiki|72\/100 brn|[from] brn\n|upkeep\n|turn|8\n|\n|t:|1697333462\n|move|p1a: Etch A Sketch|Sunny Day||[still]\n|-fail|p1a: Etch A Sketch\n|move|p2a: Hoo Hah Tiki Tiki|U-turn|p1a: Etch A Sketch\n|-damage|p1a: Etch A Sketch|14\/100\n|\n|t:|1697333487\n|switch|p2a: Danny Phantom|Dragapult, M|84\/100|[from] U-turn\n|move|p1b: Florida Man|Hex|p2a: Danny Phantom\n|-supereffective|p2a: Danny Phantom\n|-damage|p2a: Danny Phantom|38\/100\n|move|p2b: Indubitably|Strange Steam|p1a: Etch A Sketch\n|-damage|p1a: Etch A Sketch|0 fnt\n|faint|p1a: Etch A Sketch\n|-end|p1a: Etch A Sketch|Protosynthesis|[silent]\n|\n|-weather|none\n|-heal|p2b: Indubitably|89\/100|[from] item: Leftovers\n|upkeep\n|\n|t:|1697333500\n|switch|p1a: Plant DLC|Coalossal, F, tera:Grass|13\/100\n|turn|9\n|l| Ryans Side Piece\n|\n|t:|1697333553\n|move|p2a: Danny Phantom|Protect|p2a: Danny Phantom\n|-singleturn|p2a: Danny Phantom|Protect\n|move|p1b: Florida Man|Hex|p2a: Danny Phantom\n|-activate|p2a: Danny Phantom|move: Protect\n|move|p2b: Indubitably|Strange Steam|p1a: Plant DLC\n|-damage|p1a: Plant DLC|0 fnt\n|faint|p1a: Plant DLC\n|\n|-heal|p2b: Indubitably|95\/100|[from] item: Leftovers\n|-sideend|p2: oil drill123|Reflect\n|upkeep\n|\n|t:|1697333562\n|switch|p1a: Clang|Kommo-o, F|100\/100\n|turn|10\n|\n|t:|1697333593\n|move|p2a: Danny Phantom|Dragon Darts|p1a: Clang\n|-supereffective|p1a: Clang\n|-damage|p1a: Clang|50\/100\n|-anim|p2a: Danny Phantom|Dragon Darts|p1b: Florida Man\n|-damage|p1b: Florida Man|85\/100\n|move|p1a: Clang|Shadow Claw|p2a: Danny Phantom\n|-supereffective|p2a: Danny Phantom\n|-damage|p2a: Danny Phantom|0 fnt\n|faint|p2a: Danny Phantom\n|move|p1b: Florida Man|Torch Song|p2b: Indubitably\n|-damage|p2b: Indubitably|75\/100\n|-boost|p1b: Florida Man|spa|1\n|move|p2b: Indubitably|Strange Steam|p1a: Clang|[miss]\n|-miss|p2b: Indubitably|p1a: Clang\n|\n|-heal|p1b: Florida Man|91\/100|[from] item: Leftovers\n|-heal|p2b: Indubitably|81\/100|[from] item: Leftovers\n|-sideend|p2: oil drill123|move: Light Screen\n|-fieldend|move: Electric Terrain\n|upkeep\n|\n|t:|1697333615\n|switch|p2a: Hoo Hah Tiki Tiki|Tapu Koko|72\/100 brn\n|-fieldstart|move: Electric Terrain|[from] ability: Electric Surge|[of] p2a: Hoo Hah Tiki Tiki\n|turn|11\n|\n|t:|1697333629\n|move|p2a: Hoo Hah Tiki Tiki|Reflect|p2a: Hoo Hah Tiki Tiki\n|-sidestart|p2: oil drill123|Reflect\n|move|p1a: Clang|Boomburst|p2b: Indubitably|[spread] p2a,p2b\n|-immune|p1b: Florida Man\n|-damage|p2a: Hoo Hah Tiki Tiki|37\/100 brn\n|-damage|p2b: Indubitably|50\/100\n|move|p1b: Florida Man|Hex|p2a: Hoo Hah Tiki Tiki\n|-damage|p2a: Hoo Hah Tiki Tiki|0 fnt\n|faint|p2a: Hoo Hah Tiki Tiki\n|move|p2b: Indubitably|Strange Steam|p1a: Clang\n|-supereffective|p1a: Clang\n|-damage|p1a: Clang|0 fnt\n|faint|p1a: Clang\n|\n|-heal|p1b: Florida Man|97\/100|[from] item: Leftovers\n|-heal|p2b: Indubitably|56\/100|[from] item: Leftovers\n|-sideend|p1: KageDeSin|move: Light Screen\n|upkeep\n|\n|t:|1697333645\n|switch|p2a: Minato|Raichu-Alola, M|74\/100\n|turn|12\n|\n|t:|1697333674\n|move|p2a: Minato|Psyshock|p1b: Florida Man\n|-damage|p1b: Florida Man|59\/100\n|move|p1b: Florida Man|Slack Off|p1b: Florida Man\n|-heal|p1b: Florida Man|100\/100\n|move|p2b: Indubitably|Strange Steam|p1b: Florida Man\n|-resisted|p1b: Florida Man\n|-damage|p1b: Florida Man|87\/100\n|\n|-heal|p1b: Florida Man|93\/100|[from] item: Leftovers\n|-heal|p2b: Indubitably|62\/100|[from] item: Leftovers\n|upkeep\n|turn|13\n|\n|t:|1697333691\n|move|p2a: Minato|Psyshock|p1b: Florida Man\n|-damage|p1b: Florida Man|56\/100\n|move|p1b: Florida Man|Torch Song|p2b: Indubitably\n|-damage|p2b: Indubitably|13\/100\n|-boost|p1b: Florida Man|spa|1\n|move|p2b: Indubitably|Sludge Bomb|p1b: Florida Man\n|-resisted|p1b: Florida Man\n|-damage|p1b: Florida Man|41\/100\n|\n|-heal|p1b: Florida Man|47\/100|[from] item: Leftovers\n|-heal|p2b: Indubitably|19\/100|[from] item: Leftovers\n|upkeep\n|turn|14\n|\n|t:|1697333707\n|move|p2a: Minato|Psyshock|p1b: Florida Man\n|-damage|p1b: Florida Man|10\/100\n|move|p1b: Florida Man|Slack Off|p1b: Florida Man\n|-heal|p1b: Florida Man|61\/100\n|move|p2b: Indubitably|Sludge Bomb|p1b: Florida Man\n|-resisted|p1b: Florida Man\n|-damage|p1b: Florida Man|46\/100\n|\n|-heal|p1b: Florida Man|52\/100|[from] item: Leftovers\n|-heal|p2b: Indubitably|25\/100|[from] item: Leftovers\n|upkeep\n|turn|15\n|\n|t:|1697333732\n|move|p2a: Minato|Psyshock|p1b: Florida Man\n|-damage|p1b: Florida Man|18\/100\n|move|p1b: Florida Man|Slack Off|p1b: Florida Man\n|-heal|p1b: Florida Man|68\/100\n|move|p2b: Indubitably|Sludge Bomb|p1b: Florida Man\n|-resisted|p1b: Florida Man\n|-damage|p1b: Florida Man|53\/100\n|-status|p1b: Florida Man|psn\n|\n|-heal|p1b: Florida Man|59\/100 psn|[from] item: Leftovers\n|-heal|p2b: Indubitably|31\/100|[from] item: Leftovers\n|-damage|p1b: Florida Man|47\/100 psn|[from] psn\n|-fieldend|move: Electric Terrain\n|upkeep\n|turn|16\n|\n|t:|1697333750\n|move|p2a: Minato|Psyshock|p1b: Florida Man\n|-damage|p1b: Florida Man|10\/100 psn\n|move|p1b: Florida Man|Slack Off|p1b: Florida Man\n|-heal|p1b: Florida Man|60\/100 psn\n|move|p2b: Indubitably|Strange Steam|p1b: Florida Man\n|-resisted|p1b: Florida Man\n|-damage|p1b: Florida Man|45\/100 psn\n|\n|-heal|p1b: Florida Man|51\/100 psn|[from] item: Leftovers\n|-heal|p2b: Indubitably|37\/100|[from] item: Leftovers\n|-damage|p1b: Florida Man|38\/100 psn|[from] psn\n|upkeep\n|turn|17\n|\n|t:|1697333767\n|move|p2a: Minato|Psyshock|p1b: Florida Man\n|-damage|p1b: Florida Man|3\/100 psn\n|move|p1b: Florida Man|Torch Song|p2b: Indubitably\n|-damage|p2b: Indubitably|0 fnt\n|-boost|p1b: Florida Man|spa|1\n|faint|p2b: Indubitably\n|\n|-heal|p1b: Florida Man|9\/100 psn|[from] item: Leftovers\n|-damage|p1b: Florida Man|0 fnt|[from] psn\n|faint|p1b: Florida Man\n|\n|win|oil drill123\n|upkeep\n","uploadtime":1697333786,"views":35,"p1id":"kagedesin","p2id":"oildrill123","formatid":"gen9nationaldexdoubles","rating":0,"private":0,"password":""}