{"id":"gen9nationaldexdoubles-1960650678","p1":"DaveTheDino","p2":"Chumpette","format":"[Gen 9] National Dex Doubles","log":"|j|\u2606DaveTheDino\n|j|\u2606Chumpette\n|t:|1696542461\n|gametype|doubles\n|player|p1|DaveTheDino|265|\n|player|p2|Chumpette|169|\n|teamsize|p1|6\n|teamsize|p2|6\n|gen|9\n|tier|[Gen 9] National Dex Doubles\n|rule|HP Percentage Mod: HP is shown in percentages\n|rule|Endless Battle Clause: Forcing endless battles is banned\n|rule|OHKO Clause: OHKO moves are banned\n|rule|Evasion Moves Clause: Evasion moves are banned\n|rule|Evasion Abilities Clause: Evasion abilities are banned\n|rule|Species Clause: Limit one of each Pok\u00e9mon\n|rule|Gravity Sleep Clause: The combination of sleep-inducing moves with imperfect accuracy and Gravity or Gigantamax Orbeetle are banned\n|clearpoke\n|poke|p1|Spiritomb, F|\n|poke|p1|Lucario, M|\n|poke|p1|Garchomp, F|\n|poke|p1|Togekiss, M|\n|poke|p1|Roserade, M|\n|poke|p1|Milotic, M|\n|poke|p2|Ninetales-Alola, M|\n|poke|p2|Togekiss, M|\n|poke|p2|Vanilluxe, F|\n|poke|p2|Cloyster, M|\n|poke|p2|Jolteon, F|\n|poke|p2|Sandslash-Alola, M|\n|teampreview\n|\n|t:|1696542479\n|start\n|switch|p1a: Garchomp|Garchomp, F|100\/100\n|switch|p1b: Togekiss|Togekiss, M|100\/100\n|switch|p2a: The Messiah|Sandslash-Alola, M|100\/100\n|switch|p2b: Winter|Ninetales-Alola, M|100\/100\n|-weather|Snow|[from] ability: Snow Warning|[of] p2b: Winter\n|turn|1\n|\n|t:|1696542553\n|switch|p1a: Lucario|Lucario, M|100\/100\n|move|p2a: The Messiah|Triple Axel|p1a: Lucario\n|-resisted|p1a: Lucario\n|-damage|p1a: Lucario|93\/100\n|-resisted|p1a: Lucario\n|-damage|p1a: Lucario|78\/100\n|-resisted|p1a: Lucario\n|-damage|p1a: Lucario|54\/100\n|-hitcount|p1a: Lucario|3\n|move|p1b: Togekiss|Aura Sphere|p2a: The Messiah\n|-supereffective|p2a: The Messiah\n|-damage|p2a: The Messiah|0 fnt\n|faint|p2a: The Messiah\n|move|p2b: Winter|Blizzard|p1b: Togekiss|[spread] p1a,p1b\n|-resisted|p1a: Lucario\n|-supereffective|p1b: Togekiss\n|-damage|p1a: Lucario|29\/100\n|-damage|p1b: Togekiss|43\/100\n|\n|-weather|Snow|[upkeep]\n|upkeep\n|\n|t:|1696542577\n|switch|p2a: Sycophant|Togekiss, M|100\/100\n|turn|2\n|\n|t:|1696542645\n|switch|p1a: Garchomp|Garchomp, F|100\/100\n|move|p2a: Sycophant|Follow Me|p2a: Sycophant\n|-singleturn|p2a: Sycophant|move: Follow Me\n|move|p1b: Togekiss|Aura Sphere|p2a: Sycophant\n|-resisted|p2a: Sycophant\n|-damage|p2a: Sycophant|97\/100\n|move|p2b: Winter|Blizzard|p1b: Togekiss|[spread] p1a,p1b\n|-supereffective|p1a: Garchomp\n|-supereffective|p1b: Togekiss\n|-damage|p1a: Garchomp|0 fnt\n|-damage|p1b: Togekiss|0 fnt\n|faint|p1a: Garchomp\n|faint|p1b: Togekiss\n|\n|-weather|Snow|[upkeep]\n|upkeep\n|\n|t:|1696542667\n|switch|p1a: Milotic|Milotic, M|100\/100\n|switch|p1b: Spiritomb|Spiritomb, F|100\/100\n|-ability|p1b: Spiritomb|Pressure\n|turn|3\n|\n|t:|1696542764\n|move|p2a: Sycophant|Helping Hand|p2b: Winter\n|-singleturn|p2b: Winter|Helping Hand|[of] p2a: Sycophant\n|move|p2b: Winter|Blizzard|p1b: Spiritomb|[spread] p1a,p1b\n|-resisted|p1a: Milotic\n|-damage|p1a: Milotic|82\/100\n|-damage|p1b: Spiritomb|67\/100\n|-status|p1a: Milotic|frz\n|-curestatus|p1a: Milotic|frz|[from] move: Scald\n|move|p1a: Milotic|Scald|p2b: Winter\n|-damage|p2b: Winter|56\/100\n|move|p1b: Spiritomb|Ominous Wind|p2a: Sycophant\n|-damage|p2a: Sycophant|80\/100\n|\n|-weather|Snow|[upkeep]\n|-heal|p1a: Milotic|88\/100|[from] item: Leftovers\n|upkeep\n|turn|4\n|\n|t:|1696542795\n|switch|p2a: MC Hammer|Jolteon, F|100\/100\n|move|p2b: Winter|Moonblast|p1b: Spiritomb\n|-supereffective|p1b: Spiritomb\n|-damage|p1b: Spiritomb|17\/100\n|move|p1a: Milotic|Ice Beam|p2a: MC Hammer\n|-damage|p2a: MC Hammer|66\/100\n|move|p1b: Spiritomb|Dark Pulse|p2b: Winter\n|-resisted|p2b: Winter\n|-damage|p2b: Winter|36\/100\n|\n|-weather|Snow|[upkeep]\n|-heal|p1a: Milotic|94\/100|[from] item: Leftovers\n|upkeep\n|turn|5\n|\n|t:|1696542837\n|switch|p1b: Roserade|Roserade, M|100\/100\n|move|p2a: MC Hammer|Volt Switch|p1a: Milotic\n|-supereffective|p1a: Milotic\n|-damage|p1a: Milotic|37\/100\n|\n|t:|1696542845\n|switch|p2a: Sycophant|Togekiss, M|80\/100|[from] Volt Switch\n|move|p2b: Winter|Blizzard|p1b: Roserade|[spread] p1a,p1b\n|-resisted|p1a: Milotic\n|-supereffective|p1b: Roserade\n|-damage|p1a: Milotic|25\/100\n|-damage|p1b: Roserade|25\/100\n|move|p1a: Milotic|Scald|p2b: Winter\n|-damage|p2b: Winter|0 fnt\n|faint|p2b: Winter\n|\n|-weather|Snow|[upkeep]\n|-heal|p1a: Milotic|31\/100|[from] item: Leftovers\n|upkeep\n|\n|t:|1696542856\n|switch|p2b: MC Hammer|Jolteon, F|66\/100\n|turn|6\n|\n|t:|1696542877\n|move|p2b: MC Hammer|Thunderbolt|p1a: Milotic\n|-supereffective|p1a: Milotic\n|-damage|p1a: Milotic|0 fnt\n|faint|p1a: Milotic\n|move|p1b: Roserade|Energy Ball|p2b: MC Hammer\n|-damage|p2b: MC Hammer|0 fnt\n|faint|p2b: MC Hammer\n|move|p2a: Sycophant|Air Slash|p1b: Roserade\n|-supereffective|p1b: Roserade\n|-damage|p1b: Roserade|0 fnt\n|faint|p1b: Roserade\n|\n|-weather|Snow|[upkeep]\n|upkeep\n|\n|t:|1696542888\n|switch|p2b: Judas|Cloyster, M|100\/100\n|switch|p1b: Lucario|Lucario, M|29\/100\n|switch|p1a: Spiritomb|Spiritomb, F|17\/100\n|-ability|p1a: Spiritomb|Pressure\n|turn|7\n|\n|t:|1696542916\n|move|p2a: Sycophant|Follow Me|p2a: Sycophant\n|-singleturn|p2a: Sycophant|move: Follow Me\n|move|p1b: Lucario|Aura Sphere|p2a: Sycophant\n|-resisted|p2a: Sycophant\n|-crit|p2a: Sycophant\n|-damage|p2a: Sycophant|72\/100\n|move|p2b: Judas|Shell Smash|p2b: Judas\n|-unboost|p2b: Judas|def|1\n|-unboost|p2b: Judas|spd|1\n|-boost|p2b: Judas|atk|2\n|-boost|p2b: Judas|spa|2\n|-boost|p2b: Judas|spe|2\n|-enditem|p2b: Judas|White Herb\n|-clearnegativeboost|p2b: Judas|[silent]\n|move|p1a: Spiritomb|Ominous Wind|p2a: Sycophant\n|-damage|p2a: Sycophant|54\/100\n|\n|-weather|Snow|[upkeep]\n|upkeep\n|turn|8\n|\n|t:|1696542939\n|move|p2b: Judas|Icicle Spear|p1b: Lucario\n|-resisted|p1b: Lucario\n|-damage|p1b: Lucario|9\/100\n|-resisted|p1b: Lucario\n|-damage|p1b: Lucario|0 fnt\n|faint|p1b: Lucario\n|-hitcount|p1: Lucario|2\n|move|p2a: Sycophant|Air Slash|p1a: Spiritomb\n|-damage|p1a: Spiritomb|0 fnt\n|faint|p1a: Spiritomb\n|\n|win|Chumpette\n|l|\u2606DaveTheDino\n|j|\u2606DaveTheDino\n|player|p1|DaveTheDino|265\n|n|\u2606DaveTheDino|davethedino\n|l|\u2606Chumpette\n","uploadtime":1696543009,"views":6,"p1id":"davethedino","p2id":"chumpette","formatid":"gen9nationaldexdoubles","rating":0,"private":0,"password":""}