{"id":"gen9nationaldexdoubles-1957197567","p1":"El Ryuk456","p2":"bosspark1737376","format":"[Gen 9] National Dex Doubles","log":"|j|\u2606El Ryuk456\n|j|\u2606bosspark1737376\n|t:|1696194773\n|gametype|doubles\n|player|p1|El Ryuk456|blaine|1300\n|player|p2|bosspark1737376|n|1379\n|teamsize|p1|6\n|teamsize|p2|6\n|gen|9\n|tier|[Gen 9] National Dex Doubles\n|rated|\n|rule|HP Percentage Mod: HP is shown in percentages\n|rule|Endless Battle Clause: Forcing endless battles is banned\n|rule|OHKO Clause: OHKO moves are banned\n|rule|Evasion Moves Clause: Evasion moves are banned\n|rule|Evasion Abilities Clause: Evasion abilities are banned\n|rule|Species Clause: Limit one of each Pok\u00e9mon\n|rule|Gravity Sleep Clause: The combination of sleep-inducing moves with imperfect accuracy and Gravity or Gigantamax Orbeetle are banned\n|clearpoke\n|poke|p1|Blastoise, M|\n|poke|p1|Sableye, M|\n|poke|p1|Corviknight, M|\n|poke|p1|Gardevoir, F|\n|poke|p1|Skeledirge, M|\n|poke|p1|Meowscarada, M|\n|poke|p2|Rillaboom, F|\n|poke|p2|Metagross|\n|poke|p2|Urshifu-*, M|\n|poke|p2|Chien-Pao|\n|poke|p2|Tornadus, M|\n|poke|p2|Zamazenta-*|\n|teampreview\n|inactive|Battle timer is ON: inactive players will automatically lose when time's up. (requested by bosspark1737376)\n|\n|t:|1696194781\n|start\n|switch|p1a: Harbor|Blastoise, M|100\/100\n|switch|p1b: Yami|Sableye, M|100\/100\n|switch|p2a: King|Metagross, shiny|100\/100\n|switch|p2b: doggoo|Zamazenta|100\/100\n|-ability|p2b: doggoo|Dauntless Shield|boost\n|-boost|p2b: doggoo|def|1\n|turn|1\n|\n|t:|1696194791\n|detailschange|p2a: King|Metagross-Mega, shiny\n|-mega|p2a: King|Metagross|Metagrossite\n|detailschange|p1a: Harbor|Blastoise-Mega, M\n|-mega|p1a: Harbor|Blastoise|Blastoisinite\n|move|p2a: King|Protect|p2a: King\n|-singleturn|p2a: King|Protect\n|move|p1b: Yami|Fake Out|p2b: doggoo\n|-damage|p2b: doggoo|96\/100\n|cant|p2b: doggoo|flinch\n|move|p1a: Harbor|Shell Smash|p1a: Harbor\n|-unboost|p1a: Harbor|def|1\n|-unboost|p1a: Harbor|spd|1\n|-boost|p1a: Harbor|atk|2\n|-boost|p1a: Harbor|spa|2\n|-boost|p1a: Harbor|spe|2\n|\n|-heal|p2b: doggoo|100\/100|[from] item: Leftovers\n|upkeep\n|turn|2\n|\n|t:|1696194821\n|move|p1a: Harbor|Protect|p1a: Harbor\n|-singleturn|p1a: Harbor|Protect\n|move|p1b: Yami|Will-O-Wisp|p2a: King\n|-status|p2a: King|brn\n|move|p2b: doggoo|Coaching|p2a: King\n|-boost|p2a: King|atk|1\n|-boost|p2a: King|def|1\n|move|p2a: King|Thunder Punch|p1a: Harbor\n|-activate|p1a: Harbor|move: Protect\n|\n|-damage|p2a: King|95\/100 brn|[from] brn\n|upkeep\n|turn|3\n|\n|t:|1696194835\n|move|p1b: Yami|Will-O-Wisp|p2b: doggoo\n|-status|p2b: doggoo|brn\n|move|p1a: Harbor|Water Spout|p2b: doggoo|[spread] p2a,p2b\n|-damage|p2a: King|0 fnt\n|-damage|p2b: doggoo|0 fnt\n|faint|p2a: King\n|faint|p2b: doggoo\n|\n|upkeep\n|\n|t:|1696194850\n|switch|p2b: supper monke|Rillaboom, F|100\/100\n|switch|p2a: free the willy|Tornadus, M|100\/100\n|-fieldstart|move: Grassy Terrain|[from] ability: Grassy Surge|[of] p2b: supper monke\n|turn|4\n|\n|t:|1696194858\n|move|p1a: Harbor|Protect|p1a: Harbor\n|-singleturn|p1a: Harbor|Protect\n|move|p2b: supper monke|Fake Out|p1a: Harbor\n|-activate|p1a: Harbor|move: Protect\n|move|p2a: free the willy|Tailwind|p2a: free the willy\n|-sidestart|p2: bosspark1737376|move: Tailwind\n|move|p1b: Yami|Will-O-Wisp|p2b: supper monke\n|-status|p2b: supper monke|brn\n|\n|-damage|p2b: supper monke|94\/100 brn|[from] brn\n|upkeep\n|turn|5\n|\n|t:|1696194878\n|switch|p1a: Silva|Corviknight, M, shiny|100\/100\n|move|p2b: supper monke|Grassy Glide|p1a: Silva\n|-resisted|p1a: Silva\n|-damage|p1a: Silva|97\/100\n|-damage|p2b: supper monke|78\/100 brn|[from] item: Rocky Helmet|[of] p1a: Silva\n|move|p1b: Yami|Will-O-Wisp|p2a: free the willy\n|-status|p2a: free the willy|brn\n|move|p2a: free the willy|Bleakwind Storm|p1a: Silva|[spread] p1a,p1b\n|-resisted|p1a: Silva\n|-crit|p1a: Silva\n|-damage|p1a: Silva|78\/100\n|-damage|p1b: Yami|65\/100\n|-ability|p1a: Silva|Mirror Armor\n|-unboost|p2a: free the willy|spe|1\n|\n|-heal|p2b: supper monke|84\/100 brn|[from] Grassy Terrain\n|-heal|p1b: Yami|71\/100|[from] Grassy Terrain\n|-heal|p1b: Yami|77\/100|[from] item: Leftovers\n|-damage|p2b: supper monke|78\/100 brn|[from] brn\n|-damage|p2a: free the willy|94\/100 brn|[from] brn\n|upkeep\n|turn|6\n|inactive|bosspark1737376 has 120 seconds left.\n|\n|t:|1696194930\n|move|p2b: supper monke|Grassy Glide|p1b: Yami\n|-damage|p1b: Yami|56\/100\n|move|p2a: free the willy|Bleakwind Storm|p1b: Yami|[spread] p1a,p1b\n|-resisted|p1a: Silva\n|-crit|p1a: Silva\n|-damage|p1a: Silva|58\/100\n|-damage|p1b: Yami|19\/100\n|move|p1a: Silva|Bulk Up|p1a: Silva\n|-boost|p1a: Silva|atk|1\n|-boost|p1a: Silva|def|1\n|move|p1b: Yami|Knock Off|p2a: free the willy\n|-damage|p2a: free the willy|64\/100 brn\n|-enditem|p2a: free the willy|Mental Herb|[from] move: Knock Off|[of] p1b: Yami\n|\n|-heal|p2b: supper monke|84\/100 brn|[from] Grassy Terrain\n|-heal|p1b: Yami|25\/100|[from] Grassy Terrain\n|-heal|p1b: Yami|31\/100|[from] item: Leftovers\n|-damage|p2b: supper monke|78\/100 brn|[from] brn\n|-damage|p2a: free the willy|58\/100 brn|[from] brn\n|upkeep\n|turn|7\n|inactive|bosspark1737376 has 120 seconds left.\n|\n|t:|1696194956\n|switch|p1b: Belle|Gardevoir, F, shiny|100\/100\n|-ability|p1b: Belle|Grassy Surge|[from] ability: Trace|[of] p2b: supper monke\n|move|p2b: supper monke|Grassy Glide|p1b: Belle\n|-damage|p1b: Belle|72\/100\n|move|p2a: free the willy|Bleakwind Storm|p1a: Silva|[spread] p1a,p1b\n|-resisted|p1a: Silva\n|-damage|p1a: Silva|44\/100\n|-damage|p1b: Belle|35\/100\n|-unboost|p1b: Belle|spe|1\n|move|p1a: Silva|Roost|p1a: Silva\n|-heal|p1a: Silva|94\/100\n|-singleturn|p1a: Silva|move: Roost\n|\n|-heal|p2b: supper monke|84\/100 brn|[from] Grassy Terrain\n|-heal|p1b: Belle|42\/100|[from] Grassy Terrain\n|-heal|p1a: Silva|100\/100|[from] Grassy Terrain\n|-damage|p2b: supper monke|78\/100 brn|[from] brn\n|-damage|p2a: free the willy|52\/100 brn|[from] brn\n|-sideend|p2: bosspark1737376|move: Tailwind\n|upkeep\n|turn|8\n|inactive|bosspark1737376 has 120 seconds left.\n|\n|t:|1696194987\n|move|p2b: supper monke|Grassy Glide|p1b: Belle\n|-damage|p1b: Belle|12\/100\n|move|p1b: Belle|Psyshock|p2a: free the willy\n|-damage|p2a: free the willy|0 fnt\n|faint|p2a: free the willy\n|move|p1a: Silva|Brave Bird|p2b: supper monke\n|-supereffective|p2b: supper monke\n|-damage|p2b: supper monke|0 fnt\n|faint|p2b: supper monke\n|-damage|p1a: Silva|77\/100|[from] Recoil\n|\n|-heal|p1b: Belle|18\/100|[from] Grassy Terrain\n|-fieldend|move: Grassy Terrain\n|upkeep\n|\n|t:|1696195000\n|switch|p2b: mark|Chien-Pao|100\/100\n|switch|p2a: jack back|Urshifu-Rapid-Strike, M|100\/100\n|-ability|p2b: mark|Sword of Ruin\n|turn|9\n|\n|t:|1696195026\n|-terastallize|p1a: Silva|Fighting\n|move|p2b: mark|Protect|p2b: mark\n|-singleturn|p2b: mark|Protect\n|move|p2a: jack back|Surging Strikes|p1b: Belle\n|-crit|p1b: Belle\n|-damage|p1b: Belle|0 fnt\n|faint|p1b: Belle\n|-hitcount|p1: Belle|1\n|move|p1a: Silva|Body Press|p2b: mark\n|-activate|p2b: mark|move: Protect\n|\n|upkeep\n|\n|t:|1696195031\n|switch|p1b: Yami|Sableye, M|31\/100\n|turn|10\n|inactive|bosspark1737376 has 120 seconds left.\n|\n|t:|1696195046\n|move|p1b: Yami|Fake Out|p2b: mark\n|-damage|p2b: mark|90\/100\n|cant|p2b: mark|flinch\n|move|p2a: jack back|Surging Strikes|p1b: Yami\n|-crit|p1b: Yami\n|-damage|p1b: Yami|0 fnt\n|faint|p1b: Yami\n|-hitcount|p1: Yami|1\n|move|p1a: Silva|Body Press|p2b: mark\n|-supereffective|p2b: mark\n|-damage|p2b: mark|0 fnt\n|faint|p2b: mark\n|\n|upkeep\n|\n|t:|1696195056\n|switch|p1b: A.Banderas|Meowscarada, M|100\/100\n|turn|11\n|\n|t:|1696195062\n|move|p1b: A.Banderas|Flower Trick|p2a: jack back\n|-start|p1b: A.Banderas|typechange|Grass|[from] ability: Protean\n|-supereffective|p2a: jack back\n|-crit|p2a: jack back\n|-damage|p2a: jack back|0 fnt\n|faint|p2a: jack back\n|\n|win|El Ryuk456\n|raw|El Ryuk456's rating: 1300 &rarr; <strong>1331<\/strong><br \/>(+31 for winning)\n|raw|bosspark1737376's rating: 1379 &rarr; <strong>1355<\/strong><br \/>(-24 for losing)\n","uploadtime":1696195071,"views":7,"p1id":"elryuk456","p2id":"bosspark1737376","formatid":"gen9nationaldexdoubles","rating":1331,"private":0,"password":""}