{"id":"gen9nationaldexdoubles-1994397089","p1":"El Ryuk456","p2":"igorbacana","format":"[Gen 9] National Dex Doubles","log":"|j|\u2606El Ryuk456\n|j|\u2606igorbacana\n|t:|1700439237\n|gametype|doubles\n|player|p1|El Ryuk456|ingo|1415\n|player|p2|igorbacana|cynthia|1415\n|teamsize|p1|6\n|teamsize|p2|6\n|gen|9\n|tier|[Gen 9] National Dex Doubles\n|rated|\n|rule|HP Percentage Mod: HP is shown in percentages\n|rule|Endless Battle Clause: Forcing endless battles is banned\n|rule|OHKO Clause: OHKO moves are banned\n|rule|Evasion Moves Clause: Evasion moves are banned\n|rule|Evasion Abilities Clause: Evasion abilities are banned\n|rule|Species Clause: Limit one of each Pok\u00e9mon\n|rule|Gravity Sleep Clause: The combination of sleep-inducing moves with imperfect accuracy and Gravity or Gigantamax Orbeetle are banned\n|clearpoke\n|poke|p1|Lucario, M|\n|poke|p1|Ogerpon, F|\n|poke|p1|Tapu Lele|\n|poke|p1|Crobat, F|\n|poke|p1|Tinkaton, F|\n|poke|p1|Luxray, M|\n|poke|p2|Eevee, M|\n|poke|p2|Clefairy, F|\n|poke|p2|Krookodile, M|\n|poke|p2|Flamigo, M|\n|poke|p2|Gardevoir, F|\n|poke|p2|Incineroar, M|\n|teampreview\n|inactive|Battle timer is ON: inactive players will automatically lose when time's up. (requested by igorbacana)\n|\n|t:|1700439255\n|start\n|switch|p1a: Tinkaton|Tinkaton, F|100\/100\n|switch|p1b: Crobat|Crobat, F, shiny|100\/100\n|switch|p2a: Clefairy|Clefairy, F|100\/100\n|switch|p2b: Eevee|Eevee, M, shiny|100\/100\n|-ability|p1a: Tinkaton|Mold Breaker\n|turn|1\n|\n|t:|1700439268\n|move|p2b: Eevee|Protect|p2b: Eevee\n|-singleturn|p2b: Eevee|Protect\n|move|p2a: Clefairy|Protect|p2a: Clefairy\n|-singleturn|p2a: Clefairy|Protect\n|move|p1a: Tinkaton|Fake Out|p2b: Eevee\n|-activate|p2b: Eevee|move: Protect\n|move|p1b: Crobat|Taunt|p2a: Clefairy\n|-activate|p2a: Clefairy|move: Protect\n|\n|upkeep\n|turn|2\n|\n|t:|1700439295\n|move|p2a: Clefairy|Follow Me|p2a: Clefairy\n|-singleturn|p2a: Clefairy|move: Follow Me\n|move|p1b: Crobat|Tailwind|p1b: Crobat\n|-sidestart|p1: El Ryuk456|move: Tailwind\n|move|p1a: Tinkaton|Gigaton Hammer|p2a: Clefairy\n|-supereffective|p2a: Clefairy\n|-damage|p2a: Clefairy|34\/100\n|-zpower|p2b: Eevee\n|move|p2b: Eevee|Extreme Evoboost|p2b: Eevee\n|-boost|p2b: Eevee|atk|2\n|-boost|p2b: Eevee|def|2\n|-boost|p2b: Eevee|spa|2\n|-boost|p2b: Eevee|spd|2\n|-boost|p2b: Eevee|spe|2\n|\n|upkeep\n|turn|3\n|\n|t:|1700439317\n|move|p2a: Clefairy|Follow Me|p2a: Clefairy\n|-singleturn|p2a: Clefairy|move: Follow Me\n|move|p1b: Crobat|Haze|p1b: Crobat\n|-clearallboost\n|move|p1a: Tinkaton|Rock Tomb|p2a: Clefairy\n|-damage|p2a: Clefairy|24\/100\n|-unboost|p2a: Clefairy|spe|1\n|move|p2b: Eevee|Baton Pass|p2b: Eevee\n|\n|t:|1700439331\n|switch|p2b: Krookodile|Krookodile, M|100\/100|[from] Baton Pass\n|\n|upkeep\n|turn|4\n|c|\u2606igorbacana|haze bruh\ud83d\ude2d\n|\n|t:|1700439350\n|switch|p2a: Incineroar|Incineroar, M|100\/100\n|-ability|p2a: Incineroar|Intimidate|boost\n|-unboost|p1a: Tinkaton|atk|1\n|-fail|p1b: Crobat|unboost|Attack|[from] ability: Inner Focus|[of] p1b: Crobat\n|move|p1b: Crobat|Brave Bird|p2a: Incineroar\n|-damage|p2a: Incineroar|68\/100\n|-damage|p1b: Crobat|89\/100|[from] Recoil\n|move|p1a: Tinkaton|Gigaton Hammer|p2a: Incineroar\n|-resisted|p2a: Incineroar\n|-damage|p2a: Incineroar|55\/100\n|move|p2b: Krookodile|Stomping Tantrum|p1a: Tinkaton\n|-supereffective|p1a: Tinkaton\n|-damage|p1a: Tinkaton|23\/100\n|\n|upkeep\n|turn|5\n|c|\u2606El Ryuk456|haha sorry man\n|\n|t:|1700439377\n|switch|p1b: Tapu Lele|Tapu Lele, shiny|100\/100\n|-fieldstart|move: Psychic Terrain|[from] ability: Psychic Surge|[of] p1b: Tapu Lele\n|switch|p1a: Luxray|Luxray, M|100\/100\n|-ability|p1a: Luxray|Intimidate|boost\n|-unboost|p2a: Incineroar|atk|1\n|-fail|p2b: Krookodile|unboost|[from] item: Clear Amulet|[of] p2b: Krookodile\n|switch|p2a: Clefairy|Clefairy, F|24\/100\n|move|p2b: Krookodile|Stomping Tantrum|p1a: Luxray\n|-supereffective|p1a: Luxray\n|-damage|p1a: Luxray|27\/100\n|\n|-sideend|p1: El Ryuk456|move: Tailwind\n|upkeep\n|turn|6\n|\n|t:|1700439397\n|switch|p1a: Crobat|Crobat, F, shiny|89\/100\n|move|p2a: Clefairy|Follow Me|p2a: Clefairy\n|-singleturn|p2a: Clefairy|move: Follow Me\n|move|p2b: Krookodile|Stomping Tantrum|p1a: Crobat\n|-immune|p1a: Crobat\n|move|p1b: Tapu Lele|Moonblast|p2a: Clefairy\n|-damage|p2a: Clefairy|0 fnt\n|faint|p2a: Clefairy\n|\n|upkeep\n|\n|t:|1700439410\n|switch|p2a: Gardevoir|Gardevoir, F|100\/100\n|turn|7\n|\n|t:|1700439418\n|detailschange|p2a: Gardevoir|Gardevoir-Mega, F\n|-mega|p2a: Gardevoir|Gardevoir|Gardevoirite\n|move|p2b: Krookodile|Protect|p2b: Krookodile\n|-singleturn|p2b: Krookodile|Protect\n|move|p1a: Crobat|Tailwind|p1a: Crobat\n|-sidestart|p1: El Ryuk456|move: Tailwind\n|move|p1b: Tapu Lele|Moonblast|p2b: Krookodile\n|-activate|p2b: Krookodile|move: Protect\n|move|p2a: Gardevoir|Stored Power|p1a: Crobat\n|-supereffective|p1a: Crobat\n|-damage|p1a: Crobat|57\/100\n|\n|upkeep\n|turn|8\n|\n|t:|1700439440\n|switch|p2b: Eevee|Eevee, M, shiny|100\/100\n|move|p1a: Crobat|Brave Bird|p2a: Gardevoir\n|-damage|p2a: Gardevoir|53\/100\n|-damage|p1a: Crobat|42\/100|[from] Recoil\n|move|p1b: Tapu Lele|Moonblast|p2b: Eevee\n|-damage|p2b: Eevee|20\/100\n|move|p2a: Gardevoir|Mystical Fire|p1a: Crobat\n|-damage|p1a: Crobat|12\/100\n|-unboost|p1a: Crobat|spa|1\n|\n|upkeep\n|turn|9\n|inactive|El Ryuk456 has 120 seconds left.\n|\n|t:|1700439485\n|move|p2a: Gardevoir|Protect|p2a: Gardevoir\n|-singleturn|p2a: Gardevoir|Protect\n|move|p2b: Eevee|Protect|p2b: Eevee\n|-singleturn|p2b: Eevee|Protect\n|move|p1a: Crobat|Brave Bird|p2a: Gardevoir\n|-activate|p2a: Gardevoir|move: Protect\n|move|p1b: Tapu Lele|Moonblast|p2b: Eevee\n|-activate|p2b: Eevee|move: Protect\n|\n|-fieldend|move: Psychic Terrain\n|upkeep\n|turn|10\n|c|\u2606igorbacana|i would never know that crobat of all things get haze\n|inactive|igorbacana has 120 seconds left.\n|\n|t:|1700439517\n|move|p2b: Eevee|Quick Attack|p1a: Crobat\n|-damage|p1a: Crobat|0 fnt\n|faint|p1a: Crobat\n|move|p1b: Tapu Lele|Moonblast|p2b: Eevee\n|-damage|p2b: Eevee|0 fnt\n|faint|p2b: Eevee\n|move|p2a: Gardevoir|Draining Kiss|p1b: Tapu Lele\n|-damage|p1b: Tapu Lele|75\/100\n|-heal|p2a: Gardevoir|71\/100|[from] drain|[of] p1b: Tapu Lele\n|\n|-sideend|p1: El Ryuk456|move: Tailwind\n|upkeep\n|\n|t:|1700439535\n|switch|p1a: Lucario|Lucario, M|100\/100\n|switch|p2b: Incineroar|Incineroar, M|55\/100\n|-ability|p2b: Incineroar|Intimidate|boost\n|-unboost|p1a: Lucario|atk|1\n|-unboost|p1b: Tapu Lele|atk|1\n|turn|11\n|\n|t:|1700439546\n|switch|p1b: Tinkaton|Tinkaton, F|23\/100\n|-ability|p1b: Tinkaton|Mold Breaker\n|move|p1a: Lucario|Protect|p1a: Lucario\n|-singleturn|p1a: Lucario|Protect\n|move|p2b: Incineroar|Fake Out|p1b: Tinkaton\n|-resisted|p1b: Tinkaton\n|-damage|p1b: Tinkaton|17\/100\n|move|p2a: Gardevoir|Mystical Fire|p1a: Lucario\n|-activate|p1a: Lucario|move: Protect\n|\n|upkeep\n|turn|12\n|\n|t:|1700439559\n|detailschange|p1a: Lucario|Lucario-Mega, M\n|-mega|p1a: Lucario|Lucario|Lucarionite\n|move|p1b: Tinkaton|Fake Out|p2b: Incineroar\n|-damage|p2b: Incineroar|48\/100\n|-enditem|p2b: Incineroar|Sitrus Berry|[eat]\n|-heal|p2b: Incineroar|73\/100|[from] item: Sitrus Berry\n|move|p1a: Lucario|Flash Cannon|p2a: Gardevoir\n|-supereffective|p2a: Gardevoir\n|-damage|p2a: Gardevoir|0 fnt\n|faint|p2a: Gardevoir\n|cant|p2b: Incineroar|flinch\n|\n|upkeep\n|\n|t:|1700439569\n|switch|p2a: Krookodile|Krookodile, M|100\/100\n|turn|13\n|\n|t:|1700439584\n|move|p2a: Krookodile|Protect|p2a: Krookodile\n|-singleturn|p2a: Krookodile|Protect\n|move|p1a: Lucario|Aura Sphere|p2a: Krookodile\n|-activate|p2a: Krookodile|move: Protect\n|move|p1b: Tinkaton|Encore|p2b: Incineroar\n|-start|p2b: Incineroar|Encore\n|move|p2b: Incineroar|Fake Out||[still]\n|-hint|Fake Out only works on your first turn out.\n|-fail|p2b: Incineroar\n|\n|upkeep\n|turn|14\n|\n|t:|1700439600\n|switch|p2b: Flamigo|Flamigo, M|100\/100\n|-copyboost|p2b: Flamigo|p2a: Krookodile|[from] ability: Costar\n|-terastallize|p2a: Krookodile|Fairy\n|move|p1a: Lucario|Aura Sphere|p2a: Krookodile\n|-resisted|p2a: Krookodile\n|-damage|p2a: Krookodile|64\/100\n|move|p2a: Krookodile|Stomping Tantrum|p1a: Lucario\n|-supereffective|p1a: Lucario\n|-damage|p1a: Lucario|14\/100\n|move|p1b: Tinkaton|Encore|p2a: Krookodile\n|-start|p2a: Krookodile|Encore\n|\n|upkeep\n|turn|15\n|\n|t:|1700439624\n|switch|p1a: Luxray|Luxray, M|27\/100\n|-ability|p1a: Luxray|Intimidate|boost\n|-fail|p2a: Krookodile|unboost|[from] item: Clear Amulet|[of] p2a: Krookodile\n|-unboost|p2b: Flamigo|atk|1\n|switch|p2a: Incineroar|Incineroar, M|73\/100\n|-ability|p2a: Incineroar|Intimidate|boost\n|-unboost|p1a: Luxray|atk|1\n|-unboost|p1b: Tinkaton|atk|1\n|move|p2b: Flamigo|Brave Bird|p1a: Luxray\n|-resisted|p1a: Luxray\n|-damage|p1a: Luxray|10\/100\n|-enditem|p1a: Luxray|Mago Berry|[eat]\n|-heal|p1a: Luxray|43\/100|[from] item: Mago Berry\n|-damage|p2b: Flamigo|94\/100|[from] Recoil\n|move|p1b: Tinkaton|Gigaton Hammer|p2b: Flamigo\n|-damage|p2b: Flamigo|57\/100\n|\n|upkeep\n|turn|16\n|inactive|igorbacana has 120 seconds left.\n|\n|t:|1700439654\n|switch|p2b: Krookodile|Krookodile, M, tera:Fairy|64\/100\n|switch|p1b: Tapu Lele|Tapu Lele, shiny|75\/100\n|-fieldstart|move: Psychic Terrain|[from] ability: Psychic Surge|[of] p1b: Tapu Lele\n|move|p2a: Incineroar|Fake Out|p1a: Luxray\n|-activate|p1a: Luxray|move: Psychic Terrain\n|move|p1a: Luxray|Baby-Doll Eyes|p2b: Krookodile\n|-activate|p2b: Krookodile|move: Psychic Terrain\n|\n|upkeep\n|turn|17\n|inactive|El Ryuk456 has 120 seconds left.\n|\n|t:|1700439687\n|move|p2b: Krookodile|Gunk Shot|p1b: Tapu Lele\n|-supereffective|p1b: Tapu Lele\n|-damage|p1b: Tapu Lele|0 fnt\n|faint|p1b: Tapu Lele\n|-ability|p2b: Krookodile|Moxie|boost\n|-boost|p2b: Krookodile|atk|1\n|move|p1a: Luxray|Volt Switch|p2a: Incineroar\n|-damage|p2a: Incineroar|55\/100\n|inactive|El Ryuk456 has 120 seconds left.\n|\n|t:|1700439695\n|switch|p1a: Tinkaton|Tinkaton, F|17\/100|[from] Volt Switch\n|-ability|p1a: Tinkaton|Mold Breaker\n|move|p2a: Incineroar|Flare Blitz|p1a: Tinkaton\n|-supereffective|p1a: Tinkaton\n|-damage|p1a: Tinkaton|0 fnt\n|faint|p1a: Tinkaton\n|-damage|p2a: Incineroar|50\/100|[from] Recoil\n|\n|upkeep\n|\n|t:|1700439700\n|switch|p1a: Ogerpon|Ogerpon, F|100\/100\n|switch|p1b: Lucario|Lucario-Mega, M|14\/100\n|turn|18\n|\n|t:|1700439713\n|-terastallize|p1a: Ogerpon|Grass\n|detailschange|p1a: Ogerpon|Ogerpon-Teal-Tera, F, tera:Grass\n|-ability|p1a: Ogerpon|Embody Aspect (Teal)|boost\n|-boost|p1a: Ogerpon|spe|1\n|move|p2b: Krookodile|Protect|p2b: Krookodile\n|-singleturn|p2b: Krookodile|Protect\n|move|p1a: Ogerpon|Follow Me|p1a: Ogerpon\n|-singleturn|p1a: Ogerpon|move: Follow Me\n|move|p1b: Lucario|Aura Sphere|p2a: Incineroar\n|-supereffective|p2a: Incineroar\n|-damage|p2a: Incineroar|0 fnt\n|faint|p2a: Incineroar\n|\n|upkeep\n|\n|t:|1700439723\n|switch|p2a: Flamigo|Flamigo, M|57\/100\n|-copyboost|p2a: Flamigo|p2b: Krookodile|[from] ability: Costar\n|turn|19\n|\n|t:|1700439735\n|move|p1a: Ogerpon|Follow Me|p1a: Ogerpon\n|-singleturn|p1a: Ogerpon|move: Follow Me\n|move|p1b: Lucario|Flash Cannon|p2b: Krookodile\n|-supereffective|p2b: Krookodile\n|-damage|p2b: Krookodile|0 fnt\n|faint|p2b: Krookodile\n|move|p2a: Flamigo|Brave Bird|p1a: Ogerpon\n|-supereffective|p1a: Ogerpon\n|-damage|p1a: Ogerpon|0 fnt\n|faint|p1a: Ogerpon\n|-damage|p2a: Flamigo|20\/100|[from] Recoil\n|-enditem|p2a: Flamigo|Aguav Berry|[eat]\n|-heal|p2a: Flamigo|54\/100|[from] item: Aguav Berry\n|\n|upkeep\n|\n|t:|1700439744\n|switch|p1a: Luxray|Luxray, M|43\/100\n|-ability|p1a: Luxray|Intimidate|boost\n|-unboost|p2a: Flamigo|atk|1\n|turn|20\n|\n|t:|1700439755\n|move|p1a: Luxray|Helping Hand|p1b: Lucario\n|-singleturn|p1b: Lucario|Helping Hand|[of] p1a: Luxray\n|move|p2a: Flamigo|Protect|p2a: Flamigo\n|-singleturn|p2a: Flamigo|Protect\n|move|p1b: Lucario|Flash Cannon|p2a: Flamigo\n|-activate|p2a: Flamigo|move: Protect\n|\n|-fieldend|move: Psychic Terrain\n|upkeep\n|turn|21\n|\n|t:|1700439766\n|move|p1a: Luxray|Helping Hand|p1b: Lucario\n|-singleturn|p1b: Lucario|Helping Hand|[of] p1a: Luxray\n|move|p1b: Lucario|Flash Cannon|p2a: Flamigo\n|-damage|p2a: Flamigo|0 fnt\n|faint|p2a: Flamigo\n|\n|win|El Ryuk456\n|raw|El Ryuk456's rating: 1415 &rarr; <strong>1435<\/strong><br \/>(+20 for winning)\n|raw|igorbacana's rating: 1415 &rarr; <strong>1395<\/strong><br \/>(-20 for losing)\n|c|\u2606igorbacana|gg\n|c|\u2606El Ryuk456|gg\n|c|\u2606igorbacana|my team without boosts just doesn't wins lol\n|l|\u2606igorbacana\n|j|\u2606igorbacana\n|player|p2|igorbacana|cynthia\n|c|\u2606igorbacana|it was kinda close doe\n|l|\u2606igorbacana\n|player|p2|\n|c|\u2606El Ryuk456|o sure\n","uploadtime":1700439835,"views":9,"p1id":"elryuk456","p2id":"igorbacana","formatid":"gen9nationaldexdoubles","rating":1395,"private":0,"password":""}