{"id":"gen9nationaldexdoubles-1948448971","p1":"Immagamer","p2":"Killette2","format":"[Gen 9] National Dex Doubles","log":"|j|\u2606Immagamer\n|j|\u2606Killette2\n|t:|1695261001\n|gametype|doubles\n|player|p1|Immagamer|lucas|1364\n|player|p2|Killette2|bruno|1289\n|teamsize|p1|6\n|teamsize|p2|6\n|gen|9\n|tier|[Gen 9] National Dex Doubles\n|rated|\n|rule|HP Percentage Mod: HP is shown in percentages\n|rule|Endless Battle Clause: Forcing endless battles is banned\n|rule|OHKO Clause: OHKO moves are banned\n|rule|Evasion Moves Clause: Evasion moves are banned\n|rule|Evasion Abilities Clause: Evasion abilities are banned\n|rule|Species Clause: Limit one of each Pok\u00e9mon\n|rule|Gravity Sleep Clause: The combination of sleep-inducing moves with imperfect accuracy and Gravity or Gigantamax Orbeetle are banned\n|clearpoke\n|poke|p1|Araquanid, M|\n|poke|p1|Revavroom, F|\n|poke|p1|Riolu, F|\n|poke|p1|Maushold-Four|\n|poke|p1|Indeedee-F, F|\n|poke|p1|Flamigo, F|\n|poke|p2|Shuckle, L99, M|\n|poke|p2|Blissey, F|\n|poke|p2|Grimmsnarl, M|\n|poke|p2|Cofagrigus, L99, M|\n|poke|p2|Hatterene, L99, F|\n|poke|p2|Rillaboom, F|\n|teampreview\n|inactive|Battle timer is ON: inactive players will automatically lose when time's up. (requested by Immagamer)\n|\n|t:|1695261022\n|start\n|switch|p1a: Araquanid|Araquanid, M|100\/100\n|switch|p1b: Revavroom|Revavroom, F|100\/100\n|switch|p2a: Ancient Evil|Cofagrigus, L99, M|100\/100\n|switch|p2b: Krampus|Grimmsnarl, M|100\/100\n|turn|1\n|\n|t:|1695261037\n|move|p2b: Krampus|Fake Out|p1b: Revavroom\n|-resisted|p1b: Revavroom\n|-damage|p1b: Revavroom|94\/100\n|cant|p1b: Revavroom|flinch\n|move|p1a: Araquanid|Entrainment|p1b: Revavroom\n|-endability|p1b: Revavroom|Overcoat|[from] move: Entrainment\n|-ability|p1b: Revavroom|Water Bubble|[from] move: Entrainment\n|move|p2a: Ancient Evil|Trick Room|p2a: Ancient Evil\n|-fieldstart|move: Trick Room|[of] p2a: Ancient Evil\n|\n|upkeep\n|turn|2\n|\n|t:|1695261059\n|switch|p1a: Maushold|Maushold-Four|100\/100\n|-terastallize|p1b: Revavroom|Water\n|move|p2b: Krampus|Reflect|p2b: Krampus\n|-sidestart|p2: Killette2|Reflect\n|move|p2a: Ancient Evil|Will-O-Wisp|p1b: Revavroom|[miss]\n|-miss|p2a: Ancient Evil|p1b: Revavroom\n|move|p1b: Revavroom|Shift Gear|p1b: Revavroom\n|-boost|p1b: Revavroom|spe|2\n|-boost|p1b: Revavroom|atk|1\n|\n|upkeep\n|turn|3\n|\n|t:|1695261078\n|move|p1a: Maushold|Follow Me|p1a: Maushold\n|-singleturn|p1a: Maushold|move: Follow Me\n|move|p2b: Krampus|Taunt|p1a: Maushold\n|-start|p1a: Maushold|move: Taunt\n|move|p2a: Ancient Evil|Will-O-Wisp|p1a: Maushold|[miss]\n|-miss|p2a: Ancient Evil|p1a: Maushold\n|move|p1b: Revavroom|Shift Gear|p1b: Revavroom\n|-boost|p1b: Revavroom|spe|2\n|-boost|p1b: Revavroom|atk|1\n|\n|upkeep\n|turn|4\n|\n|t:|1695261101\n|switch|p1a: Riolu|Riolu, F|100\/100\n|move|p1b: Revavroom|Protect|p1b: Revavroom\n|-singleturn|p1b: Revavroom|Protect\n|move|p2b: Krampus|Light Screen|p2b: Krampus\n|-sidestart|p2: Killette2|move: Light Screen\n|move|p2a: Ancient Evil|Body Press|p1b: Revavroom\n|-activate|p1b: Revavroom|move: Protect\n|\n|upkeep\n|turn|5\n|\n|t:|1695261123\n|switch|p2b: 1ManArmy|Blissey, F|100\/100\n|move|p1a: Riolu|Coaching|p1b: Revavroom\n|-boost|p1b: Revavroom|atk|1\n|-boost|p1b: Revavroom|def|1\n|move|p2a: Ancient Evil|Guard Split|p2b: 1ManArmy\n|-activate|p2a: Ancient Evil|move: Guard Split|[of] p2b: 1ManArmy\n|move|p1b: Revavroom|Gunk Shot|p2b: 1ManArmy|[miss]\n|-miss|p1b: Revavroom|p2b: 1ManArmy\n|\n|-fieldend|move: Trick Room\n|upkeep\n|turn|6\n|\n|t:|1695261138\n|-terastallize|p2b: 1ManArmy|Ghost\n|move|p1a: Riolu|Coaching|p1b: Revavroom\n|-boost|p1b: Revavroom|atk|1\n|-boost|p1b: Revavroom|def|1\n|move|p1b: Revavroom|Tera Blast|p2b: 1ManArmy\n|-damage|p2b: 1ManArmy|31\/100\n|move|p2b: 1ManArmy|Charge Beam|p1b: Revavroom\n|-supereffective|p1b: Revavroom\n|-damage|p1b: Revavroom|51\/100\n|-boost|p2b: 1ManArmy|spa|1\n|move|p2a: Ancient Evil|Trick Room|p2a: Ancient Evil\n|-fieldstart|move: Trick Room|[of] p2a: Ancient Evil\n|\n|-heal|p2b: 1ManArmy|37\/100|[from] item: Leftovers\n|upkeep\n|turn|7\n|\n|t:|1695261160\n|move|p1a: Riolu|Copycat|p1a: Riolu\n|move|p1a: Riolu|Trick Room|p1a: Riolu|[from]move: Copycat\n|-fieldend|move: Trick Room\n|move|p1b: Revavroom|Tera Blast|p2b: 1ManArmy\n|-damage|p2b: 1ManArmy|0 fnt\n|faint|p2b: 1ManArmy\n|move|p2a: Ancient Evil|Body Press|p1b: Revavroom\n|-damage|p1b: Revavroom|38\/100\n|\n|upkeep\n|c|\u2606Killette2|Gh\n|c|\u2606Killette2|Gg\n|-message|Killette2 forfeited.\n|\n|win|Immagamer\n|raw|Immagamer's rating: 1364 &rarr; <strong>1380<\/strong><br \/>(+16 for winning)\n|raw|Killette2's rating: 1289 &rarr; <strong>1269<\/strong><br \/>(-20 for losing)\n|l|\u2606Killette2\n","uploadtime":1695261182,"views":5,"p1id":"immagamer","p2id":"killette2","formatid":"gen9nationaldexdoubles","rating":1269,"private":0,"password":""}