{"id":"gen9nationaldexdoubles-1976012631","p1":"MermaidSiren","p2":"jongus donguss","format":"[Gen 9] National Dex Doubles","log":"|j|\u2606MermaidSiren\n|j|\u2606jongus donguss\n|t:|1698256477\n|gametype|doubles\n|player|p1|MermaidSiren|swimmerf-gen4|1153\n|player|p2|jongus donguss|ghetsis-gen5bw|1181\n|teamsize|p1|6\n|teamsize|p2|6\n|gen|9\n|tier|[Gen 9] National Dex Doubles\n|rated|\n|rule|HP Percentage Mod: HP is shown in percentages\n|rule|Endless Battle Clause: Forcing endless battles is banned\n|rule|OHKO Clause: OHKO moves are banned\n|rule|Evasion Moves Clause: Evasion moves are banned\n|rule|Evasion Abilities Clause: Evasion abilities are banned\n|rule|Species Clause: Limit one of each Pok\u00e9mon\n|rule|Gravity Sleep Clause: The combination of sleep-inducing moves with imperfect accuracy and Gravity or Gigantamax Orbeetle are banned\n|clearpoke\n|poke|p1|Primarina, F|\n|poke|p1|Corsola-Galar, F|\n|poke|p1|Clamperl, F|\n|poke|p1|Dhelmise|\n|poke|p1|Wishiwashi, F|\n|poke|p1|Milotic, F|\n|poke|p2|Thundurus, M|\n|poke|p2|Grimmsnarl, M|\n|poke|p2|Muk-Alola, M|\n|poke|p2|Clefairy, F|\n|poke|p2|Ambipom, F|\n|poke|p2|Aipom, F|\n|teampreview\n|inactive|Battle timer is ON: inactive players will automatically lose when time's up. (requested by jongus donguss)\n|\n|t:|1698256489\n|start\n|switch|p1a: Corsola|Corsola-Galar, F|100\/100\n|switch|p1b: Clamperl|Clamperl, F|100\/100\n|switch|p2a: Ambipom|Ambipom, F|100\/100\n|switch|p2b: Aipom|Aipom, F|100\/100\n|turn|1\n|c|\u2606jongus donguss|I am the wizard, face my monkeys\n|\n|t:|1698256514\n|move|p2a: Ambipom|Fling|p1a: Corsola\n|-supereffective|p1a: Corsola\n|-damage|p1a: Corsola|82\/100\n|-enditem|p2a: Ambipom|King's Rock|[from] move: Fling\n|move|p2b: Aipom|Fling|p1b: Clamperl\n|-damage|p1b: Clamperl|91\/100\n|-ability|p1b: Clamperl|Rattled|boost\n|-boost|p1b: Clamperl|spe|1\n|-enditem|p2b: Aipom|Razor Fang|[from] move: Fling\n|cant|p1b: Clamperl|flinch\n|cant|p1a: Corsola|flinch\n|\n|-heal|p1a: Corsola|88\/100|[from] item: Leftovers\n|-item|p2a: Ambipom|Razor Fang|[from] ability: Pickup\n|-item|p2b: Aipom|King's Rock|[from] ability: Pickup\n|upkeep\n|turn|2\n|\n|t:|1698256534\n|move|p2a: Ambipom|Fling|p1a: Corsola\n|-supereffective|p1a: Corsola\n|-damage|p1a: Corsola|71\/100\n|-enditem|p2a: Ambipom|Razor Fang|[from] move: Fling\n|move|p2b: Aipom|Fling|p1b: Clamperl\n|-damage|p1b: Clamperl|80\/100\n|-ability|p1b: Clamperl|Rattled|boost\n|-boost|p1b: Clamperl|spe|1\n|-enditem|p2b: Aipom|King's Rock|[from] move: Fling\n|cant|p1b: Clamperl|flinch\n|cant|p1a: Corsola|flinch\n|\n|-heal|p1a: Corsola|77\/100|[from] item: Leftovers\n|-item|p2a: Ambipom|King's Rock|[from] ability: Pickup\n|-item|p2b: Aipom|Razor Fang|[from] ability: Pickup\n|upkeep\n|turn|3\n|\n|t:|1698256553\n|move|p2a: Ambipom|Fling|p1a: Corsola\n|-supereffective|p1a: Corsola\n|-damage|p1a: Corsola|59\/100\n|-start|p2a: Ambipom|Disable|Fling|[from] ability: Cursed Body|[of] p1a: Corsola\n|-enditem|p2a: Ambipom|King's Rock|[from] move: Fling\n|move|p2b: Aipom|Fling|p1b: Clamperl\n|-damage|p1b: Clamperl|68\/100\n|-ability|p1b: Clamperl|Rattled|boost\n|-boost|p1b: Clamperl|spe|1\n|-enditem|p2b: Aipom|Razor Fang|[from] move: Fling\n|cant|p1b: Clamperl|flinch\n|cant|p1a: Corsola|flinch\n|\n|-heal|p1a: Corsola|65\/100|[from] item: Leftovers\n|-item|p2a: Ambipom|Razor Fang|[from] ability: Pickup\n|-item|p2b: Aipom|King's Rock|[from] ability: Pickup\n|upkeep\n|turn|4\n|\n|t:|1698256573\n|move|p2a: Ambipom|Shadow Claw|p1a: Corsola\n|-supereffective|p1a: Corsola\n|-damage|p1a: Corsola|29\/100\n|move|p2b: Aipom|Fling|p1a: Corsola\n|-supereffective|p1a: Corsola\n|-crit|p1a: Corsola\n|-damage|p1a: Corsola|8\/100\n|-start|p2b: Aipom|Disable|Fling|[from] ability: Cursed Body|[of] p1a: Corsola\n|-enditem|p2b: Aipom|King's Rock|[from] move: Fling\n|move|p1b: Clamperl|Scald|p2a: Ambipom\n|-damage|p2a: Ambipom|0 fnt\n|faint|p2a: Ambipom\n|cant|p1a: Corsola|flinch\n|\n|-heal|p1a: Corsola|14\/100|[from] item: Leftovers\n|upkeep\n|\n|t:|1698256588\n|switch|p2a: Muk|Muk-Alola, M|100\/100\n|turn|5\n|\n|t:|1698256606\n|move|p2a: Muk|Shadow Sneak|p1a: Corsola\n|-supereffective|p1a: Corsola\n|-damage|p1a: Corsola|0 fnt\n|faint|p1a: Corsola\n|move|p2b: Aipom|Seed Bomb|p1b: Clamperl\n|-supereffective|p1b: Clamperl\n|-damage|p1b: Clamperl|18\/100\n|move|p1b: Clamperl|Scald|p2b: Aipom\n|-damage|p2b: Aipom|0 fnt\n|faint|p2b: Aipom\n|\n|upkeep\n|\n|t:|1698256618\n|switch|p2b: Grimmsnarl|Grimmsnarl, M|100\/100\n|switch|p1a: Wishiwashi|Wishiwashi, F|100\/100\n|-formechange|p1a: Wishiwashi|Wishiwashi-School||[from] ability: Schooling\n|turn|6\n|\n|t:|1698256641\n|move|p2b: Grimmsnarl|Reflect|p2b: Grimmsnarl\n|-sidestart|p2: jongus donguss|Reflect\n|move|p1b: Clamperl|Surf|p2b: Grimmsnarl|[spread] p1a,p2a,p2b\n|-resisted|p1a: Wishiwashi\n|-damage|p1a: Wishiwashi|78\/100\n|-damage|p2a: Muk|53\/100\n|-damage|p2b: Grimmsnarl|63\/100\n|move|p2a: Muk|Poison Jab|p1b: Clamperl\n|-damage|p1b: Clamperl|0 fnt\n|faint|p1b: Clamperl\n|move|p1a: Wishiwashi|Iron Tail|p2b: Grimmsnarl\n|-supereffective|p2b: Grimmsnarl\n|-damage|p2b: Grimmsnarl|0 fnt\n|faint|p2b: Grimmsnarl\n|\n|-heal|p2a: Muk|59\/100|[from] item: Black Sludge\n|upkeep\n|\n|t:|1698256658\n|switch|p2b: Thundurus|Thundurus, M|100\/100\n|switch|p1b: Milotic|Milotic, F|100\/100\n|turn|7\n|\n|t:|1698256675\n|-terastallize|p1a: Wishiwashi|Steel\n|move|p1b: Milotic|Protect|p1b: Milotic\n|-singleturn|p1b: Milotic|Protect\n|move|p2b: Thundurus|Thunder Wave|p1a: Wishiwashi|[miss]\n|-miss|p2b: Thundurus|p1a: Wishiwashi\n|move|p2a: Muk|Poison Jab|p1a: Wishiwashi\n|-immune|p1a: Wishiwashi\n|move|p1a: Wishiwashi|Iron Tail|p2b: Thundurus|[miss]\n|-miss|p1a: Wishiwashi|p2b: Thundurus\n|\n|-heal|p2a: Muk|65\/100|[from] item: Black Sludge\n|-status|p1b: Milotic|brn|[from] item: Flame Orb\n|upkeep\n|turn|8\n|\n|t:|1698256694\n|move|p2b: Thundurus|Thunderbolt|p1b: Milotic\n|-supereffective|p1b: Milotic\n|-damage|p1b: Milotic|41\/100 brn\n|move|p1b: Milotic|Hydro Pump|p2a: Muk\n|-damage|p2a: Muk|32\/100\n|move|p2a: Muk|Drain Punch|p1a: Wishiwashi\n|-supereffective|p1a: Wishiwashi\n|-damage|p1a: Wishiwashi|36\/100\n|-heal|p2a: Muk|47\/100|[from] drain|[of] p1a: Wishiwashi\n|move|p1a: Wishiwashi|Iron Tail|p2b: Thundurus|[miss]\n|-miss|p1a: Wishiwashi|p2b: Thundurus\n|\n|-heal|p2a: Muk|53\/100|[from] item: Black Sludge\n|-damage|p1b: Milotic|35\/100 brn|[from] brn\n|upkeep\n|turn|9\n|\n|t:|1698256714\n|move|p2b: Thundurus|Thunderbolt|p1a: Wishiwashi\n|-damage|p1a: Wishiwashi|0 fnt\n|faint|p1a: Wishiwashi\n|move|p1b: Milotic|Recover|p1b: Milotic\n|-heal|p1b: Milotic|85\/100 brn\n|move|p2a: Muk|Drain Punch|p1b: Milotic\n|-damage|p1b: Milotic|70\/100 brn\n|-heal|p2a: Muk|59\/100|[from] drain|[of] p1b: Milotic\n|\n|-heal|p2a: Muk|65\/100|[from] item: Black Sludge\n|-damage|p1b: Milotic|64\/100 brn|[from] brn\n|upkeep\n|\n|t:|1698256726\n|switch|p1a: Dhelmise|Dhelmise|100\/100\n|turn|10\n|\n|t:|1698256748\n|move|p2b: Thundurus|Thunder Wave|p1a: Dhelmise\n|-status|p1a: Dhelmise|par\n|move|p2a: Muk|Shadow Sneak|p1a: Dhelmise\n|-supereffective|p1a: Dhelmise\n|-damage|p1a: Dhelmise|70\/100 par\n|move|p1b: Milotic|Hydro Pump|p2a: Muk\n|-damage|p2a: Muk|35\/100\n|move|p1a: Dhelmise|Shadow Claw|p2b: Thundurus\n|-damage|p2b: Thundurus|62\/100\n|\n|-heal|p2a: Muk|41\/100|[from] item: Black Sludge\n|-damage|p1b: Milotic|58\/100 brn|[from] brn\n|upkeep\n|turn|11\n|\n|t:|1698256766\n|move|p2b: Thundurus|Thunderbolt|p1b: Milotic\n|-supereffective|p1b: Milotic\n|-damage|p1b: Milotic|0 fnt\n|faint|p1b: Milotic\n|move|p2a: Muk|Poison Jab|p1a: Dhelmise\n|-damage|p1a: Dhelmise|31\/100 par\n|move|p1a: Dhelmise|Anchor Shot|p2b: Thundurus\n|-resisted|p2b: Thundurus\n|-damage|p2b: Thundurus|39\/100\n|-activate|p2b: Thundurus|trapped\n|\n|-heal|p2a: Muk|47\/100|[from] item: Black Sludge\n|upkeep\n|\n|t:|1698256776\n|switch|p1b: Primarina|Primarina, F, shiny|100\/100\n|turn|12\n|\n|t:|1698256792\n|-terastallize|p2b: Thundurus|Electric\n|move|p2b: Thundurus|Thunderbolt|p1b: Primarina\n|-supereffective|p1b: Primarina\n|-damage|p1b: Primarina|41\/100\n|move|p1b: Primarina|Sparkling Aria|p2b: Thundurus|[spread] p1a,p2a,p2b\n|-resisted|p1a: Dhelmise\n|-damage|p1a: Dhelmise|10\/100 par\n|-damage|p2a: Muk|21\/100\n|-damage|p2b: Thundurus|0 fnt\n|faint|p2b: Thundurus\n|move|p2a: Muk|Poison Jab|p1b: Primarina\n|-supereffective|p1b: Primarina\n|-damage|p1b: Primarina|0 fnt\n|faint|p1b: Primarina\n|move|p1a: Dhelmise|Anchor Shot|p2a: Muk\n|-damage|p2a: Muk|0 fnt\n|faint|p2a: Muk\n|\n|upkeep\n|c|\u2606jongus donguss|gg\n|\n|t:|1698256813\n|switch|p2b: Clefairy|Clefairy, F|100\/100\n|turn|13\n|-message|jongus donguss forfeited.\n|\n|win|MermaidSiren\n|raw|MermaidSiren's rating: 1153 &rarr; <strong>1180<\/strong><br \/>(+27 for winning)\n|raw|jongus donguss's rating: 1181 &rarr; <strong>1154<\/strong><br \/>(-27 for losing)\n|l|\u2606jongus donguss\n","uploadtime":1698256844,"views":14,"p1id":"mermaidsiren","p2id":"jongusdonguss","formatid":"gen9nationaldexdoubles","rating":1154,"private":0,"password":""}