{"id":"gen9nationaldexdoubles-1996529465","p1":"Pancake Tuesday","p2":"S1r.sweepsaLot","format":"[Gen 9] National Dex Doubles","log":"|j|\u2606Pancake Tuesday\n|j|\u2606S1r.sweepsaLot\n|t:|1700691040\n|gametype|doubles\n|player|p1|Pancake Tuesday|cynthia|1432\n|player|p2|S1r.sweepsaLot|marshal|1541\n|teamsize|p1|6\n|teamsize|p2|6\n|gen|9\n|tier|[Gen 9] National Dex Doubles\n|rated|\n|rule|HP Percentage Mod: HP is shown in percentages\n|rule|Endless Battle Clause: Forcing endless battles is banned\n|rule|OHKO Clause: OHKO moves are banned\n|rule|Evasion Moves Clause: Evasion moves are banned\n|rule|Evasion Abilities Clause: Evasion abilities are banned\n|rule|Species Clause: Limit one of each Pok\u00e9mon\n|rule|Gravity Sleep Clause: The combination of sleep-inducing moves with imperfect accuracy and Gravity or Gigantamax Orbeetle are banned\n|clearpoke\n|poke|p1|Deoxys-Attack|\n|poke|p1|Tapu Lele|\n|poke|p1|Landorus, M|\n|poke|p1|Zapdos|\n|poke|p1|Dragapult, F|\n|poke|p1|Metagross|\n|poke|p2|Tyranitar, F|\n|poke|p2|Excadrill, M|\n|poke|p2|Togekiss, F|\n|poke|p2|Kommo-o, M|\n|poke|p2|Gholdengo|\n|poke|p2|Incineroar, F|\n|teampreview\n|inactive|Battle timer is ON: inactive players will automatically lose when time's up. (requested by Pancake Tuesday)\n|c|\u2606Pancake Tuesday|glhf\n|c|\u2606S1r.sweepsaLot|glhf\n|\n|t:|1700691065\n|start\n|switch|p1a: Landorus|Landorus, M|100\/100\n|switch|p1b: Zapdos|Zapdos|100\/100\n|switch|p2a: Godzilla|Tyranitar, F|100\/100\n|switch|p2b: Home Depot|Excadrill, M|100\/100\n|-weather|Sandstorm|[from] ability: Sand Stream|[of] p2a: Godzilla\n|turn|1\n|\n|t:|1700691093\n|move|p2b: Home Depot|Protect|p2b: Home Depot\n|-singleturn|p2b: Home Depot|Protect\n|move|p1a: Landorus|Protect|p1a: Landorus\n|-singleturn|p1a: Landorus|Protect\n|move|p1b: Zapdos|Tailwind|p1b: Zapdos\n|-sidestart|p1: Pancake Tuesday|move: Tailwind\n|-zpower|p2a: Godzilla\n|move|p2a: Godzilla|Continental Crush|p1b: Zapdos|[zeffect]\n|-supereffective|p1b: Zapdos\n|-damage|p1b: Zapdos|0 fnt\n|faint|p1b: Zapdos\n|\n|-weather|Sandstorm|[upkeep]\n|upkeep\n|\n|t:|1700691111\n|switch|p1b: Metagross|Metagross|100\/100\n|turn|2\n|\n|t:|1700691129\n|detailschange|p1b: Metagross|Metagross-Mega\n|-mega|p1b: Metagross|Metagross|Metagrossite\n|-terastallize|p2b: Home Depot|Ground\n|move|p1b: Metagross|Meteor Mash|p2a: Godzilla\n|-supereffective|p2a: Godzilla\n|-damage|p2a: Godzilla|0 fnt\n|faint|p2a: Godzilla\n|move|p1a: Landorus|Sandsear Storm|p2b: Home Depot\n|-damage|p2b: Home Depot|0 fnt\n|faint|p2b: Home Depot\n|\n|-weather|Sandstorm|[upkeep]\n|upkeep\n|inactive|S1r.sweepsaLot has 120 seconds left.\n|\n|t:|1700691151\n|switch|p2b: Nala|Incineroar, F|100\/100\n|switch|p2a: Look at Me|Togekiss, F|100\/100\n|-ability|p2b: Nala|Intimidate|boost\n|-unboost|p1a: Landorus|atk|1\n|-unboost|p1b: Metagross|atk|1\n|turn|3\n|\n|t:|1700691168\n|switch|p1b: Tapu Lele|Tapu Lele|100\/100\n|-fieldstart|move: Psychic Terrain|[from] ability: Psychic Surge|[of] p1b: Tapu Lele\n|move|p2b: Nala|Fake Out|p1b: Tapu Lele\n|-activate|p1b: Tapu Lele|move: Psychic Terrain\n|move|p1a: Landorus|Sludge Bomb|p2a: Look at Me\n|-supereffective|p2a: Look at Me\n|-damage|p2a: Look at Me|25\/100\n|move|p2a: Look at Me|Tailwind|p2a: Look at Me\n|-sidestart|p2: S1r.sweepsaLot|move: Tailwind\n|\n|-weather|Sandstorm|[upkeep]\n|-damage|p1b: Tapu Lele|94\/100|[from] Sandstorm\n|-damage|p2b: Nala|94\/100|[from] Sandstorm\n|upkeep\n|turn|4\n|\n|t:|1700691185\n|move|p2a: Look at Me|Helping Hand|p2b: Nala\n|-singleturn|p2b: Nala|Helping Hand|[of] p2a: Look at Me\n|move|p1a: Landorus|Sandsear Storm|p2a: Look at Me|[spread] p2b\n|-immune|p2a: Look at Me\n|-supereffective|p2b: Nala\n|-damage|p2b: Nala|7\/100\n|-enditem|p2b: Nala|Figy Berry|[eat]\n|-heal|p2b: Nala|40\/100|[from] item: Figy Berry\n|move|p1b: Tapu Lele|Psychic|p2a: Look at Me\n|-damage|p2a: Look at Me|0 fnt\n|faint|p2a: Look at Me\n|move|p2b: Nala|Flare Blitz|p1b: Tapu Lele\n|-damage|p1b: Tapu Lele|0 fnt\n|faint|p1b: Tapu Lele\n|-damage|p2b: Nala|18\/100|[from] Recoil\n|\n|-weather|Sandstorm|[upkeep]\n|-damage|p2b: Nala|12\/100|[from] Sandstorm\n|-sideend|p1: Pancake Tuesday|move: Tailwind\n|upkeep\n|\n|t:|1700691204\n|switch|p1b: Deoxys|Deoxys-Attack|100\/100\n|switch|p2a: Concert Speaker|Kommo-o, M|100\/100\n|-ability|p1b: Deoxys|Pressure\n|turn|5\n|\n|t:|1700691217\n|move|p2a: Concert Speaker|Protect|p2a: Concert Speaker\n|-singleturn|p2a: Concert Speaker|Protect\n|move|p1b: Deoxys|Psycho Boost|p2a: Concert Speaker\n|-activate|p2a: Concert Speaker|move: Protect\n|move|p1a: Landorus|Sandsear Storm|p2a: Concert Speaker|[spread] p2b\n|-activate|p2a: Concert Speaker|move: Protect\n|-supereffective|p2b: Nala\n|-damage|p2b: Nala|0 fnt\n|faint|p2b: Nala\n|\n|-weather|none\n|upkeep\n|\n|t:|1700691228\n|switch|p2b: Money Bags|Gholdengo, shiny|100\/100\n|turn|6\n|inactive|S1r.sweepsaLot has 120 seconds left.\n|\n|t:|1700691258\n|move|p2a: Concert Speaker|Clangorous Soul|p2a: Concert Speaker\n|-boost|p2a: Concert Speaker|atk|1\n|-boost|p2a: Concert Speaker|def|1\n|-boost|p2a: Concert Speaker|spa|1\n|-boost|p2a: Concert Speaker|spd|1\n|-boost|p2a: Concert Speaker|spe|1\n|-damage|p2a: Concert Speaker|68\/100\n|-enditem|p2a: Concert Speaker|Throat Spray\n|-boost|p2a: Concert Speaker|spa|1|[from] item: Throat Spray\n|move|p2b: Money Bags|Shadow Ball|p1b: Deoxys\n|-supereffective|p1b: Deoxys\n|-enditem|p1b: Deoxys|Focus Sash\n|-damage|p1b: Deoxys|1\/100\n|move|p1b: Deoxys|Psycho Boost|p2a: Concert Speaker|[miss]\n|-miss|p1b: Deoxys|p2a: Concert Speaker\n|move|p1a: Landorus|Sandsear Storm|p2a: Concert Speaker|[spread] p2a,p2b\n|-supereffective|p2b: Money Bags\n|-damage|p2a: Concert Speaker|20\/100\n|-damage|p2b: Money Bags|0 fnt\n|faint|p2b: Money Bags\n|\n|-sideend|p2: S1r.sweepsaLot|move: Tailwind\n|upkeep\n|turn|7\n|c|\u2606Pancake Tuesday|why do I trust in deoxys lmao\n|inactive|Pancake Tuesday has 120 seconds left.\n|\n|t:|1700691294\n|move|p2a: Concert Speaker|Clanging Scales|p1b: Deoxys|[spread] p1a,p1b\n|-damage|p1a: Landorus|1\/100\n|-damage|p1b: Deoxys|0 fnt\n|faint|p1b: Deoxys\n|-unboost|p2a: Concert Speaker|def|1\n|move|p1a: Landorus|Sandsear Storm|p2a: Concert Speaker|[miss]\n|-miss|p1a: Landorus|p2a: Concert Speaker\n|\n|-fieldend|move: Psychic Terrain\n|upkeep\n|c|\u2606S1r.sweepsaLot|fuck\n|c|\u2606S1r.sweepsaLot|waut\n|\n|t:|1700691303\n|switch|p1b: Metagross|Metagross-Mega|100\/100\n|turn|8\n|c|\u2606S1r.sweepsaLot|bullet punch kills gg\n|c|\u2606Pancake Tuesday|ggs\n|\n|t:|1700691328\n|move|p1b: Metagross|Bullet Punch|p2a: Concert Speaker\n|-damage|p2a: Concert Speaker|0 fnt\n|faint|p2a: Concert Speaker\n|\n|win|Pancake Tuesday\n|raw|Pancake Tuesday's rating: 1432 &rarr; <strong>1458<\/strong><br \/>(+26 for winning)\n|raw|S1r.sweepsaLot's rating: 1541 &rarr; <strong>1515<\/strong><br \/>(-26 for losing)\n|c|\u2606S1r.sweepsaLot|ggs\n|c|\u2606S1r.sweepsaLot|didnt think excadrill would die to sandsear stomr\n|c|\u2606Pancake Tuesday|like fr\n|c|\u2606Pancake Tuesday|It's spd was letting down\n|c|\u2606S1r.sweepsaLot|cant wait for him to have ice spinner\n|c|\u2606S1r.sweepsaLot|most likely he'll get it because he has rapid spin\n|c|\u2606Pancake Tuesday|lmao true tho. maybe that will be enough for it be OU\n|c|\u2606S1r.sweepsaLot|fax\n|c|\u2606Pancake Tuesday|ggs have a great day\n|c|\u2606S1r.sweepsaLot|u 2\n","uploadtime":1700691538,"views":7,"p1id":"pancaketuesday","p2id":"s1rsweepsalot","formatid":"gen9nationaldexdoubles","rating":1458,"private":0,"password":""}