{"id":"gen9nationaldexdoubles-1979945895","p1":"Old McBruh","p2":"Cosmicdom96","format":"[Gen 9] National Dex Doubles","log":"|j|\u2606Old McBruh\n|j|\u2606Cosmicdom96\n|t:|1698734502\n|gametype|doubles\n|player|p1|Old McBruh|colress|1465\n|player|p2|Cosmicdom96|dancer|1361\n|teamsize|p1|6\n|teamsize|p2|6\n|gen|9\n|tier|[Gen 9] National Dex Doubles\n|rated|\n|rule|HP Percentage Mod: HP is shown in percentages\n|rule|Endless Battle Clause: Forcing endless battles is banned\n|rule|OHKO Clause: OHKO moves are banned\n|rule|Evasion Moves Clause: Evasion moves are banned\n|rule|Evasion Abilities Clause: Evasion abilities are banned\n|rule|Species Clause: Limit one of each Pok\u00e9mon\n|rule|Gravity Sleep Clause: The combination of sleep-inducing moves with imperfect accuracy and Gravity or Gigantamax Orbeetle are banned\n|clearpoke\n|poke|p1|Ninetales-Alola, F|\n|poke|p1|Zygarde|\n|poke|p1|Zamazenta-*|\n|poke|p1|Incineroar, M|\n|poke|p1|Whimsicott, F|\n|poke|p1|Cresselia, F|\n|poke|p2|Excadrill, F|\n|poke|p2|Togekiss, M|\n|poke|p2|Quaquaval, M|\n|poke|p2|Chandelure, M|\n|poke|p2|Lopunny, F|\n|poke|p2|Ninetales-Alola, F|\n|teampreview\n|inactive|Battle timer is ON: inactive players will automatically lose when time's up. (requested by Cosmicdom96)\n|c|\u2606Old McBruh|hello\n|c|\u2606Old McBruh|glhf\n|\n|t:|1698734528\n|start\n|switch|p1a: Shane Dawson|Incineroar, M|100\/100\n|switch|p1b: Annoying Fluffball|Whimsicott, F|100\/100\n|switch|p2a: Lopunny|Lopunny, F|100\/100\n|switch|p2b: Ninetales|Ninetales-Alola, F|100\/100\n|-weather|Snow|[from] ability: Snow Warning|[of] p2b: Ninetales\n|-ability|p1a: Shane Dawson|Intimidate|boost\n|-unboost|p2a: Lopunny|atk|1\n|-unboost|p2b: Ninetales|atk|1\n|turn|1\n|\n|t:|1698734552\n|detailschange|p2a: Lopunny|Lopunny-Mega, F\n|-mega|p2a: Lopunny|Lopunny|Lopunnite\n|move|p2a: Lopunny|Fake Out|p1a: Shane Dawson\n|-damage|p1a: Shane Dawson|85\/100\n|cant|p1a: Shane Dawson|flinch\n|move|p1b: Annoying Fluffball|Tailwind|p1b: Annoying Fluffball\n|-sidestart|p1: Old McBruh|move: Tailwind\n|move|p2b: Ninetales|Blizzard|p1b: Annoying Fluffball|[spread] p1a,p1b\n|-resisted|p1a: Shane Dawson\n|-supereffective|p1b: Annoying Fluffball\n|-crit|p1b: Annoying Fluffball\n|-damage|p1a: Shane Dawson|75\/100\n|-damage|p1b: Annoying Fluffball|0 fnt\n|faint|p1b: Annoying Fluffball\n|\n|-weather|Snow|[upkeep]\n|upkeep\n|\n|t:|1698734563\n|switch|p1b: Revolver Ocelot|Zamazenta|100\/100\n|-ability|p1b: Revolver Ocelot|Dauntless Shield|boost\n|-boost|p1b: Revolver Ocelot|def|1\n|turn|2\n|\n|t:|1698734583\n|switch|p2a: Togekiss|Togekiss, M|100\/100\n|-terastallize|p2b: Ninetales|Water\n|move|p1b: Revolver Ocelot|Heavy Slam|p2b: Ninetales\n|-resisted|p2b: Ninetales\n|-damage|p2b: Ninetales|80\/100\n|move|p2b: Ninetales|Aurora Veil|p2b: Ninetales\n|-sidestart|p2: Cosmicdom96|move: Aurora Veil\n|move|p1a: Shane Dawson|Parting Shot|p2a: Togekiss\n|-unboost|p2a: Togekiss|atk|1\n|-unboost|p2a: Togekiss|spa|1\n|\n|t:|1698734589\n|switch|p1a: Frozen 3|Ninetales-Alola, F|100\/100|[from] Parting Shot\n|\n|-weather|Snow|[upkeep]\n|upkeep\n|turn|3\n|\n|t:|1698734616\n|switch|p1b: Shane Dawson|Incineroar, M|75\/100\n|-ability|p1b: Shane Dawson|Intimidate|boost\n|-unboost|p2a: Togekiss|atk|1\n|-unboost|p2b: Ninetales|atk|1\n|switch|p2b: Excadrill|Excadrill, F|100\/100\n|-ability|p2b: Excadrill|Mold Breaker\n|move|p1a: Frozen 3|Aurora Veil|p1a: Frozen 3\n|-sidestart|p1: Old McBruh|move: Aurora Veil\n|move|p2a: Togekiss|Air Slash|p1a: Frozen 3|[miss]\n|-miss|p2a: Togekiss|p1a: Frozen 3\n|\n|-weather|Snow|[upkeep]\n|upkeep\n|turn|4\n|\n|t:|1698734639\n|move|p2a: Togekiss|Follow Me|p2a: Togekiss\n|-singleturn|p2a: Togekiss|move: Follow Me\n|move|p1a: Frozen 3|Encore|p2a: Togekiss\n|-start|p2a: Togekiss|Encore\n|move|p1b: Shane Dawson|Parting Shot|p2a: Togekiss\n|-unboost|p2a: Togekiss|atk|1\n|-unboost|p2a: Togekiss|spa|1\n|\n|t:|1698734647\n|switch|p1b: Big Boss|Zygarde|100\/100|[from] Parting Shot\n|-ability|p1b: Big Boss|Aura Break\n|-zpower|p2b: Excadrill\n|move|p2b: Excadrill|Tectonic Rage|p1b: Big Boss|[zeffect]\n|-damage|p1b: Big Boss|63\/100\n|\n|-weather|Snow|[upkeep]\n|-sideend|p1: Old McBruh|move: Tailwind\n|upkeep\n|turn|5\n|\n|t:|1698734671\n|switch|p1a: Shane Dawson|Incineroar, M|75\/100\n|-ability|p1a: Shane Dawson|Intimidate|boost\n|-unboost|p2a: Togekiss|atk|1\n|-unboost|p2b: Excadrill|atk|1\n|move|p2a: Togekiss|Follow Me|p2a: Togekiss\n|-singleturn|p2a: Togekiss|move: Follow Me\n|move|p2b: Excadrill|Iron Head|p1b: Big Boss\n|-damage|p1b: Big Boss|49\/100\n|move|p1b: Big Boss|Dragon Dance|p1b: Big Boss\n|-boost|p1b: Big Boss|atk|1\n|-boost|p1b: Big Boss|spe|1\n|\n|-weather|none\n|upkeep\n|turn|6\n|inactive|Cosmicdom96 has 120 seconds left.\n|\n|t:|1698734706\n|switch|p2b: Ninetales|Ninetales-Alola, F, tera:Water|80\/100\n|-weather|Snow|[from] ability: Snow Warning|[of] p2b: Ninetales\n|switch|p2a: Lopunny|Lopunny-Mega, F|100\/100\n|switch|p1a: EVA|Cresselia, F|100\/100\n|move|p1b: Big Boss|Dragon Dance|p1b: Big Boss\n|-boost|p1b: Big Boss|atk|1\n|-boost|p1b: Big Boss|spe|1\n|\n|-weather|Snow|[upkeep]\n|upkeep\n|turn|7\n|\n|t:|1698734729\n|move|p1b: Big Boss|Protect|p1b: Big Boss\n|-singleturn|p1b: Big Boss|Protect\n|move|p2a: Lopunny|Fake Out|p1b: Big Boss\n|-activate|p1b: Big Boss|move: Protect\n|move|p2b: Ninetales|Blizzard|p1b: Big Boss|[spread] p1a\n|-activate|p1b: Big Boss|move: Protect\n|-damage|p1a: EVA|89\/100\n|move|p1a: EVA|Lunar Blessing|p1a: EVA|[spread] p1a,p1b\n|-heal|p1a: EVA|100\/100\n|-heal|p1b: Big Boss|74\/100\n|\n|-weather|Snow|[upkeep]\n|upkeep\n|turn|8\n|inactive|Cosmicdom96 has 120 seconds left.\n|\n|t:|1698734759\n|switch|p2a: Excadrill|Excadrill, F|100\/100\n|-ability|p2a: Excadrill|Mold Breaker\n|-terastallize|p1b: Big Boss|Normal\n|move|p1a: EVA|Ally Switch|p1a: EVA\n|swap|p1a: EVA|1|[from] move: Ally Switch\n|move|p1a: Big Boss|Dragon Dance|p1a: Big Boss\n|-boost|p1a: Big Boss|atk|1\n|-boost|p1a: Big Boss|spe|1\n|move|p2b: Ninetales|Blizzard|p1a: Big Boss|[spread] p1a,p1b\n|-damage|p1a: Big Boss|57\/100\n|-damage|p1b: EVA|90\/100\n|\n|-weather|Snow|[upkeep]\n|upkeep\n|turn|9\n|\n|t:|1698734781\n|move|p2b: Ninetales|Protect|p2b: Ninetales\n|-singleturn|p2b: Ninetales|Protect\n|move|p1a: Big Boss|Dragon Dance|p1a: Big Boss\n|-boost|p1a: Big Boss|atk|1\n|-boost|p1a: Big Boss|spe|1\n|move|p2a: Excadrill|Stealth Rock|p1a: Big Boss\n|-sidestart|p1: Old McBruh|move: Stealth Rock\n|move|p1b: EVA|Lunar Blessing|p1b: EVA|[spread] p1a,p1b\n|-heal|p1a: Big Boss|82\/100\n|-heal|p1b: EVA|100\/100\n|\n|-weather|Snow|[upkeep]\n|-sideend|p2: Cosmicdom96|move: Aurora Veil\n|upkeep\n|turn|10\n|inactive|Cosmicdom96 has 120 seconds left.\n|\n|t:|1698734821\n|switch|p2b: Chandelure|Chandelure, M|100\/100\n|switch|p2a: Quaquaval|Quaquaval, M|100\/100\n|switch|p1b: Revolver Ocelot|Zamazenta|100\/100\n|-damage|p1b: Revolver Ocelot|94\/100|[from] Stealth Rock\n|move|p1a: Big Boss|Thousand Arrows|p2a: Quaquaval|[spread] p2a,p2b\n|-supereffective|p2b: Chandelure\n|-damage|p2a: Quaquaval|0 fnt\n|-damage|p2b: Chandelure|0 fnt\n|faint|p2a: Quaquaval\n|faint|p2b: Chandelure\n|\n|-weather|none\n|-sideend|p1: Old McBruh|move: Aurora Veil\n|upkeep\n|\n|t:|1698734843\n|switch|p2a: Lopunny|Lopunny-Mega, F|100\/100\n|switch|p2b: Togekiss|Togekiss, M|100\/100\n|turn|11\n|inactive|Cosmicdom96 has 120 seconds left.\n|\n|t:|1698734864\n|move|p1a: Big Boss|Protect|p1a: Big Boss\n|-singleturn|p1a: Big Boss|Protect\n|move|p1b: Revolver Ocelot|Body Press|p2a: Lopunny\n|-supereffective|p2a: Lopunny\n|-damage|p2a: Lopunny|16\/100\n|move|p2a: Lopunny|Close Combat|p1b: Revolver Ocelot\n|-damage|p1b: Revolver Ocelot|48\/100\n|-unboost|p2a: Lopunny|def|1\n|-unboost|p2a: Lopunny|spd|1\n|move|p2b: Togekiss|Tailwind|p2b: Togekiss\n|-sidestart|p2: Cosmicdom96|move: Tailwind\n|\n|upkeep\n|turn|12\n|inactive|Cosmicdom96 has 120 seconds left.\n|\n|t:|1698734883\n|move|p1a: Big Boss|Extreme Speed|p2a: Lopunny\n|-damage|p2a: Lopunny|0 fnt\n|faint|p2a: Lopunny\n|move|p2b: Togekiss|Air Slash|p1a: Big Boss\n|-damage|p1a: Big Boss|50\/100\n|move|p1b: Revolver Ocelot|Heavy Slam|p2b: Togekiss\n|-supereffective|p2b: Togekiss\n|-crit|p2b: Togekiss\n|-damage|p2b: Togekiss|15\/100\n|\n|-heal|p2b: Togekiss|22\/100|[from] item: Leftovers\n|upkeep\n|inactive|Cosmicdom96 has 120 seconds left.\n|\n|t:|1698734896\n|switch|p2a: Ninetales|Ninetales-Alola, F, tera:Water|80\/100\n|-weather|Snow|[from] ability: Snow Warning|[of] p2a: Ninetales\n|turn|13\n|\n|t:|1698734906\n|move|p1a: Big Boss|Extreme Speed|p2a: Ninetales\n|-damage|p2a: Ninetales|0 fnt\n|faint|p2a: Ninetales\n|move|p2b: Togekiss|Air Slash|p1a: Big Boss\n|-damage|p1a: Big Boss|18\/100\n|move|p1b: Revolver Ocelot|Heavy Slam|p2b: Togekiss\n|-supereffective|p2b: Togekiss\n|-damage|p2b: Togekiss|0 fnt\n|faint|p2b: Togekiss\n|\n|-weather|Snow|[upkeep]\n|upkeep\n|\n|t:|1698734919\n|switch|p2b: Excadrill|Excadrill, F|100\/100\n|-ability|p2b: Excadrill|Mold Breaker\n|turn|14\n|\n|t:|1698734925\n|move|p1a: Big Boss|Protect|p1a: Big Boss\n|-singleturn|p1a: Big Boss|Protect\n|move|p2b: Excadrill|Drill Run|p1a: Big Boss\n|-activate|p1a: Big Boss|move: Protect\n|move|p1b: Revolver Ocelot|Coaching|p1a: Big Boss\n|-boost|p1a: Big Boss|atk|1\n|-boost|p1a: Big Boss|def|1\n|\n|-weather|Snow|[upkeep]\n|-sideend|p2: Cosmicdom96|move: Tailwind\n|upkeep\n|turn|15\n|\n|t:|1698734937\n|move|p1a: Big Boss|Thousand Arrows|p2b: Excadrill\n|-supereffective|p2b: Excadrill\n|-damage|p2b: Excadrill|0 fnt\n|faint|p2b: Excadrill\n|\n|win|Old McBruh\n|raw|Old McBruh's rating: 1465 &rarr; <strong>1479<\/strong><br \/>(+14 for winning)\n|raw|Cosmicdom96's rating: 1361 &rarr; <strong>1347<\/strong><br \/>(-14 for losing)\n|c|\u2606Old McBruh|gg\n|c|\u2606Cosmicdom96|Gg\n|c|\u2606Cosmicdom96|Isn't that banned?\n|c|\u2606Old McBruh|nice team\n|c|\u2606Old McBruh|what is?\n|c|\u2606Old McBruh|Zygarde?\n|c|\u2606Cosmicdom96|Asking cuz I'm still new\n|c|\u2606Old McBruh|nah\n|c|\u2606Old McBruh|also, would u like to join the NDDOU cord?\n|c|\u2606Cosmicdom96|Cool cool\n|c|\u2606Cosmicdom96|What's that?\n|c|\u2606Old McBruh|the discord for nddou\n|c|\u2606Cosmicdom96|Not sure what nddou means, sorry\n|c|\u2606Old McBruh|national dex doubles, this tier\n|c|\u2606Cosmicdom96|Ah I see\n|c|\u2606Cosmicdom96|I think I'm ok, I'm really just doing this for fun haha\n|c|\u2606Cosmicdom96|But thanks!\n|c|\u2606Old McBruh|ah ok\n|c|\u2606Old McBruh|understandable\n|c|\u2606Old McBruh|anyways, ggwp\n|c|\u2606Old McBruh|and have fun with the ormat!\n|c|\u2606Old McBruh|format*\n|c|\u2606Cosmicdom96|Thanks u2!\n|c|\u2606Cosmicdom96|Oh\n|c|\u2606Old McBruh|what?\n|c|\u2606Cosmicdom96|What do you think of my team? I'm just really using mons I like, but anything advice?\n|c|\u2606Cosmicdom96|*any\n|c|\u2606Old McBruh|is the team buit around facilitating Chandelure and Exca?\n|c|\u2606Old McBruh|with Calm Mind and Swords Dance respectively\n|c|\u2606Old McBruh|also Quaquaval\n|c|\u2606Cosmicdom96|No, mostly just support so Lopunny and Quaquaval can sweep\n|c|\u2606Old McBruh|what is the lopunny set?\n|c|\u2606Cosmicdom96|And the others fill in where the lack\n|c|\u2606Cosmicdom96|Fake out, quick attack, CC, and return\n|c|\u2606Cosmicdom96|Jolly, max in speed and attack\n|c|\u2606Old McBruh|that set for lopunny is mostly for breaking offensive mons\n|c|\u2606Old McBruh|it doesn't really sweep\n|c|\u2606Cosmicdom96|Ah ok\n|c|\u2606Old McBruh|I can see a SD+Rapid Spin set for Exca tho\n|c|\u2606Old McBruh|boost the atk and speed\n|c|\u2606Old McBruh|and launch Devastating EQs\/High Horsepowers\n|c|\u2606Old McBruh|and u can still run Z if u wanna nuke early\n|c|\u2606Old McBruh|btw, do u mind sending a pokepaste of the team?\n|c|\u2606Cosmicdom96|That sounds good!\n|c|\u2606Old McBruh|wanted to ask the teambuilding guys in nddou cord\n|c|\u2606Cosmicdom96|How do I do that?\n|c|\u2606Old McBruh|choose the team in teambuilder\n|c|\u2606Old McBruh|then go down to the bottom\n|c|\u2606Old McBruh|there should be an option to upload to pokepaste\n|c|\u2606Cosmicdom96|Ok!\n|c|\u2606Old McBruh|tell if u were able to do it\n|l|\u2606Cosmicdom96\n","uploadtime":1698735575,"views":10,"p1id":"oldmcbruh","p2id":"cosmicdom96","formatid":"gen9nationaldexdoubles","rating":1347,"private":0,"password":""}