{"id":"gen9nationaldexdoubles-1970080095","p1":"lxvliiz","p2":"The Fucko","format":"[Gen 9] National Dex Doubles","log":"|j|\u2606lxvliiz\n|j|\u2606The Fucko\n|t:|1697592096\n|gametype|doubles\n|player|p1|lxvliiz|gambler|1154\n|player|p2|The Fucko|swimmer-gen4dp|1050\n|teamsize|p1|6\n|teamsize|p2|6\n|gen|9\n|tier|[Gen 9] National Dex Doubles\n|rated|\n|rule|HP Percentage Mod: HP is shown in percentages\n|rule|Endless Battle Clause: Forcing endless battles is banned\n|rule|OHKO Clause: OHKO moves are banned\n|rule|Evasion Moves Clause: Evasion moves are banned\n|rule|Evasion Abilities Clause: Evasion abilities are banned\n|rule|Species Clause: Limit one of each Pok\u00e9mon\n|rule|Gravity Sleep Clause: The combination of sleep-inducing moves with imperfect accuracy and Gravity or Gigantamax Orbeetle are banned\n|clearpoke\n|poke|p1|Nidoking, M|\n|poke|p1|Ogerpon-Cornerstone, F|\n|poke|p1|Eevee, M|\n|poke|p1|Volcarona, F|\n|poke|p1|Mr. Mime, F|\n|poke|p1|Hoopa-Unbound|\n|poke|p2|Garganacl, M|\n|poke|p2|Iron Valiant|\n|poke|p2|Pikachu-Unova, M|\n|poke|p2|Clodsire, F|\n|poke|p2|Dusclops, M|\n|poke|p2|Thundurus, M|\n|teampreview\n|\n|t:|1697592099\n|start\n|switch|p1a: testing1|Eevee, M|100\/100\n|switch|p1b: testing2|Ogerpon-Cornerstone, F|100\/100\n|switch|p2a: length x width|Garganacl, M|100\/100\n|switch|p2b: nopeify|Iron Valiant|100\/100\n|turn|1\n|\n|t:|1697592112\n|-terastallize|p1b: testing2|Rock\n|detailschange|p1b: testing2|Ogerpon-Cornerstone-Tera, F, tera:Rock\n|-ability|p1b: testing2|Embody Aspect (Cornerstone)|boost\n|-boost|p1b: testing2|def|1\n|-terastallize|p2a: length x width|Fighting\n|move|p1b: testing2|Follow Me|p1b: testing2\n|-singleturn|p1b: testing2|move: Follow Me\n|move|p2b: nopeify|Drain Punch|p1b: testing2\n|-supereffective|p1b: testing2\n|-damage|p1b: testing2|43\/100\n|-zpower|p1a: testing1\n|move|p1a: testing1|Extreme Evoboost|p1a: testing1\n|-boost|p1a: testing1|atk|2\n|-boost|p1a: testing1|def|2\n|-boost|p1a: testing1|spa|2\n|-boost|p1a: testing1|spd|2\n|-boost|p1a: testing1|spe|2\n|move|p2a: length x width|Body Press|p1b: testing2\n|-supereffective|p1b: testing2\n|-damage|p1b: testing2|0 fnt\n|faint|p1b: testing2\n|\n|upkeep\n|\n|t:|1697592129\n|switch|p1b: testing4|Volcarona, F|100\/100\n|turn|2\n|\n|t:|1697592137\n|move|p1b: testing4|Rage Powder|p1b: testing4\n|-singleturn|p1b: testing4|move: Rage Powder\n|move|p2b: nopeify|Drain Punch|p1b: testing4\n|-resisted|p1b: testing4\n|-damage|p1b: testing4|80\/100\n|move|p1a: testing1|Baton Pass|p1a: testing1\n|\n|t:|1697592143\n|switch|p1a: Hoopa|Hoopa-Unbound|100\/100|[from] Baton Pass\n|move|p2a: length x width|Curse|p2a: length x width\n|-unboost|p2a: length x width|spe|1\n|-boost|p2a: length x width|atk|1\n|-boost|p2a: length x width|def|1\n|\n|upkeep\n|turn|3\n|\n|t:|1697592155\n|move|p2b: nopeify|Wide Guard|p2b: nopeify\n|-singleturn|p2b: nopeify|Wide Guard\n|move|p1b: testing4|Rage Powder|p1b: testing4\n|-singleturn|p1b: testing4|move: Rage Powder\n|move|p1a: Hoopa|Gunk Shot|p2b: nopeify\n|-supereffective|p2b: nopeify\n|-damage|p2b: nopeify|0 fnt\n|faint|p2b: nopeify\n|-end|p2b: nopeify|Quark Drive|[silent]\n|move|p2a: length x width|Body Press|p1b: testing4\n|-resisted|p1b: testing4\n|-damage|p1b: testing4|42\/100\n|\n|upkeep\n|\n|t:|1697592168\n|switch|p2b: warg?|Clodsire, F|100\/100\n|turn|4\n|c|\u2606The Fucko|warg?\n|\n|t:|1697592194\n|move|p2a: length x width|Protect|p2a: length x width\n|-singleturn|p2a: length x width|Protect\n|move|p1b: testing4|Rage Powder|p1b: testing4\n|-singleturn|p1b: testing4|move: Rage Powder\n|move|p1a: Hoopa|Zen Headbutt|p2b: warg?|[miss]\n|-miss|p1a: Hoopa|p2b: warg?\n|move|p2b: warg?|Haze|p2b: warg?\n|-clearallboost\n|\n|upkeep\n|turn|5\n|c|\u2606lxvliiz|damn\n|\n|t:|1697592209\n|move|p1a: Hoopa|Zen Headbutt|p2b: warg?\n|-supereffective|p2b: warg?\n|-damage|p2b: warg?|0 fnt\n|faint|p2b: warg?\n|move|p1b: testing4|Roost|p1b: testing4\n|-heal|p1b: testing4|92\/100\n|-singleturn|p1b: testing4|move: Roost\n|move|p2a: length x width|Curse|p2a: length x width\n|-unboost|p2a: length x width|spe|1\n|-boost|p2a: length x width|atk|1\n|-boost|p2a: length x width|def|1\n|\n|upkeep\n|\n|t:|1697592218\n|switch|p2b: Viable|Pikachu-Unova, M|100\/100\n|turn|6\n|\n|t:|1697592229\n|move|p2b: Viable|Light Screen|p2b: Viable\n|-sidestart|p2: The Fucko|move: Light Screen\n|move|p1a: Hoopa|Zen Headbutt|p2a: length x width\n|-supereffective|p2a: length x width\n|-damage|p2a: length x width|56\/100\n|-item|p1a: Hoopa|Leftovers|[from] ability: Magician|[of] p2a: length x width\n|move|p1b: testing4|Tailwind|p1b: testing4\n|-sidestart|p1: lxvliiz|move: Tailwind\n|move|p2a: length x width|Body Press|p1b: testing4\n|-resisted|p1b: testing4\n|-damage|p1b: testing4|55\/100\n|\n|upkeep\n|turn|7\n|\n|t:|1697592255\n|move|p1b: testing4|Rage Powder|p1b: testing4\n|-singleturn|p1b: testing4|move: Rage Powder\n|move|p1a: Hoopa|Zen Headbutt|p2a: length x width\n|-supereffective|p2a: length x width\n|-crit|p2a: length x width\n|-damage|p2a: length x width|0 fnt\n|faint|p2a: length x width\n|move|p2b: Viable|Toxic|p1b: testing4\n|-status|p1b: testing4|tox\n|\n|-damage|p1b: testing4|49\/100 tox|[from] psn\n|upkeep\n|\n|t:|1697592264\n|switch|p2a: speed|Dusclops, M|100\/100\n|-ability|p2a: speed|Pressure\n|turn|8\n|\n|t:|1697592274\n|move|p1b: testing4|Rage Powder|p1b: testing4\n|-singleturn|p1b: testing4|move: Rage Powder\n|move|p1a: Hoopa|Hyperspace Fury|p2a: speed\n|-supereffective|p2a: speed\n|-damage|p2a: speed|21\/100\n|-unboost|p1a: Hoopa|def|1\n|move|p2b: Viable|Thunderbolt|p1b: testing4\n|-damage|p1b: testing4|15\/100 tox\n|-enditem|p1b: testing4|Wiki Berry|[eat]\n|-heal|p1b: testing4|48\/100 tox|[from] item: Wiki Berry\n|move|p2a: speed|Trick Room|p2a: speed\n|-fieldstart|move: Trick Room|[of] p2a: speed\n|\n|-damage|p1b: testing4|36\/100 tox|[from] psn\n|upkeep\n|turn|9\n|\n|t:|1697592299\n|move|p1b: testing4|Rage Powder|p1b: testing4\n|-singleturn|p1b: testing4|move: Rage Powder\n|move|p2a: speed|Fire Punch|p1b: testing4\n|-damage|p1b: testing4|16\/100 tox\n|move|p2b: Viable|Thunderbolt|p1b: testing4\n|-damage|p1b: testing4|0 fnt\n|faint|p1b: testing4\n|move|p1a: Hoopa|Hyperspace Fury|p2a: speed\n|-supereffective|p2a: speed\n|-damage|p2a: speed|0 fnt\n|-unboost|p1a: Hoopa|def|1\n|faint|p2a: speed\n|\n|-sideend|p1: lxvliiz|move: Tailwind\n|upkeep\n|\n|t:|1697592314\n|switch|p2a: Thundurus|Thundurus, M|100\/100\n|switch|p1b: Mr. Mime|Mr. Mime, F|100\/100\n|turn|10\n|\n|t:|1697592325\n|move|p1b: Mr. Mime|Follow Me|p1b: Mr. Mime\n|-singleturn|p1b: Mr. Mime|move: Follow Me\n|move|p2a: Thundurus|Taunt|p1b: Mr. Mime\n|-start|p1b: Mr. Mime|move: Taunt\n|move|p1a: Hoopa|Zen Headbutt|p2a: Thundurus\n|-damage|p2a: Thundurus|26\/100\n|move|p2b: Viable|Thunderbolt|p1b: Mr. Mime\n|-damage|p1b: Mr. Mime|47\/100\n|\n|-heal|p2a: Thundurus|32\/100|[from] item: Leftovers\n|-sideend|p2: The Fucko|move: Light Screen\n|upkeep\n|turn|11\n|\n|t:|1697592337\n|move|p1a: Hoopa|Zen Headbutt|p2b: Viable\n|-damage|p2b: Viable|0 fnt\n|faint|p2b: Viable\n|move|p1b: Mr. Mime|Dazzling Gleam|p2a: Thundurus\n|-damage|p2a: Thundurus|0 fnt\n|faint|p2a: Thundurus\n|\n|win|lxvliiz\n|raw|lxvliiz's rating: 1154 &rarr; <strong>1172<\/strong><br \/>(+18 for winning)\n|raw|The Fucko's rating: 1050 &rarr; <strong>1038<\/strong><br \/>(-12 for losing)\n|c|\u2606The Fucko|bruh\n|l|\u2606The Fucko\n|c|\u2606lxvliiz|gg\n","uploadtime":1697592373,"views":3,"p1id":"lxvliiz","p2id":"thefucko","formatid":"gen9nationaldexdoubles","rating":1038,"private":0,"password":""}