{"id":"gen9nationaldexdoubles-1995540584","p1":"Monterraverde","p2":"caswra","format":"[Gen 9] National Dex Doubles","log":"|j|\u2606Monterraverde\n|j|\u2606caswra\n|t:|1700581187\n|gametype|doubles\n|player|p1|Monterraverde|rika|\n|player|p2|caswra|101|\n|teamsize|p1|6\n|teamsize|p2|6\n|gen|9\n|tier|[Gen 9] National Dex Doubles\n|rule|HP Percentage Mod: HP is shown in percentages\n|rule|Endless Battle Clause: Forcing endless battles is banned\n|rule|OHKO Clause: OHKO moves are banned\n|rule|Evasion Moves Clause: Evasion moves are banned\n|rule|Evasion Abilities Clause: Evasion abilities are banned\n|rule|Species Clause: Limit one of each Pok\u00e9mon\n|rule|Gravity Sleep Clause: The combination of sleep-inducing moves with imperfect accuracy and Gravity or Gigantamax Orbeetle are banned\n|clearpoke\n|poke|p1|Garchomp, M|\n|poke|p1|Tyranitar, M|\n|poke|p1|Clodsire, M|\n|poke|p1|Excadrill, M|\n|poke|p1|Great Tusk|\n|poke|p1|Gliscor, M|\n|poke|p2|Venusaur, M|\n|poke|p2|Pikachu, F|\n|poke|p2|Blastoise, M|\n|poke|p2|Snorlax, F|\n|poke|p2|Lapras, M|\n|poke|p2|Charizard, F|\n|teampreview\n|\n|t:|1700581274\n|start\n|switch|p1a: Fafnir|Tyranitar, M|100\/100\n|switch|p1b: Bappy|Clodsire, M|100\/100\n|switch|p2a: Lightning|Pikachu, F|100\/100\n|switch|p2b: Opera|Lapras, M|100\/100\n|-weather|Sandstorm|[from] ability: Sand Stream|[of] p1a: Fafnir\n|turn|1\n|\n|t:|1700581305\n|move|p2a: Lightning|Surf|p1a: Fafnir|[spread] p1a\n|-immune|p2b: Opera|[from] ability: Water Absorb\n|-immune|p1b: Bappy|[from] ability: Water Absorb\n|-supereffective|p1a: Fafnir\n|-damage|p1a: Fafnir|78\/100\n|move|p1a: Fafnir|Thunder Punch|p2a: Lightning\n|-activate|p2a: Lightning|ability: Lightning Rod\n|-ability|p2a: Lightning|Lightning Rod|boost\n|-boost|p2a: Lightning|spa|1\n|move|p2b: Opera|Rain Dance|p2b: Opera\n|-weather|RainDance\n|move|p1b: Bappy|Toxic Spikes|p2a: Lightning\n|-sidestart|p2: caswra|move: Toxic Spikes\n|\n|-weather|RainDance|[upkeep]\n|upkeep\n|turn|2\n|\n|t:|1700581328\n|move|p2a: Lightning|Surf|p1a: Fafnir|[spread] p1a\n|-immune|p2b: Opera|[from] ability: Water Absorb\n|-immune|p1b: Bappy|[from] ability: Water Absorb\n|-supereffective|p1a: Fafnir\n|-damage|p1a: Fafnir|0 fnt\n|faint|p1a: Fafnir\n|move|p2b: Opera|Ice Beam|p1b: Bappy\n|-supereffective|p1b: Bappy\n|-damage|p1b: Bappy|48\/100\n|move|p1b: Bappy|Toxic Spikes|p2b: Opera\n|-sidestart|p2: caswra|move: Toxic Spikes\n|\n|-weather|RainDance|[upkeep]\n|-heal|p1b: Bappy|55\/100|[from] item: Black Sludge\n|upkeep\n|\n|t:|1700581343\n|switch|p1a: Gremlin|Gliscor, M|100\/100\n|turn|3\n|\n|t:|1700581358\n|move|p2a: Lightning|Surf|p1a: Gremlin|[spread] p1a\n|-immune|p2b: Opera|[from] ability: Water Absorb\n|-heal|p1b: Bappy|80\/100|[from] ability: Water Absorb|[of] p2a: Lightning\n|-supereffective|p1a: Gremlin\n|-damage|p1a: Gremlin|0 fnt\n|faint|p1a: Gremlin\n|move|p2b: Opera|Ice Beam|p1b: Bappy\n|-supereffective|p1b: Bappy\n|-damage|p1b: Bappy|27\/100\n|move|p1b: Bappy|Earthquake|p2b: Opera|[spread] p2a,p2b\n|-supereffective|p2a: Lightning\n|-damage|p2a: Lightning|0 fnt\n|-damage|p2b: Opera|76\/100\n|faint|p2a: Lightning\n|\n|-weather|RainDance|[upkeep]\n|-heal|p1b: Bappy|34\/100|[from] item: Black Sludge\n|upkeep\n|\n|t:|1700581378\n|switch|p2a: Baba|Venusaur, M|100\/100\n|switch|p1a: Kamina|Excadrill, M|100\/100\n|-sideend|p2: caswra|move: Toxic Spikes|[of] p2a: Baba\n|turn|4\n|\n|t:|1700581406\n|move|p1a: Kamina|Iron Head|p2b: Opera\n|-damage|p2b: Opera|13\/100\n|move|p2a: Baba|Leech Seed|p1b: Bappy\n|-start|p1b: Bappy|move: Leech Seed\n|cant|p2b: Opera|flinch\n|move|p1b: Bappy|Earthquake|p2a: Baba|[spread] p1a,p2a,p2b\n|-supereffective|p1a: Kamina\n|-damage|p1a: Kamina|9\/100\n|-damage|p2a: Baba|76\/100\n|-damage|p2b: Opera|0 fnt\n|faint|p2b: Opera\n|\n|-weather|RainDance|[upkeep]\n|-heal|p2a: Baba|82\/100|[from] item: Black Sludge\n|-heal|p1b: Bappy|40\/100|[from] item: Black Sludge\n|-damage|p1b: Bappy|27\/100|[from] Leech Seed|[of] p2a: Baba\n|-heal|p2a: Baba|98\/100|[silent]\n|upkeep\n|\n|t:|1700581424\n|switch|p2b: Red|Charizard, F|100\/100\n|turn|5\n|\n|t:|1700581436\n|move|p2b: Red|Hurricane|p1b: Bappy\n|-damage|p1b: Bappy|0 fnt\n|faint|p1b: Bappy\n|move|p1a: Kamina|Iron Head|p2a: Baba\n|-damage|p2a: Baba|40\/100\n|move|p2a: Baba|Earth Power|p1a: Kamina\n|-supereffective|p1a: Kamina\n|-damage|p1a: Kamina|0 fnt\n|faint|p1a: Kamina\n|\n|-weather|none\n|-heal|p2a: Baba|46\/100|[from] item: Black Sludge\n|upkeep\n|\n|t:|1700581447\n|switch|p1a: Adniel|Garchomp, M|100\/100\n|switch|p1b: The Don|Great Tusk|100\/100\n|-enditem|p1b: The Don|Booster Energy\n|-activate|p1b: The Don|ability: Protosynthesis|[fromitem]\n|-start|p1b: The Don|protosynthesisatk\n|turn|6\n|\n|t:|1700581463\n|detailschange|p2b: Red|Charizard-Mega-X, F\n|-mega|p2b: Red|Charizard|Charizardite X\n|-terastallize|p1b: The Don|Electric\n|move|p1a: Adniel|Swords Dance|p1a: Adniel\n|-boost|p1a: Adniel|atk|2\n|move|p1b: The Don|Tera Blast|p2b: Red|[anim] Tera Blast Electric\n|-resisted|p2b: Red\n|-crit|p2b: Red\n|-damage|p2b: Red|60\/100\n|move|p2b: Red|Dragon Claw|p1a: Adniel\n|-supereffective|p1a: Adniel\n|-damage|p1a: Adniel|0 fnt\n|-damage|p2b: Red|48\/100|[from] ability: Rough Skin|[of] p1a: Adniel\n|-damage|p2b: Red|31\/100|[from] item: Rocky Helmet|[of] p1a: Adniel\n|faint|p1a: Adniel\n|move|p2a: Baba|Giga Drain|p1b: The Don\n|-damage|p1b: The Don|58\/100\n|-heal|p2a: Baba|67\/100|[from] drain|[of] p1b: The Don\n|\n|-heal|p2a: Baba|73\/100|[from] item: Black Sludge\n|upkeep\n|turn|7\n|\n|t:|1700581490\n|move|p1b: The Don|Earthquake|p2a: Baba|[spread] p2a,p2b\n|-supereffective|p2b: Red\n|-damage|p2a: Baba|29\/100\n|-damage|p2b: Red|0 fnt\n|faint|p2b: Red\n|move|p2a: Baba|Earth Power|p1b: The Don\n|-supereffective|p1b: The Don\n|-damage|p1b: The Don|0 fnt\n|faint|p1b: The Don\n|-end|p1b: The Don|Protosynthesis|[silent]\n|\n|win|caswra\n","uploadtime":1700581557,"views":3,"p1id":"monterraverde","p2id":"caswra","formatid":"gen9nationaldexdoubles","rating":0,"private":0,"password":""}