{"id":"gen9nationaldexdoubles-1959779877","p1":"PunkRockObstagoon","p2":"Chiropt","format":"[Gen 9] National Dex Doubles","log":"|j|\u2606PunkRockObstagoon\n|j|\u2606Chiropt\n|t:|1696454713\n|gametype|doubles\n|player|p1|PunkRockObstagoon|hilbert|1266\n|player|p2|Chiropt|norman|1135\n|teamsize|p1|6\n|teamsize|p2|6\n|gen|9\n|tier|[Gen 9] National Dex Doubles\n|rated|\n|rule|HP Percentage Mod: HP is shown in percentages\n|rule|Endless Battle Clause: Forcing endless battles is banned\n|rule|OHKO Clause: OHKO moves are banned\n|rule|Evasion Moves Clause: Evasion moves are banned\n|rule|Evasion Abilities Clause: Evasion abilities are banned\n|rule|Species Clause: Limit one of each Pok\u00e9mon\n|rule|Gravity Sleep Clause: The combination of sleep-inducing moves with imperfect accuracy and Gravity or Gigantamax Orbeetle are banned\n|clearpoke\n|poke|p1|Charizard, M|\n|poke|p1|Metagross|\n|poke|p1|Grimmsnarl, M|\n|poke|p1|Tatsugiri-Stretchy, F|\n|poke|p1|Serperior, F|\n|poke|p1|Blaziken, M|\n|poke|p2|Emolga, F|\n|poke|p2|Kilowattrel, F|\n|poke|p2|Bellibolt, F|\n|poke|p2|Tapu Bulu|\n|poke|p2|Steelix, M|\n|poke|p2|Sceptile, F|\n|teampreview\n|inactive|Battle timer is ON: inactive players will automatically lose when time's up. (requested by PunkRockObstagoon)\n|\n|t:|1696454733\n|start\n|switch|p1a: Metagross|Metagross|100\/100\n|switch|p1b: Charizard|Charizard, M|100\/100\n|switch|p2a: DYNAMOUSE|Emolga, F|100\/100\n|switch|p2b: STORMFRONT|Kilowattrel, F|100\/100\n|turn|1\n|\n|t:|1696454755\n|-terastallize|p1b: Charizard|Ground\n|move|p2b: STORMFRONT|Discharge|p1b: Charizard|[spread] p1a\n|-ability|p2a: DYNAMOUSE|Motor Drive|boost\n|-boost|p2a: DYNAMOUSE|spe|1\n|-immune|p1b: Charizard\n|-damage|p1a: Metagross|67\/100\n|-status|p1a: Metagross|par\n|move|p2a: DYNAMOUSE|Discharge|p1b: Charizard|[spread] p1a\n|-immune|p2b: STORMFRONT|[from] ability: Volt Absorb\n|-immune|p1b: Charizard\n|-damage|p1a: Metagross|36\/100 par\n|move|p1b: Charizard|Tailwind|p1b: Charizard\n|-sidestart|p1: PunkRockObstagoon|move: Tailwind\n|move|p1a: Metagross|Rock Slide|p2a: DYNAMOUSE|[spread] p2a,p2b\n|-supereffective|p2a: DYNAMOUSE\n|-supereffective|p2b: STORMFRONT\n|-damage|p2a: DYNAMOUSE|19\/100\n|-damage|p2b: STORMFRONT|22\/100\n|\n|upkeep\n|turn|2\n|inactive|Chiropt has 120 seconds left.\n|\n|t:|1696454796\n|move|p1b: Charizard|Howl|p1b: Charizard|[spread] p1a,p1b\n|-boost|p1a: Metagross|atk|1\n|-boost|p1b: Charizard|atk|1\n|move|p2a: DYNAMOUSE|Tailwind|p2a: DYNAMOUSE\n|-sidestart|p2: Chiropt|move: Tailwind\n|move|p2b: STORMFRONT|Feather Dance|p1b: Charizard\n|-unboost|p1b: Charizard|atk|2\n|move|p1a: Metagross|Rock Slide|p2a: DYNAMOUSE|[spread] p2b\n|-miss|p1a: Metagross|p2a: DYNAMOUSE\n|-supereffective|p2b: STORMFRONT\n|-damage|p2b: STORMFRONT|0 fnt\n|faint|p2b: STORMFRONT\n|\n|upkeep\n|\n|t:|1696454812\n|switch|p2b: MOTHER NATURE|Sceptile, F|100\/100\n|turn|3\n|inactive|Chiropt has 120 seconds left.\n|\n|t:|1696454823\n|detailschange|p2b: MOTHER NATURE|Sceptile-Mega, F\n|-mega|p2b: MOTHER NATURE|Sceptile|Sceptilite\n|move|p1a: Metagross|Bullet Punch|p2a: DYNAMOUSE\n|-resisted|p2a: DYNAMOUSE\n|-damage|p2a: DYNAMOUSE|0 fnt\n|faint|p2a: DYNAMOUSE\n|move|p2b: MOTHER NATURE|Giga Drain|p1b: Charizard\n|-supereffective|p1b: Charizard\n|-damage|p1b: Charizard|2\/100\n|move|p1b: Charizard|Bulldoze|p2b: MOTHER NATURE|[spread] p1a,p2b\n|-supereffective|p1a: Metagross\n|-resisted|p2b: MOTHER NATURE\n|-damage|p1a: Metagross|19\/100 par\n|-damage|p2b: MOTHER NATURE|94\/100\n|-unboost|p2b: MOTHER NATURE|spe|1\n|-enditem|p1a: Metagross|Weakness Policy\n|-boost|p1a: Metagross|atk|2|[from] item: Weakness Policy\n|-boost|p1a: Metagross|spa|2|[from] item: Weakness Policy\n|\n|upkeep\n|inactive|Chiropt has 120 seconds left.\n|\n|t:|1696454840\n|switch|p2a: BROTHER NATURE|Tapu Bulu|100\/100\n|-fieldstart|move: Grassy Terrain|[from] ability: Grassy Surge|[of] p2a: BROTHER NATURE\n|turn|4\n|inactive|Chiropt has 120 seconds left.\n|\n|t:|1696454862\n|switch|p1b: Blaziken|Blaziken, M|100\/100\n|move|p1a: Metagross|Bullet Punch|p2a: BROTHER NATURE\n|-supereffective|p2a: BROTHER NATURE\n|-damage|p2a: BROTHER NATURE|9\/100\n|move|p2b: MOTHER NATURE|Giga Drain|p1a: Metagross\n|-resisted|p1a: Metagross\n|-damage|p1a: Metagross|0 fnt\n|-heal|p2b: MOTHER NATURE|100\/100|[from] drain|[of] p1a: Metagross\n|faint|p1a: Metagross\n|move|p2a: BROTHER NATURE|Bulk Up|p2a: BROTHER NATURE\n|-boost|p2a: BROTHER NATURE|atk|1\n|-boost|p2a: BROTHER NATURE|def|1\n|\n|-heal|p2a: BROTHER NATURE|15\/100|[from] Grassy Terrain\n|-sideend|p1: PunkRockObstagoon|move: Tailwind\n|upkeep\n|\n|t:|1696454876\n|switch|p1a: Serperior|Serperior, F|100\/100\n|turn|5\n|l|\u2606Chiropt\n|inactive|Chiropt disconnected and has a minute to reconnect!\n|player|p2|\n|inactive|Chiropt has 30 seconds to reconnect!\n|inactive|Chiropt has 20 seconds to reconnect!\n|inactive|Chiropt has 15 seconds to reconnect!\n|inactive|Chiropt has 10 seconds to reconnect!\n|inactive|Chiropt has 5 seconds to reconnect!\n|-message|Chiropt lost due to inactivity.\n|\n|win|PunkRockObstagoon\n|raw|PunkRockObstagoon's rating: 1280 &rarr; <strong>1295<\/strong><br \/>(+15 for winning)\n|raw|Chiropt's rating: 1135 &rarr; <strong>1120<\/strong><br \/>(-15 for losing)\n","uploadtime":1696454949,"views":13,"p1id":"punkrockobstagoon","p2id":"chiropt","formatid":"gen9nationaldexdoubles","rating":1120,"private":0,"password":""}