{"id":"gen9nationaldexdoubles-1952582293","p1":"BackW1thM1lk","p2":"Mascara De Planta","format":"[Gen 9] National Dex Doubles","log":"|j|\u2606BackW1thM1lk\n|j|\u2606Mascara De Planta\n|t:|1695699654\n|gametype|doubles\n|player|p1|BackW1thM1lk|ghetsis|1275\n|player|p2|Mascara De Planta|170|1000\n|teamsize|p1|6\n|teamsize|p2|6\n|gen|9\n|tier|[Gen 9] National Dex Doubles\n|rated|\n|rule|HP Percentage Mod: HP is shown in percentages\n|rule|Endless Battle Clause: Forcing endless battles is banned\n|rule|OHKO Clause: OHKO moves are banned\n|rule|Evasion Moves Clause: Evasion moves are banned\n|rule|Evasion Abilities Clause: Evasion abilities are banned\n|rule|Species Clause: Limit one of each Pok\u00e9mon\n|rule|Gravity Sleep Clause: The combination of sleep-inducing moves with imperfect accuracy and Gravity or Gigantamax Orbeetle are banned\n|clearpoke\n|poke|p1|Armarouge, F|\n|poke|p1|Tapu Lele|\n|poke|p1|Urshifu-*, F|\n|poke|p1|Ninetales-Alola, M|\n|poke|p1|Sinistcha-Masterpiece|\n|poke|p1|Ogerpon-Hearthflame, F|\n|poke|p2|Torkoal, M|\n|poke|p2|Flutter Mane|\n|poke|p2|Walking Wake|\n|poke|p2|Volcanion|\n|poke|p2|Chien-Pao|\n|poke|p2|Kingambit, M|\n|teampreview\n|\n|t:|1695699687\n|start\n|switch|p1a: Tapu Lele|Tapu Lele, shiny|100\/100\n|switch|p1b: Armarouge|Armarouge, F, shiny|100\/100\n|switch|p2a: Agua Potable|Walking Wake|100\/100\n|switch|p2b: Volcanion|Volcanion|100\/100\n|-fieldstart|move: Psychic Terrain|[from] ability: Psychic Surge|[of] p1a: Tapu Lele\n|turn|1\n|\n|t:|1695699708\n|move|p1b: Armarouge|Protect|p1b: Armarouge\n|-singleturn|p1b: Armarouge|Protect\n|move|p2a: Agua Potable|Flip Turn|p1a: Tapu Lele\n|-damage|p1a: Tapu Lele|80\/100\n|\n|t:|1695699718\n|-end|p2a: Agua Potable|Protosynthesis|[silent]\n|switch|p2a: Pana Zulia|Torkoal, M|100\/100|[from] Flip Turn\n|-weather|SunnyDay|[from] ability: Drought|[of] p2a: Pana Zulia\n|move|p1a: Tapu Lele|Dazzling Gleam|p2b: Volcanion|[spread] p2a,p2b\n|-resisted|p2a: Pana Zulia\n|-resisted|p2b: Volcanion\n|-damage|p2a: Pana Zulia|84\/100\n|-damage|p2b: Volcanion|88\/100\n|move|p2b: Volcanion|Steam Eruption|p1b: Armarouge\n|-activate|p1b: Armarouge|move: Protect\n|\n|-weather|SunnyDay|[upkeep]\n|-heal|p2b: Volcanion|94\/100|[from] item: Leftovers\n|upkeep\n|turn|2\n|\n|t:|1695699741\n|switch|p1a: Ninetales|Ninetales-Alola, M, shiny|100\/100\n|-weather|Snow|[from] ability: Snow Warning|[of] p1a: Ninetales\n|move|p1b: Armarouge|Expanding Force|p2a: Pana Zulia|[spread] p2a,p2b\n|-damage|p2a: Pana Zulia|15\/100\n|-damage|p2b: Volcanion|43\/100\n|move|p2b: Volcanion|Steam Eruption|p1b: Armarouge\n|-supereffective|p1b: Armarouge\n|-enditem|p1b: Armarouge|Focus Sash\n|-damage|p1b: Armarouge|1\/100\n|move|p2a: Pana Zulia|Stealth Rock|p1b: Armarouge\n|-sidestart|p1: BackW1thM1lk|move: Stealth Rock\n|\n|-weather|Snow|[upkeep]\n|-heal|p2b: Volcanion|49\/100|[from] item: Leftovers\n|upkeep\n|turn|3\n|\n|t:|1695699773\n|switch|p2a: Cheems-Pao|Chien-Pao|100\/100\n|-ability|p2a: Cheems-Pao|Sword of Ruin\n|move|p2b: Volcanion|Protect|p2b: Volcanion\n|-singleturn|p2b: Volcanion|Protect\n|move|p1a: Ninetales|Aurora Veil|p1a: Ninetales\n|-sidestart|p1: BackW1thM1lk|move: Aurora Veil\n|move|p1b: Armarouge|Expanding Force|p2b: Volcanion|[spread] \n|-activate|p2b: Volcanion|move: Protect\n|-immune|p2a: Cheems-Pao\n|\n|-weather|Snow|[upkeep]\n|-heal|p2b: Volcanion|55\/100|[from] item: Leftovers\n|upkeep\n|turn|4\n|\n|t:|1695699802\n|switch|p1a: Sinistcha|Sinistcha-Masterpiece, shiny|100\/100\n|-damage|p1a: Sinistcha|88\/100|[from] Stealth Rock\n|-heal|p1b: Armarouge|26\/100|[from] ability: Hospitality|[of] p1a: Sinistcha\n|move|p2a: Cheems-Pao|Ice Spinner|p1b: Armarouge\n|-resisted|p1b: Armarouge\n|-crit|p1b: Armarouge\n|-damage|p1b: Armarouge|0 fnt\n|-fieldend|move: Psychic Terrain\n|faint|p1b: Armarouge\n|move|p2b: Volcanion|Heat Wave|p1a: Sinistcha\n|-supereffective|p1a: Sinistcha\n|-damage|p1a: Sinistcha|35\/100\n|\n|-weather|Snow|[upkeep]\n|-heal|p2b: Volcanion|61\/100|[from] item: Leftovers\n|upkeep\n|\n|t:|1695699828\n|switch|p1b: Ogerpon|Ogerpon-Hearthflame, F|100\/100\n|-damage|p1b: Ogerpon|76\/100|[from] Stealth Rock\n|-ability|p1b: Ogerpon|Mold Breaker\n|turn|5\n|\n|t:|1695699844\n|move|p2a: Cheems-Pao|Crunch|p1b: Ogerpon\n|-damage|p1b: Ogerpon|26\/100\n|move|p1b: Ogerpon|Play Rough|p2a: Cheems-Pao|[miss]\n|-miss|p1b: Ogerpon|p2a: Cheems-Pao\n|move|p1a: Sinistcha|Strength Sap|p2a: Cheems-Pao\n|-unboost|p2a: Cheems-Pao|atk|1\n|-heal|p1a: Sinistcha|100\/100\n|move|p2b: Volcanion|Heat Wave|p1b: Ogerpon|[spread] p1a\n|-miss|p2b: Volcanion|p1b: Ogerpon\n|-supereffective|p1a: Sinistcha\n|-damage|p1a: Sinistcha|66\/100\n|\n|-weather|Snow|[upkeep]\n|-heal|p2b: Volcanion|67\/100|[from] item: Leftovers\n|upkeep\n|turn|6\n|\n|t:|1695699882\n|switch|p2a: Kingambit|Kingambit, M|100\/100\n|move|p1b: Ogerpon|Ivy Cudgel|p2a: Kingambit\n|-supereffective|p2a: Kingambit\n|-damage|p2a: Kingambit|22\/100\n|move|p1a: Sinistcha|Matcha Gotcha|p2a: Kingambit|[spread] p2a,p2b\n|-resisted|p2a: Kingambit\n|-crit|p2b: Volcanion\n|-damage|p2a: Kingambit|13\/100\n|-heal|p1a: Sinistcha|70\/100|[from] drain|[of] p2a: Kingambit\n|-damage|p2b: Volcanion|36\/100\n|-heal|p1a: Sinistcha|87\/100|[from] drain|[of] p2b: Volcanion\n|move|p2b: Volcanion|Heat Wave|p1b: Ogerpon|[spread] p1a,p1b\n|-supereffective|p1a: Sinistcha\n|-damage|p1a: Sinistcha|49\/100\n|-damage|p1b: Ogerpon|3\/100\n|\n|-weather|none\n|-heal|p2b: Volcanion|43\/100|[from] item: Leftovers\n|upkeep\n|turn|7\n|\n|t:|1695699920\n|move|p2b: Volcanion|Protect|p2b: Volcanion\n|-singleturn|p2b: Volcanion|Protect\n|move|p2a: Kingambit|Sucker Punch|p1b: Ogerpon\n|-damage|p1b: Ogerpon|0 fnt\n|faint|p1b: Ogerpon\n|move|p1a: Sinistcha|Strength Sap|p2a: Kingambit\n|-unboost|p2a: Kingambit|atk|1\n|-heal|p1a: Sinistcha|100\/100\n|\n|-heal|p2b: Volcanion|49\/100|[from] item: Leftovers\n|upkeep\n|\n|t:|1695699934\n|switch|p1b: Tapu Lele|Tapu Lele, shiny|80\/100\n|-damage|p1b: Tapu Lele|67\/100|[from] Stealth Rock\n|-fieldstart|move: Psychic Terrain|[from] ability: Psychic Surge|[of] p1b: Tapu Lele\n|turn|8\n|\n|t:|1695699956\n|move|p1b: Tapu Lele|Dazzling Gleam|p2b: Volcanion|[spread] p2a,p2b\n|-resisted|p2b: Volcanion\n|-damage|p2a: Kingambit|0 fnt\n|-damage|p2b: Volcanion|35\/100\n|faint|p2a: Kingambit\n|-end|p2a: Kingambit|fallenundefined|[silent]\n|move|p2b: Volcanion|Heat Wave|p1a: Sinistcha|[spread] p1a,p1b\n|-supereffective|p1a: Sinistcha\n|-damage|p1a: Sinistcha|67\/100\n|-damage|p1b: Tapu Lele|56\/100\n|move|p1a: Sinistcha|Matcha Gotcha|p2b: Volcanion\n|-damage|p2b: Volcanion|4\/100\n|-heal|p1a: Sinistcha|83\/100|[from] drain|[of] p2b: Volcanion\n|\n|-heal|p2b: Volcanion|10\/100|[from] item: Leftovers\n|upkeep\n|\n|t:|1695699973\n|switch|p2a: Cheems-Pao|Chien-Pao|100\/100\n|-ability|p2a: Cheems-Pao|Sword of Ruin\n|turn|9\n|\n|t:|1695699989\n|move|p2b: Volcanion|Protect|p2b: Volcanion\n|-singleturn|p2b: Volcanion|Protect\n|move|p2a: Cheems-Pao|Ice Spinner|p1a: Sinistcha\n|-supereffective|p1a: Sinistcha\n|-damage|p1a: Sinistcha|20\/100\n|-fieldend|move: Psychic Terrain\n|move|p1b: Tapu Lele|Focus Blast|p2a: Cheems-Pao|[miss]\n|-miss|p1b: Tapu Lele|p2a: Cheems-Pao\n|move|p1a: Sinistcha|Matcha Gotcha|p2b: Volcanion|[spread] p2a\n|-activate|p2b: Volcanion|move: Protect\n|-damage|p2a: Cheems-Pao|55\/100\n|-heal|p1a: Sinistcha|39\/100|[from] drain|[of] p2a: Cheems-Pao\n|\n|-heal|p2b: Volcanion|16\/100|[from] item: Leftovers\n|upkeep\n|turn|10\n|\n|t:|1695700025\n|switch|p1a: Urshifu|Urshifu-Rapid-Strike, F|100\/100\n|-damage|p1a: Urshifu|94\/100|[from] Stealth Rock\n|move|p2a: Cheems-Pao|Crunch|p1b: Tapu Lele\n|-damage|p1b: Tapu Lele|9\/100\n|move|p1b: Tapu Lele|Dazzling Gleam|p2a: Cheems-Pao|[spread] p2a,p2b\n|-supereffective|p2a: Cheems-Pao\n|-resisted|p2b: Volcanion\n|-damage|p2a: Cheems-Pao|0 fnt\n|-damage|p2b: Volcanion|2\/100\n|faint|p2a: Cheems-Pao\n|move|p2b: Volcanion|Heat Wave|p1a: Urshifu|[spread] p1a\n|-miss|p2b: Volcanion|p1b: Tapu Lele\n|-resisted|p1a: Urshifu\n|-damage|p1a: Urshifu|78\/100\n|\n|-heal|p2b: Volcanion|8\/100|[from] item: Leftovers\n|-sideend|p1: BackW1thM1lk|move: Aurora Veil\n|upkeep\n|\n|t:|1695700045\n|switch|p2a: PeloeQk|Flutter Mane|100\/100\n|turn|11\n|\n|t:|1695700077\n|switch|p1b: Sinistcha|Sinistcha-Masterpiece, shiny|39\/100\n|-damage|p1b: Sinistcha|27\/100|[from] Stealth Rock\n|-heal|p1a: Urshifu|100\/100|[from] ability: Hospitality|[of] p1b: Sinistcha\n|move|p2b: Volcanion|Protect|p2b: Volcanion\n|-singleturn|p2b: Volcanion|Protect\n|move|p2a: PeloeQk|Dazzling Gleam|p1b: Sinistcha|[spread] p1a,p1b\n|-supereffective|p1a: Urshifu\n|-damage|p1a: Urshifu|0 fnt\n|-damage|p1b: Sinistcha|0 fnt\n|faint|p1a: Urshifu\n|faint|p1b: Sinistcha\n|-damage|p2a: PeloeQk|90\/100|[from] item: Life Orb\n|\n|-heal|p2b: Volcanion|14\/100|[from] item: Leftovers\n|upkeep\n|\n|t:|1695700095\n|switch|p1a: Ninetales|Ninetales-Alola, M, shiny|100\/100\n|switch|p1b: Tapu Lele|Tapu Lele, shiny|9\/100\n|-damage|p1a: Ninetales|76\/100|[from] Stealth Rock\n|-weather|Snow|[from] ability: Snow Warning|[of] p1a: Ninetales\n|-damage|p1b: Tapu Lele|0 fnt|[from] Stealth Rock\n|faint|p1b: Tapu Lele\n|turn|12\n|-message|BackW1thM1lk forfeited.\n|\n|win|Mascara De Planta\n|raw|BackW1thM1lk's rating: 1275 &rarr; <strong>1234<\/strong><br \/>(-41 for losing)\n|raw|Mascara De Planta's rating: 1000 &rarr; <strong>1066<\/strong><br \/>(+66 for winning)\n|l|\u2606BackW1thM1lk\n","uploadtime":1695700120,"views":13,"p1id":"backw1thm1lk","p2id":"mascaradeplanta","formatid":"gen9nationaldexdoubles","rating":1066,"private":0,"password":""}