{"id":"gen9nationaldexdoubles-1993884887","p1":"Weatherfan","p2":"Ryan1Baek","format":"[Gen 9] National Dex Doubles","log":"|j|\u2606Weatherfan\n|j|\u2606Ryan1Baek\n|t:|1700369942\n|gametype|doubles\n|player|p1|Weatherfan|argenta|\n|player|p2|Ryan1Baek|carmine|\n|teamsize|p1|6\n|teamsize|p2|6\n|gen|9\n|tier|[Gen 9] National Dex Doubles\n|rule|HP Percentage Mod: HP is shown in percentages\n|rule|Endless Battle Clause: Forcing endless battles is banned\n|rule|OHKO Clause: OHKO moves are banned\n|rule|Evasion Moves Clause: Evasion moves are banned\n|rule|Evasion Abilities Clause: Evasion abilities are banned\n|rule|Species Clause: Limit one of each Pok\u00e9mon\n|rule|Gravity Sleep Clause: The combination of sleep-inducing moves with imperfect accuracy and Gravity or Gigantamax Orbeetle are banned\n|clearpoke\n|poke|p1|Landorus-Therian, M|\n|poke|p1|Kingambit, M|\n|poke|p1|Iron Hands|\n|poke|p1|Cresselia, F|\n|poke|p1|Kommo-o, F|\n|poke|p1|Amoonguss, M|\n|poke|p2|Blastoise, F|\n|poke|p2|Indeedee-F, F|\n|poke|p2|Sneasler, F|\n|poke|p2|Landorus-Therian, M|\n|poke|p2|Heatran, M|\n|poke|p2|Sinistcha-Masterpiece|\n|teampreview\n|inactive|Battle timer is ON: inactive players will automatically lose when time's up. (requested by Weatherfan)\n|j| 0spr3y\n|\n|t:|1700369958\n|start\n|switch|p1a: Cresselia|Cresselia, F|100\/100\n|switch|p1b: Iron Hands|Iron Hands|100\/100\n|switch|p2a: Indeedee|Indeedee-F, F, shiny|100\/100\n|switch|p2b: Sneasler|Sneasler, F|100\/100\n|-fieldstart|move: Psychic Terrain|[from] ability: Psychic Surge|[of] p2a: Indeedee\n|-enditem|p2b: Sneasler|Psychic Seed\n|-boost|p2b: Sneasler|spd|1|[from] item: Psychic Seed\n|turn|1\n|\n|t:|1700369969\n|move|p2b: Sneasler|Protect|p2b: Sneasler\n|-singleturn|p2b: Sneasler|Protect\n|move|p2a: Indeedee|Imprison|p2a: Indeedee\n|-start|p2a: Indeedee|move: Imprison\n|move|p1a: Cresselia|Psychic|p2b: Sneasler\n|-activate|p2b: Sneasler|move: Protect\n|move|p1b: Iron Hands|Wild Charge|p2a: Indeedee\n|-damage|p2a: Indeedee|52\/100\n|-damage|p1b: Iron Hands|91\/100|[from] Recoil\n|\n|upkeep\n|turn|2\n|j| Eliminathan\n|\n|t:|1700369994\n|-end|p1b: Iron Hands|Quark Drive|[silent]\n|switch|p1b: Kingambit|Kingambit, M|100\/100\n|-terastallize|p2b: Sneasler|Flying\n|move|p2a: Indeedee|Follow Me|p2a: Indeedee\n|-singleturn|p2a: Indeedee|move: Follow Me\n|move|p2b: Sneasler|Acrobatics|p1b: Kingambit\n|-resisted|p1b: Kingambit\n|-damage|p1b: Kingambit|79\/100\n|move|p1a: Cresselia|Psychic|p2a: Indeedee\n|-resisted|p2a: Indeedee\n|-damage|p2a: Indeedee|41\/100\n|-enditem|p2a: Indeedee|Sitrus Berry|[eat]\n|-heal|p2a: Indeedee|66\/100|[from] item: Sitrus Berry\n|\n|upkeep\n|turn|3\n|inactive|Weatherfan has 270 seconds left.\n|\n|t:|1700370031\n|switch|p1a: Iron Hands|Iron Hands|91\/100\n|switch|p1b: Landorus|Landorus-Therian, M|100\/100\n|-ability|p1b: Landorus|Intimidate|boost\n|-unboost|p2a: Indeedee|atk|1\n|-unboost|p2b: Sneasler|atk|1\n|move|p2a: Indeedee|Follow Me|p2a: Indeedee\n|-singleturn|p2a: Indeedee|move: Follow Me\n|move|p2b: Sneasler|Close Combat|p1b: Landorus\n|-resisted|p1b: Landorus\n|-damage|p1b: Landorus|80\/100\n|-unboost|p2b: Sneasler|def|1\n|-unboost|p2b: Sneasler|spd|1\n|\n|upkeep\n|turn|4\n|inactive|Weatherfan has 270 seconds left.\n|\n|t:|1700370055\n|switch|p2b: Landorus|Landorus-Therian, M, shiny|100\/100\n|-ability|p2b: Landorus|Intimidate|boost\n|-unboost|p1a: Iron Hands|atk|1\n|-unboost|p1b: Landorus|atk|1\n|move|p1b: Landorus|Stealth Rock|p2b: Landorus\n|-sidestart|p2: Ryan1Baek|move: Stealth Rock\n|move|p2a: Indeedee|Expanding Force|p1b: Landorus|[spread] p1a,p1b\n|-supereffective|p1a: Iron Hands\n|-damage|p1a: Iron Hands|51\/100\n|-damage|p1b: Landorus|44\/100\n|move|p1a: Iron Hands|Wild Charge|p2b: Landorus\n|-immune|p2b: Landorus\n|\n|upkeep\n|turn|5\n|\n|t:|1700370079\n|switch|p1b: Cresselia|Cresselia, F|100\/100\n|move|p2b: Landorus|U-turn|p1a: Iron Hands\n|-resisted|p1a: Iron Hands\n|-damage|p1a: Iron Hands|42\/100\n|\n|t:|1700370090\n|switch|p2b: Blastoise|Blastoise, F|100\/100|[from] U-turn\n|-damage|p2b: Blastoise|88\/100|[from] Stealth Rock\n|move|p2a: Indeedee|Expanding Force|p1b: Cresselia|[spread] p1a,p1b\n|-supereffective|p1a: Iron Hands\n|-resisted|p1b: Cresselia\n|-damage|p1a: Iron Hands|3\/100\n|-damage|p1b: Cresselia|90\/100\n|move|p1a: Iron Hands|Ice Punch|p2b: Blastoise\n|-resisted|p2b: Blastoise\n|-damage|p2b: Blastoise|77\/100\n|\n|-heal|p1b: Cresselia|96\/100|[from] item: Leftovers\n|-fieldend|move: Psychic Terrain\n|upkeep\n|turn|6\n|\n|t:|1700370104\n|-end|p1a: Iron Hands|Quark Drive|[silent]\n|switch|p1a: Landorus|Landorus-Therian, M|44\/100\n|-ability|p1a: Landorus|Intimidate|boost\n|-unboost|p2a: Indeedee|atk|1\n|-unboost|p2b: Blastoise|atk|1\n|detailschange|p2b: Blastoise|Blastoise-Mega, F\n|-mega|p2b: Blastoise|Blastoise|Blastoisinite\n|move|p2a: Indeedee|Follow Me|p2a: Indeedee\n|-singleturn|p2a: Indeedee|move: Follow Me\n|move|p2b: Blastoise|Shell Smash|p2b: Blastoise\n|-unboost|p2b: Blastoise|def|1\n|-unboost|p2b: Blastoise|spd|1\n|-boost|p2b: Blastoise|atk|2\n|-boost|p2b: Blastoise|spa|2\n|-boost|p2b: Blastoise|spe|2\n|move|p1b: Cresselia|Lunar Blessing|p1b: Cresselia|[spread] p1a,p1b\n|-heal|p1a: Landorus|69\/100\n|-heal|p1b: Cresselia|100\/100\n|\n|upkeep\n|turn|7\n|\n|t:|1700370120\n|move|p2a: Indeedee|Follow Me|p2a: Indeedee\n|-singleturn|p2a: Indeedee|move: Follow Me\n|move|p2b: Blastoise|Water Spout|p1b: Cresselia|[spread] p1a,p1b\n|-supereffective|p1a: Landorus\n|-damage|p1a: Landorus|0 fnt\n|-damage|p1b: Cresselia|46\/100\n|faint|p1a: Landorus\n|move|p1b: Cresselia|Psychic|p2a: Indeedee\n|-resisted|p2a: Indeedee\n|-damage|p2a: Indeedee|55\/100\n|\n|-heal|p1b: Cresselia|52\/100|[from] item: Leftovers\n|upkeep\n|\n|t:|1700370126\n|switch|p1a: Kingambit|Kingambit, M|79\/100\n|turn|8\n|\n|t:|1700370133\n|move|p2a: Indeedee|Follow Me|p2a: Indeedee\n|-singleturn|p2a: Indeedee|move: Follow Me\n|move|p1a: Kingambit|Sucker Punch||[still]\n|-fail|p1a: Kingambit\n|move|p2b: Blastoise|Water Spout|p1b: Cresselia|[spread] p1a,p1b\n|-damage|p1a: Kingambit|0 fnt\n|-damage|p1b: Cresselia|0 fnt\n|faint|p1a: Kingambit\n|faint|p1b: Cresselia\n|\n|upkeep\n|\n|t:|1700370138\n|switch|p1b: Iron Hands|Iron Hands|3\/100\n|switch|p1a: Amoonguss|Amoonguss, M|100\/100\n|turn|9\n|\n|t:|1700370157\n|switch|p2a: Sinistcha|Sinistcha-Masterpiece, shiny|100\/100\n|-damage|p2a: Sinistcha|88\/100|[from] Stealth Rock\n|-heal|p2b: Blastoise|100\/100|[from] ability: Hospitality|[of] p2a: Sinistcha\n|move|p1b: Iron Hands|Fake Out|p2b: Blastoise\n|-damage|p2b: Blastoise|76\/100\n|cant|p2b: Blastoise|flinch\n|move|p1a: Amoonguss|Pollen Puff|p1b: Iron Hands\n|-heal|p1b: Iron Hands|52\/100\n|\n|upkeep\n|turn|10\n|\n|t:|1700370173\n|move|p2a: Sinistcha|Rage Powder|p2a: Sinistcha\n|-singleturn|p2a: Sinistcha|move: Rage Powder\n|move|p2b: Blastoise|Ice Beam|p1a: Amoonguss\n|-supereffective|p1a: Amoonguss\n|-damage|p1a: Amoonguss|5\/100\n|-enditem|p1a: Amoonguss|Sitrus Berry|[eat]\n|-heal|p1a: Amoonguss|30\/100|[from] item: Sitrus Berry\n|move|p1b: Iron Hands|Wild Charge|p2a: Sinistcha\n|-resisted|p2a: Sinistcha\n|-crit|p2a: Sinistcha\n|-damage|p2a: Sinistcha|55\/100\n|-damage|p1b: Iron Hands|36\/100|[from] item: Rocky Helmet|[of] p2a: Sinistcha\n|-damage|p1b: Iron Hands|29\/100|[from] Recoil\n|move|p1a: Amoonguss|Spore|p2b: Blastoise\n|-status|p2b: Blastoise|slp|[from] move: Spore\n|\n|upkeep\n|turn|11\n|\n|t:|1700370188\n|switch|p2b: Heatran|Heatran, M|100\/100\n|-damage|p2b: Heatran|88\/100|[from] Stealth Rock\n|move|p1a: Amoonguss|Rage Powder|p1a: Amoonguss\n|-singleturn|p1a: Amoonguss|move: Rage Powder\n|move|p2a: Sinistcha|Matcha Gotcha|p1b: Iron Hands|[spread] p1a,p1b\n|-resisted|p1a: Amoonguss\n|-damage|p1a: Amoonguss|26\/100\n|-heal|p2a: Sinistcha|58\/100|[from] drain|[of] p1a: Amoonguss\n|-damage|p1b: Iron Hands|17\/100\n|-heal|p2a: Sinistcha|66\/100|[from] drain|[of] p1b: Iron Hands\n|-status|p1a: Amoonguss|brn\n|move|p1b: Iron Hands|Ice Punch|p2a: Sinistcha\n|-supereffective|p2a: Sinistcha\n|-damage|p2a: Sinistcha|20\/100\n|-damage|p1b: Iron Hands|1\/100|[from] item: Rocky Helmet|[of] p2a: Sinistcha\n|\n|-damage|p1a: Amoonguss|20\/100 brn|[from] brn\n|upkeep\n|turn|12\n|\n|t:|1700370207\n|move|p2b: Heatran|Eruption|p1a: Amoonguss|[spread] p1a,p1b\n|-supereffective|p1a: Amoonguss\n|-damage|p1a: Amoonguss|0 fnt\n|-damage|p1b: Iron Hands|0 fnt\n|faint|p1a: Amoonguss\n|faint|p1b: Iron Hands\n|-end|p1b: Iron Hands|Quark Drive|[silent]\n|move|p2a: Sinistcha|Life Dew|p2a: Sinistcha|[spread] p2a,p2b\n|-heal|p2a: Sinistcha|45\/100\n|-heal|p2b: Heatran|100\/100\n|\n|upkeep\n|\n|t:|1700370212\n|switch|p1a: Kommo-o|Kommo-o, F|100\/100\n|turn|13\n|c|\u2606Weatherfan|this team is baffling\n|\n|t:|1700370223\n|-zpower|p1a: Kommo-o\n|move|p1a: Kommo-o|Clangorous Soulblaze|p2b: Heatran|[zeffect]|[spread] p2a,p2b\n|-resisted|p2b: Heatran\n|-damage|p2a: Sinistcha|0 fnt\n|-damage|p2b: Heatran|79\/100\n|faint|p2a: Sinistcha\n|-boost|p1a: Kommo-o|atk|1\n|-boost|p1a: Kommo-o|def|1\n|-boost|p1a: Kommo-o|spa|1\n|-boost|p1a: Kommo-o|spd|1\n|-boost|p1a: Kommo-o|spe|1\n|move|p2b: Heatran|Eruption|p1a: Kommo-o\n|-resisted|p1a: Kommo-o\n|-damage|p1a: Kommo-o|79\/100\n|\n|upkeep\n|\n|t:|1700370230\n|switch|p2a: Sneasler|Sneasler, F, tera:Flying|100\/100\n|-damage|p2a: Sneasler|76\/100|[from] Stealth Rock\n|turn|14\n|\n|t:|1700370251\n|move|p1a: Kommo-o|Clanging Scales|p2b: Heatran|[spread] p2a,p2b\n|-resisted|p2b: Heatran\n|-damage|p2a: Sneasler|0 fnt\n|-damage|p2b: Heatran|61\/100\n|faint|p2a: Sneasler\n|-unboost|p1a: Kommo-o|def|1\n|move|p2b: Heatran|Earth Power|p1a: Kommo-o\n|-damage|p1a: Kommo-o|55\/100\n|\n|upkeep\n|\n|t:|1700370259\n|switch|p2a: Indeedee|Indeedee-F, F, shiny|55\/100\n|-damage|p2a: Indeedee|42\/100|[from] Stealth Rock\n|-fieldstart|move: Psychic Terrain|[from] ability: Psychic Surge|[of] p2a: Indeedee\n|turn|15\n|\n|t:|1700370264\n|move|p1a: Kommo-o|Protect|p1a: Kommo-o\n|-singleturn|p1a: Kommo-o|Protect\n|move|p2b: Heatran|Earth Power|p1a: Kommo-o\n|-activate|p1a: Kommo-o|move: Protect\n|move|p2a: Indeedee|Trick Room|p2a: Indeedee\n|-fieldstart|move: Trick Room|[of] p2a: Indeedee\n|\n|upkeep\n|turn|16\n|\n|t:|1700370271\n|move|p2a: Indeedee|Expanding Force|p1a: Kommo-o\n|-supereffective|p1a: Kommo-o\n|-damage|p1a: Kommo-o|0 fnt\n|faint|p1a: Kommo-o\n|\n|win|Ryan1Baek\n|c|\u2606Weatherfan|ggs\n|c|\u2606Ryan1Baek|gg\n","uploadtime":1700370277,"views":39,"p1id":"weatherfan","p2id":"ryan1baek","formatid":"gen9nationaldexdoubles","rating":0,"private":0,"password":""}