{"id":"gen9nationaldexdoubles-1953680856","p1":"Creepystank","p2":"SpectralIpaxor","format":"[Gen 9] National Dex Doubles","log":"|j|\u2606Creepystank\n|j|\u2606SpectralIpaxor\n|t:|1695819825\n|gametype|doubles\n|player|p1|Creepystank|cynthia-gen4|1309\n|player|p2|SpectralIpaxor|ingo-hisui|1208\n|teamsize|p1|6\n|teamsize|p2|6\n|gen|9\n|tier|[Gen 9] National Dex Doubles\n|rated|\n|rule|HP Percentage Mod: HP is shown in percentages\n|rule|Endless Battle Clause: Forcing endless battles is banned\n|rule|OHKO Clause: OHKO moves are banned\n|rule|Evasion Moves Clause: Evasion moves are banned\n|rule|Evasion Abilities Clause: Evasion abilities are banned\n|rule|Species Clause: Limit one of each Pok\u00e9mon\n|rule|Gravity Sleep Clause: The combination of sleep-inducing moves with imperfect accuracy and Gravity or Gigantamax Orbeetle are banned\n|clearpoke\n|poke|p1|Weezing-Galar, M|\n|poke|p1|Tapu Fini|\n|poke|p1|Sylveon, F|\n|poke|p1|Scovillain, M|\n|poke|p1|Garchomp, M|\n|poke|p1|Riolu, M|\n|poke|p2|Ogerpon-Hearthflame, F|\n|poke|p2|Shaymin-Sky|\n|poke|p2|Ursaluna-Bloodmoon, M|\n|poke|p2|Fezandipiti, M|\n|poke|p2|Okidogi, M|\n|poke|p2|Vikavolt, M|\n|teampreview\n|inactive|Battle timer is ON: inactive players will automatically lose when time's up. (requested by Creepystank)\n|inactive|SpectralIpaxor also wants the timer to be on.\n|\n|t:|1695819842\n|start\n|switch|p1a: Tapu Fini|Tapu Fini|100\/100\n|switch|p1b: Sylveon|Sylveon, F|100\/100\n|switch|p2a: Deer|Shaymin-Sky|100\/100\n|switch|p2b: Oni|Ogerpon-Hearthflame, F|100\/100\n|-ability|p2b: Oni|Mold Breaker\n|-fieldstart|move: Misty Terrain|[from] ability: Misty Surge|[of] p1a: Tapu Fini\n|turn|1\n|\n|t:|1695819857\n|switch|p1a: Scovillain|Scovillain, M|100\/100\n|move|p2a: Deer|Seed Flare|p1a: Scovillain\n|-resisted|p1a: Scovillain\n|-damage|p1a: Scovillain|81\/100\n|-unboost|p1a: Scovillain|spd|2\n|move|p2b: Oni|Horn Leech|p1b: Sylveon\n|-damage|p1b: Sylveon|52\/100\n|move|p1b: Sylveon|Hyper Voice|p2b: Oni|[spread] p2a,p2b\n|-resisted|p2b: Oni\n|-damage|p2a: Deer|51\/100\n|-damage|p2b: Oni|75\/100\n|\n|-ability|p1a: Scovillain|Moody|boost\n|-boost|p1a: Scovillain|def|2\n|-unboost|p1a: Scovillain|spd|1\n|upkeep\n|turn|2\n|\n|t:|1695819882\n|-terastallize|p1b: Sylveon|Fairy\n|move|p1a: Scovillain|Protect|p1a: Scovillain\n|-singleturn|p1a: Scovillain|Protect\n|move|p2a: Deer|Air Slash|p1a: Scovillain\n|-activate|p1a: Scovillain|move: Protect\n|move|p2b: Oni|Ivy Cudgel|p1b: Sylveon\n|-damage|p1b: Sylveon|0 fnt\n|faint|p1b: Sylveon\n|\n|-ability|p1a: Scovillain|Moody|boost\n|-boost|p1a: Scovillain|spe|2\n|-unboost|p1a: Scovillain|atk|1\n|upkeep\n|n|!SpectralIpaxor|spectralipaxor\n|inactive|Creepystank has 120 seconds left.\n|\n|t:|1695819896\n|switch|p1b: Garchomp|Garchomp, M|100\/100\n|turn|3\n|\n|t:|1695819907\n|move|p1a: Scovillain|Spicy Extract|p1b: Garchomp\n|-boost|p1b: Garchomp|atk|2\n|-unboost|p1b: Garchomp|def|2\n|move|p2a: Deer|Air Slash|p1a: Scovillain\n|-supereffective|p1a: Scovillain\n|-damage|p1a: Scovillain|0 fnt\n|faint|p1a: Scovillain\n|move|p2b: Oni|Knock Off|p1b: Garchomp\n|-damage|p1b: Garchomp|32\/100\n|-damage|p2b: Oni|63\/100|[from] ability: Rough Skin|[of] p1b: Garchomp\n|-enditem|p1b: Garchomp|Loaded Dice|[from] move: Knock Off|[of] p2b: Oni\n|move|p1b: Garchomp|Scale Shot|p2b: Oni\n|-damage|p2b: Oni|47\/100\n|-damage|p2b: Oni|32\/100\n|-hitcount|p2b: Oni|2\n|-unboost|p1b: Garchomp|def|1\n|-boost|p1b: Garchomp|spe|1\n|\n|upkeep\n|\n|t:|1695819925\n|switch|p1a: Riolu|Riolu, M|100\/100\n|turn|4\n|\n|t:|1695819937\n|move|p1a: Riolu|Follow Me|p1a: Riolu\n|-singleturn|p1a: Riolu|move: Follow Me\n|move|p1b: Garchomp|Scale Shot|p2b: Oni\n|-damage|p2b: Oni|17\/100\n|-damage|p2b: Oni|1\/100\n|-hitcount|p2b: Oni|2\n|-unboost|p1b: Garchomp|def|1\n|-boost|p1b: Garchomp|spe|1\n|move|p2a: Deer|Air Slash|p1a: Riolu\n|-supereffective|p1a: Riolu\n|-damage|p1a: Riolu|5\/100\n|move|p2b: Oni|Ivy Cudgel|p1a: Riolu\n|-damage|p1a: Riolu|0 fnt\n|faint|p1a: Riolu\n|\n|upkeep\n|\n|t:|1695819952\n|switch|p1a: Weezing|Weezing-Galar, M|100\/100\n|-ability|p1a: Weezing|Neutralizing Gas\n|turn|5\n|c|\u2606Creepystank|Bruh not having loaded dice is so troll\n|inactive|Creepystank has 120 seconds left.\n|\n|t:|1695819983\n|move|p1b: Garchomp|Tera Blast|p2b: Oni\n|-damage|p2b: Oni|0 fnt\n|faint|p2b: Oni\n|move|p2a: Deer|Earth Power|p1a: Weezing\n|-supereffective|p1a: Weezing\n|-damage|p1a: Weezing|20\/100\n|-enditem|p1a: Weezing|Red Card|[of] p2a: Deer\n|drag|p2a: Photon|Vikavolt, M, shiny|100\/100\n|move|p1a: Weezing|Fire Blast|p2a: Photon\n|-supereffective|p2a: Photon\n|-damage|p2a: Photon|51\/100\n|\n|-fieldend|Misty Terrain\n|upkeep\n|\n|t:|1695819997\n|switch|p2b: Deer|Shaymin-Sky|51\/100\n|turn|6\n|\n|t:|1695820015\n|move|p1b: Garchomp|Scale Shot|p2b: Deer\n|-damage|p2b: Deer|20\/100\n|-damage|p2b: Deer|0 fnt\n|faint|p2b: Deer\n|-hitcount|p2: Deer|2\n|-unboost|p1b: Garchomp|def|1\n|-boost|p1b: Garchomp|spe|1\n|move|p2a: Photon|Air Slash|p1a: Weezing\n|-damage|p1a: Weezing|0 fnt\n|faint|p1a: Weezing\n|-end|p1a: Weezing|ability: Neutralizing Gas\n|-damage|p2a: Photon|42\/100|[from] item: Life Orb\n|\n|upkeep\n|\n|t:|1695820028\n|switch|p2b: Birb|Fezandipiti, M|100\/100\n|switch|p1a: Tapu Fini|Tapu Fini|100\/100\n|-fieldstart|move: Misty Terrain|[from] ability: Misty Surge|[of] p1a: Tapu Fini\n|turn|7\n|\n|t:|1695820052\n|move|p1b: Garchomp|Earthquake|p2a: Photon|[spread] p1a,p2b\n|-immune|p2a: Photon|[from] ability: Levitate\n|-supereffective|p2b: Birb\n|-damage|p1a: Tapu Fini|34\/100\n|-enditem|p2b: Birb|Focus Sash\n|-damage|p2b: Birb|1\/100\n|move|p2b: Birb|Tailwind|p2b: Birb\n|-sidestart|p2: SpectralIpaxor|move: Tailwind\n|move|p2a: Photon|Roost|p2a: Photon\n|-heal|p2a: Photon|92\/100\n|-singleturn|p2a: Photon|move: Roost\n|move|p1a: Tapu Fini|Scald|p2a: Photon\n|-damage|p2a: Photon|54\/100\n|\n|upkeep\n|turn|8\n|\n|t:|1695820076\n|move|p1b: Garchomp|Tera Blast|p2a: Photon\n|-damage|p2a: Photon|37\/100\n|move|p2b: Birb|Poison Jab|p1a: Tapu Fini\n|-supereffective|p1a: Tapu Fini\n|-damage|p1a: Tapu Fini|0 fnt\n|faint|p1a: Tapu Fini\n|move|p2a: Photon|Roost|p2a: Photon\n|-heal|p2a: Photon|87\/100\n|-singleturn|p2a: Photon|move: Roost\n|\n|upkeep\n|turn|9\n|inactive|Creepystank has 120 seconds left.\n|-message|Creepystank forfeited.\n|\n|win|SpectralIpaxor\n|raw|Creepystank's rating: 1309 &rarr; <strong>1283<\/strong><br \/>(-26 for losing)\n|raw|SpectralIpaxor's rating: 1208 &rarr; <strong>1240<\/strong><br \/>(+32 for winning)\n|l|\u2606Creepystank\n","uploadtime":1695819886,"views":4,"p1id":"creepystank","p2id":"spectralipaxor","formatid":"gen9nationaldexdoubles","rating":1240,"private":0,"password":""}