{"id":"gen9nationaldexdoubles-1965717910","p1":"Prototype2.O","p2":"wiilyam","format":"[Gen 9] National Dex Doubles","log":"|j|\u2606Prototype2.O\n|j|\u2606wiilyam\n|t:|1697112405\n|gametype|doubles\n|player|p1|Prototype2.O|benga|1070\n|player|p2|wiilyam|ingo|1050\n|teamsize|p1|6\n|teamsize|p2|6\n|gen|9\n|tier|[Gen 9] National Dex Doubles\n|rated|\n|rule|HP Percentage Mod: HP is shown in percentages\n|rule|Endless Battle Clause: Forcing endless battles is banned\n|rule|OHKO Clause: OHKO moves are banned\n|rule|Evasion Moves Clause: Evasion moves are banned\n|rule|Evasion Abilities Clause: Evasion abilities are banned\n|rule|Species Clause: Limit one of each Pok\u00e9mon\n|rule|Gravity Sleep Clause: The combination of sleep-inducing moves with imperfect accuracy and Gravity or Gigantamax Orbeetle are banned\n|clearpoke\n|poke|p1|Sylveon, M|\n|poke|p1|Basculin-White-Striped, M|\n|poke|p1|Tropius, F|\n|poke|p1|Rabsca, M|\n|poke|p1|Furret, M|\n|poke|p1|Basculegion, M|\n|poke|p2|Ceruledge, M|\n|poke|p2|Sinistcha-Masterpiece|\n|poke|p2|Gholdengo|\n|poke|p2|Typhlosion-Hisui, F|\n|poke|p2|Farigiraf, F|\n|poke|p2|Torkoal, F|\n|teampreview\n|c|\u2606Prototype2.O|Glhf\n|\n|t:|1697112416\n|start\n|switch|p1a: Tropius|Tropius, F|100\/100\n|switch|p1b: Rabsca|Rabsca, M|100\/100\n|switch|p2a: Torkoal|Torkoal, F|100\/100\n|switch|p2b: Ceruledge|Ceruledge, M|100\/100\n|-weather|SunnyDay|[from] ability: Drought|[of] p2a: Torkoal\n|turn|1\n|\n|t:|1697112446\n|move|p2b: Ceruledge|Bitter Blade|p1a: Tropius\n|-supereffective|p1a: Tropius\n|-damage|p1a: Tropius|0 fnt\n|faint|p1a: Tropius\n|move|p1b: Rabsca|Skill Swap|p1: Tropius|[notarget]\n|-fail|p1b: Rabsca\n|move|p2a: Torkoal|Lava Plume|p1b: Rabsca|[spread] p1b\n|-start|p2b: Ceruledge|ability: Flash Fire\n|-supereffective|p1b: Rabsca\n|-damage|p1b: Rabsca|46\/100\n|-status|p1b: Rabsca|brn\n|-activate|p1b: Rabsca|ability: Synchronize\n|-immune|p2a: Torkoal\n|\n|-weather|SunnyDay|[upkeep]\n|-damage|p1b: Rabsca|39\/100 brn|[from] brn\n|upkeep\n|\n|t:|1697112465\n|switch|p1a: Furret|Furret, M|100\/100\n|-item|p2a: Torkoal|Heat Rock|[from] ability: Frisk|[of] p1a: Furret|[identify]\n|-item|p2b: Ceruledge|Meadow Plate|[from] ability: Frisk|[of] p1a: Furret|[identify]\n|turn|2\n|\n|t:|1697112482\n|-terastallize|p2b: Ceruledge|Grass\n|move|p1a: Furret|Follow Me|p1a: Furret\n|-singleturn|p1a: Furret|move: Follow Me\n|move|p2b: Ceruledge|Solar Blade||[still]\n|-prepare|p2b: Ceruledge|Solar Blade\n|-anim|p2b: Ceruledge|Solar Blade|p1a: Furret\n|-damage|p1a: Furret|0 fnt\n|faint|p1a: Furret\n|move|p1b: Rabsca|Dazzling Gleam|p2b: Ceruledge|[spread] p2a,p2b\n|-resisted|p2a: Torkoal\n|-damage|p2a: Torkoal|90\/100\n|-damage|p2b: Ceruledge|82\/100\n|move|p2a: Torkoal|Lava Plume|p1b: Rabsca|[spread] p1b\n|-immune|p2b: Ceruledge|[from] ability: Flash Fire\n|-supereffective|p1b: Rabsca\n|-damage|p1b: Rabsca|0 fnt\n|faint|p1b: Rabsca\n|\n|-weather|SunnyDay|[upkeep]\n|upkeep\n|\n|t:|1697112506\n|switch|p1a: Basculin|Basculin-White-Striped, M|100\/100\n|switch|p1b: Basculegion|Basculegion, M|100\/100\n|turn|3\n|\n|t:|1697112525\n|move|p1a: Basculin|Last Respects|p2b: Ceruledge\n|-damage|p2b: Ceruledge|0 fnt\n|faint|p2b: Ceruledge\n|move|p1b: Basculegion|Last Respects|p2a: Torkoal\n|-damage|p2a: Torkoal|0 fnt\n|faint|p2a: Torkoal\n|\n|-weather|SunnyDay|[upkeep]\n|upkeep\n|\n|t:|1697112555\n|switch|p2b: Sinistcha|Sinistcha-Masterpiece|100\/100\n|switch|p2a: Farigiraf|Farigiraf, F|100\/100\n|turn|4\n|inactive|Battle timer is ON: inactive players will automatically lose when time's up. (requested by wiilyam)\n|\n|t:|1697112581\n|switch|p1b: Sylveon|Sylveon, M, shiny|100\/100\n|move|p1a: Basculin|Last Respects|p2b: Sinistcha\n|-supereffective|p2b: Sinistcha\n|-damage|p2b: Sinistcha|0 fnt\n|faint|p2b: Sinistcha\n|move|p2a: Farigiraf|Mud-Slap|p1b: Sylveon\n|-damage|p1b: Sylveon|96\/100\n|-unboost|p1b: Sylveon|accuracy|1\n|\n|-weather|SunnyDay|[upkeep]\n|upkeep\n|\n|t:|1697112593\n|switch|p2b: Gholdengo|Gholdengo|100\/100\n|turn|5\n|\n|t:|1697112610\n|move|p1a: Basculin|Last Respects|p2b: Gholdengo\n|-supereffective|p2b: Gholdengo\n|-damage|p2b: Gholdengo|0 fnt\n|faint|p2b: Gholdengo\n|move|p2a: Farigiraf|Captivate|p1a: Basculin|[spread] p1a,p1b\n|-unboost|p1a: Basculin|spa|2\n|-unboost|p1b: Sylveon|spa|2\n|move|p1b: Sylveon|Calm Mind|p1b: Sylveon\n|-boost|p1b: Sylveon|spa|1\n|-boost|p1b: Sylveon|spd|1\n|\n|-weather|SunnyDay|[upkeep]\n|upkeep\n|\n|t:|1697112619\n|switch|p2b: Typhlosion|Typhlosion-Hisui, F|100\/100\n|-item|p1a: Basculin|Choice Scarf|[from] ability: Frisk|[of] p2b: Typhlosion|[identify]\n|-item|p1b: Sylveon|Fairy Feather|[from] ability: Frisk|[of] p2b: Typhlosion|[identify]\n|turn|6\n|inactive|wiilyam has 120 seconds left.\n|\n|t:|1697112651\n|move|p1a: Basculin|Last Respects|p2b: Typhlosion\n|-supereffective|p2b: Typhlosion\n|-damage|p2b: Typhlosion|0 fnt\n|faint|p2b: Typhlosion\n|move|p1b: Sylveon|Calm Mind|p1b: Sylveon\n|-boost|p1b: Sylveon|spa|1\n|-boost|p1b: Sylveon|spd|1\n|move|p2a: Farigiraf|Mud-Slap|p1a: Basculin\n|-damage|p1a: Basculin|86\/100\n|-unboost|p1a: Basculin|accuracy|1\n|\n|-weather|SunnyDay|[upkeep]\n|upkeep\n|turn|7\n|\n|t:|1697112674\n|switch|p1a: Basculegion|Basculegion, M|100\/100\n|move|p2a: Farigiraf|Dazzling Gleam|p1a: Basculegion|[spread] p1a,p1b\n|-damage|p1a: Basculegion|78\/100\n|-damage|p1b: Sylveon|89\/100\n|move|p1b: Sylveon|Hyper Voice|p2a: Farigiraf|[miss]\n|-miss|p1b: Sylveon|p2a: Farigiraf\n|\n|-weather|SunnyDay|[upkeep]\n|upkeep\n|turn|8\n|\n|t:|1697112697\n|switch|p1b: Basculin|Basculin-White-Striped, M|86\/100\n|move|p1a: Basculegion|Crunch|p2a: Farigiraf\n|-supereffective|p2a: Farigiraf\n|-damage|p2a: Farigiraf|50\/100\n|move|p2a: Farigiraf|Mud-Slap|p1a: Basculegion\n|-damage|p1a: Basculegion|71\/100\n|-unboost|p1a: Basculegion|accuracy|1\n|\n|-weather|none\n|upkeep\n|turn|9\n|\n|t:|1697112713\n|move|p1b: Basculin|Crunch|p2a: Farigiraf\n|-supereffective|p2a: Farigiraf\n|-damage|p2a: Farigiraf|5\/100\n|move|p1a: Basculegion|Crunch|p2a: Farigiraf\n|-supereffective|p2a: Farigiraf\n|-damage|p2a: Farigiraf|0 fnt\n|faint|p2a: Farigiraf\n|\n|win|Prototype2.O\n|raw|Prototype2.O's rating: 1070 &rarr; <strong>1098<\/strong><br \/>(+28 for winning)\n|raw|wiilyam's rating: 1050 &rarr; <strong>1034<\/strong><br \/>(-16 for losing)\n|c|\u2606Prototype2.O|Gg\n|l|\u2606wiilyam\n","uploadtime":1697112724,"views":8,"p1id":"prototype2o","p2id":"wiilyam","formatid":"gen9nationaldexdoubles","rating":1034,"private":0,"password":""}