{"id":"gen9nationaldexdoubles-1957272076","p1":"TogsWorth","p2":"NotArusef","format":"[Gen 9] National Dex Doubles","log":"|j|\u2606TogsWorth\n|j|\u2606NotArusef\n|t:|1696203363\n|gametype|doubles\n|player|p1|TogsWorth|rocketgruntf|1146\n|player|p2|NotArusef|clerk-boss|1088\n|teamsize|p1|6\n|teamsize|p2|6\n|gen|9\n|tier|[Gen 9] National Dex Doubles\n|rated|\n|rule|HP Percentage Mod: HP is shown in percentages\n|rule|Endless Battle Clause: Forcing endless battles is banned\n|rule|OHKO Clause: OHKO moves are banned\n|rule|Evasion Moves Clause: Evasion moves are banned\n|rule|Evasion Abilities Clause: Evasion abilities are banned\n|rule|Species Clause: Limit one of each Pok\u00e9mon\n|rule|Gravity Sleep Clause: The combination of sleep-inducing moves with imperfect accuracy and Gravity or Gigantamax Orbeetle are banned\n|clearpoke\n|poke|p1|Polteageist|\n|poke|p1|Aegislash, F|\n|poke|p1|Cloyster, F|\n|poke|p1|Swoobat, F|\n|poke|p1|Snorlax, F|\n|poke|p1|Mimikyu, F|\n|poke|p2|Stunfisk-Galar, M|\n|poke|p2|Slowking-Galar, M|\n|poke|p2|Slowbro, F|\n|poke|p2|Runerigus, F|\n|poke|p2|Sableye, M|\n|poke|p2|Cradily, M|\n|teampreview\n|inactive|Battle timer is ON: inactive players will automatically lose when time's up. (requested by NotArusef)\n|inactive|TogsWorth also wants the timer to be on.\n|\n|t:|1696203372\n|start\n|switch|p1a: Cloyster|Cloyster, F|100\/100\n|switch|p1b: Polteageist|Polteageist, shiny|100\/100\n|switch|p2a: Runerigus|Runerigus, F|100\/100\n|switch|p2b: Sableye|Sableye, M|100\/100\n|turn|1\n|\n|t:|1696203383\n|-terastallize|p1b: Polteageist|Steel\n|move|p2b: Sableye|Taunt|p1a: Cloyster\n|-start|p1a: Cloyster|move: Taunt\n|cant|p1a: Cloyster|move: Taunt|Shell Smash\n|move|p1b: Polteageist|Shell Smash|p1b: Polteageist\n|-unboost|p1b: Polteageist|def|1\n|-unboost|p1b: Polteageist|spd|1\n|-boost|p1b: Polteageist|atk|2\n|-boost|p1b: Polteageist|spa|2\n|-boost|p1b: Polteageist|spe|2\n|move|p2a: Runerigus|Trick Room|p2a: Runerigus\n|-fieldstart|move: Trick Room|[of] p2a: Runerigus\n|\n|upkeep\n|turn|2\n|\n|t:|1696203404\n|move|p2a: Runerigus|Haze|p2a: Runerigus\n|-clearallboost\n|move|p2b: Sableye|Knock Off|p1b: Polteageist\n|-damage|p1b: Polteageist|59\/100\n|-ability|p1b: Polteageist|Weak Armor|boost\n|-unboost|p1b: Polteageist|def|1\n|-boost|p1b: Polteageist|spe|2\n|-enditem|p1b: Polteageist|Lum Berry|[from] move: Knock Off|[of] p2b: Sableye\n|move|p1a: Cloyster|Waterfall|p2a: Runerigus\n|-supereffective|p2a: Runerigus\n|-damage|p2a: Runerigus|48\/100\n|-activate|p2a: Runerigus|ability: Wandering Spirit|Skill Link|Wandering Spirit|[of] p1a: Cloyster\n|move|p1b: Polteageist|Dark Pulse|p2b: Sableye\n|-damage|p2b: Sableye|57\/100\n|\n|upkeep\n|turn|3\n|\n|t:|1696203418\n|move|p2b: Sableye|Taunt|p1b: Polteageist\n|-start|p1b: Polteageist|move: Taunt\n|move|p2a: Runerigus|Shadow Claw|p1a: Cloyster\n|-damage|p1a: Cloyster|73\/100\n|-activate|p1a: Cloyster|ability: Wandering Spirit|Skill Link|Wandering Spirit|[of] p2a: Runerigus\n|move|p1a: Cloyster|Waterfall|p2a: Runerigus\n|-supereffective|p2a: Runerigus\n|-damage|p2a: Runerigus|0 fnt\n|-activate|p2a: Runerigus|ability: Wandering Spirit|Skill Link|Wandering Spirit|[of] p1a: Cloyster\n|faint|p2a: Runerigus\n|move|p1b: Polteageist|Dark Pulse|p2b: Sableye\n|-damage|p2b: Sableye|11\/100\n|\n|-end|p1a: Cloyster|move: Taunt\n|upkeep\n|inactive|NotArusef has 120 seconds left.\n|\n|t:|1696203444\n|switch|p2a: Cradily|Cradily, M|100\/100\n|turn|4\n|\n|t:|1696203455\n|move|p2b: Sableye|Reflect|p2b: Sableye\n|-sidestart|p2: NotArusef|Reflect\n|move|p2a: Cradily|Giga Drain|p1a: Cloyster\n|-supereffective|p1a: Cloyster\n|-damage|p1a: Cloyster|0 fnt\n|faint|p1a: Cloyster\n|move|p1b: Polteageist|Dark Pulse|p2b: Sableye\n|-damage|p2b: Sableye|0 fnt\n|faint|p2b: Sableye\n|\n|upkeep\n|\n|t:|1696203470\n|switch|p2b: Slowbro|Slowbro, F|100\/100\n|switch|p1a: Aegislash|Aegislash, F, shiny|100\/100\n|turn|5\n|\n|t:|1696203484\n|move|p2b: Slowbro|Flamethrower|p1b: Polteageist\n|-supereffective|p1b: Polteageist\n|-damage|p1b: Polteageist|0 fnt\n|faint|p1b: Polteageist\n|move|p2a: Cradily|Leech Seed|p1a: Aegislash\n|-start|p1a: Aegislash|move: Leech Seed\n|-formechange|p1a: Aegislash|Aegislash-Blade||[from] ability: Stance Change\n|move|p1a: Aegislash|Shadow Ball|p2b: Slowbro\n|-supereffective|p2b: Slowbro\n|-crit|p2b: Slowbro\n|-damage|p2b: Slowbro|0 fnt\n|faint|p2b: Slowbro\n|\n|-damage|p1a: Aegislash|88\/100|[from] Leech Seed|[of] p2a: Cradily\n|-fieldend|move: Trick Room\n|upkeep\n|\n|t:|1696203504\n|switch|p1b: Swoobat|Swoobat, F, shiny|100\/100\n|switch|p2b: Stunfisk|Stunfisk-Galar, M|100\/100\n|turn|6\n|\n|t:|1696203517\n|-formechange|p1a: Aegislash|Aegislash||[from] ability: Stance Change\n|move|p1a: Aegislash|King's Shield|p1a: Aegislash\n|-singleturn|p1a: Aegislash|Protect\n|move|p1b: Swoobat|Calm Mind|p1b: Swoobat\n|-boost|p1b: Swoobat|spa|2\n|-boost|p1b: Swoobat|spd|2\n|move|p2a: Cradily|Leech Seed|p1b: Swoobat\n|-start|p1b: Swoobat|move: Leech Seed\n|move|p2b: Stunfisk|Curse|p2b: Stunfisk\n|-unboost|p2b: Stunfisk|spe|1\n|-boost|p2b: Stunfisk|atk|1\n|-boost|p2b: Stunfisk|def|1\n|-enditem|p1b: Swoobat|Mirror Herb\n|-boost|p1b: Swoobat|atk|2|[from] item: Mirror Herb\n|-boost|p1b: Swoobat|def|2|[from] item: Mirror Herb\n|\n|-heal|p1a: Aegislash|94\/100|[from] item: Leftovers\n|-damage|p1b: Swoobat|88\/100|[from] Leech Seed|[of] p2a: Cradily\n|-damage|p1a: Aegislash|82\/100|[from] Leech Seed|[of] p2a: Cradily\n|upkeep\n|turn|7\n|\n|t:|1696203537\n|move|p1b: Swoobat|Stored Power|p2a: Cradily\n|-damage|p2a: Cradily|26\/100\n|-formechange|p1a: Aegislash|Aegislash-Blade||[from] ability: Stance Change\n|move|p1a: Aegislash|Hidden Power|p2b: Stunfisk\n|-supereffective|p2b: Stunfisk\n|-damage|p2b: Stunfisk|55\/100\n|move|p2a: Cradily|Ancient Power|p1b: Swoobat\n|-supereffective|p1b: Swoobat\n|-damage|p1b: Swoobat|57\/100\n|move|p2b: Stunfisk|Stomping Tantrum|p1a: Aegislash\n|-supereffective|p1a: Aegislash\n|-crit|p1a: Aegislash\n|-damage|p1a: Aegislash|0 fnt\n|faint|p1a: Aegislash\n|\n|-damage|p1b: Swoobat|44\/100|[from] Leech Seed|[of] p2a: Cradily\n|-heal|p2a: Cradily|39\/100|[silent]\n|upkeep\n|\n|t:|1696203546\n|switch|p1a: Mimikyu|Mimikyu, F|100\/100\n|turn|8\n|\n|t:|1696203560\n|move|p2a: Cradily|Protect|p2a: Cradily\n|-singleturn|p2a: Cradily|Protect\n|move|p1b: Swoobat|Stored Power|p2a: Cradily\n|-activate|p2a: Cradily|move: Protect\n|move|p1a: Mimikyu|Play Rough|p2b: Stunfisk\n|-resisted|p2b: Stunfisk\n|-damage|p2b: Stunfisk|48\/100\n|move|p2b: Stunfisk|Metal Claw|p1b: Swoobat\n|-damage|p1b: Swoobat|15\/100\n|\n|-damage|p1b: Swoobat|2\/100|[from] Leech Seed|[of] p2a: Cradily\n|-heal|p2a: Cradily|51\/100|[silent]\n|upkeep\n|turn|9\n|\n|t:|1696203581\n|move|p1b: Swoobat|Stored Power|p2b: Stunfisk\n|-resisted|p2b: Stunfisk\n|-damage|p2b: Stunfisk|0 fnt\n|faint|p2b: Stunfisk\n|move|p1a: Mimikyu|Play Rough|p2a: Cradily\n|-damage|p2a: Cradily|22\/100\n|move|p2a: Cradily|Leech Seed|p1a: Mimikyu\n|-start|p1a: Mimikyu|move: Leech Seed\n|\n|-damage|p1b: Swoobat|0 fnt|[from] Leech Seed|[of] p2a: Cradily\n|-heal|p2a: Cradily|23\/100|[silent]\n|faint|p1b: Swoobat\n|-damage|p1a: Mimikyu|88\/100|[from] Leech Seed|[of] p2a: Cradily\n|-heal|p2a: Cradily|34\/100|[silent]\n|upkeep\n|\n|t:|1696203592\n|switch|p1b: Snorlax|Snorlax, F, shiny|100\/100\n|switch|p2b: Slowking|Slowking-Galar, M|100\/100\n|turn|10\n|\n|t:|1696203605\n|move|p1a: Mimikyu|Shadow Sneak|p2b: Slowking\n|-supereffective|p2b: Slowking\n|-damage|p2b: Slowking|73\/100\n|move|p1b: Snorlax|Gunk Shot|p2a: Cradily|[miss]\n|-miss|p1b: Snorlax|p2a: Cradily\n|move|p2a: Cradily|Leech Seed|p1b: Snorlax\n|-start|p1b: Snorlax|move: Leech Seed\n|move|p2b: Slowking|Trick Room|p2b: Slowking\n|-fieldstart|move: Trick Room|[of] p2b: Slowking\n|\n|-heal|p2b: Slowking|79\/100|[from] item: Black Sludge\n|-damage|p1b: Snorlax|88\/100|[from] Leech Seed|[of] p2a: Cradily\n|-heal|p2a: Cradily|55\/100|[silent]\n|-damage|p1a: Mimikyu|76\/100|[from] Leech Seed|[of] p2a: Cradily\n|-heal|p2a: Cradily|66\/100|[silent]\n|upkeep\n|turn|11\n|\n|t:|1696203617\n|move|p1a: Mimikyu|Shadow Sneak|p2b: Slowking\n|-supereffective|p2b: Slowking\n|-damage|p2b: Slowking|48\/100\n|move|p2b: Slowking|Sludge Bomb|p1a: Mimikyu\n|-activate|p1a: Mimikyu|ability: Disguise\n|-damage|p1a: Mimikyu|76\/100\n|detailschange|p1a: Mimikyu|Mimikyu-Busted, F\n|-damage|p1a: Mimikyu|63\/100|[from] pokemon: Mimikyu-Busted\n|move|p2a: Cradily|Ancient Power|p1a: Mimikyu\n|-damage|p1a: Mimikyu|42\/100\n|move|p1b: Snorlax|Gunk Shot|p2a: Cradily\n|-damage|p2a: Cradily|47\/100\n|\n|-heal|p2b: Slowking|54\/100|[from] item: Black Sludge\n|-damage|p1b: Snorlax|76\/100|[from] Leech Seed|[of] p2a: Cradily\n|-heal|p2a: Cradily|68\/100|[silent]\n|-damage|p1a: Mimikyu|30\/100|[from] Leech Seed|[of] p2a: Cradily\n|-heal|p2a: Cradily|79\/100|[silent]\n|-sideend|p2: NotArusef|Reflect\n|upkeep\n|turn|12\n|\n|t:|1696203640\n|move|p2b: Slowking|Sludge Bomb|p1a: Mimikyu\n|-damage|p1a: Mimikyu|0 fnt\n|faint|p1a: Mimikyu\n|move|p2a: Cradily|Giga Drain|p1b: Snorlax\n|-damage|p1b: Snorlax|64\/100\n|-heal|p2a: Cradily|89\/100|[from] drain|[of] p1b: Snorlax\n|move|p1b: Snorlax|Curse|p1b: Snorlax\n|-unboost|p1b: Snorlax|spe|1\n|-boost|p1b: Snorlax|atk|1\n|-boost|p1b: Snorlax|def|1\n|\n|-heal|p2b: Slowking|60\/100|[from] item: Black Sludge\n|-damage|p1b: Snorlax|52\/100|[from] Leech Seed|[of] p2a: Cradily\n|-heal|p2a: Cradily|100\/100|[silent]\n|upkeep\n|turn|13\n|\n|t:|1696203651\n|move|p2b: Slowking|Sludge Bomb|p1b: Snorlax\n|-damage|p1b: Snorlax|29\/100\n|move|p1b: Snorlax|Rest|p1b: Snorlax\n|-status|p1b: Snorlax|slp|[from] move: Rest\n|-heal|p1b: Snorlax|100\/100 slp|[silent]\n|move|p2a: Cradily|Ancient Power|p1b: Snorlax\n|-damage|p1b: Snorlax|92\/100 slp\n|\n|-heal|p2b: Slowking|66\/100|[from] item: Black Sludge\n|-damage|p1b: Snorlax|79\/100 slp|[from] Leech Seed|[of] p2a: Cradily\n|upkeep\n|turn|14\n|\n|t:|1696203663\n|move|p2b: Slowking|Eerie Spell|p1b: Snorlax\n|-damage|p1b: Snorlax|59\/100 slp\n|-activate|p1b: Snorlax|move: Eerie Spell|Rest|3\n|cant|p1b: Snorlax|slp\n|move|p1b: Snorlax|Sleep Talk|p1b: Snorlax\n|move|p1b: Snorlax|Curse|p1b: Snorlax|[from]move: Sleep Talk\n|-unboost|p1b: Snorlax|spe|1\n|-boost|p1b: Snorlax|atk|1\n|-boost|p1b: Snorlax|def|1\n|move|p2a: Cradily|Ancient Power|p1b: Snorlax\n|-damage|p1b: Snorlax|50\/100 slp\n|\n|-heal|p2b: Slowking|73\/100|[from] item: Black Sludge\n|-damage|p1b: Snorlax|38\/100 slp|[from] Leech Seed|[of] p2a: Cradily\n|-fieldend|move: Trick Room\n|upkeep\n|turn|15\n|\n|t:|1696203675\n|move|p2a: Cradily|Ancient Power|p1b: Snorlax\n|-damage|p1b: Snorlax|28\/100 slp\n|-boost|p2a: Cradily|atk|1\n|-boost|p2a: Cradily|def|1\n|-boost|p2a: Cradily|spa|1\n|-boost|p2a: Cradily|spd|1\n|-boost|p2a: Cradily|spe|1\n|move|p2b: Slowking|Eerie Spell|p1b: Snorlax\n|-damage|p1b: Snorlax|9\/100 slp\n|-activate|p1b: Snorlax|move: Eerie Spell|Sleep Talk|3\n|cant|p1b: Snorlax|slp\n|move|p1b: Snorlax|Sleep Talk|p1b: Snorlax\n|move|p1b: Snorlax|Curse|p1b: Snorlax|[from]move: Sleep Talk\n|-unboost|p1b: Snorlax|spe|1\n|-boost|p1b: Snorlax|atk|1\n|-boost|p1b: Snorlax|def|1\n|\n|-heal|p2b: Slowking|79\/100|[from] item: Black Sludge\n|-damage|p1b: Snorlax|0 fnt|[from] Leech Seed|[of] p2a: Cradily\n|faint|p1b: Snorlax\n|\n|win|NotArusef\n|upkeep\n|raw|TogsWorth's rating: 1146 &rarr; <strong>1117<\/strong><br \/>(-29 for losing)\n|raw|NotArusef's rating: 1088 &rarr; <strong>1119<\/strong><br \/>(+31 for winning)\n|l|\u2606TogsWorth\n","uploadtime":1696203692,"views":11,"p1id":"togsworth","p2id":"notarusef","formatid":"gen9nationaldexdoubles","rating":1117,"private":0,"password":""}