{"id":"gen9nationaldexdoubles-1972092581","p1":"TheRarWolf","p2":"JodexStar","format":"[Gen 9] National Dex Doubles","log":"|j|\u2606TheRarWolf\n|j|\u2606JodexStar\n|t:|1697812179\n|gametype|doubles\n|player|p1|TheRarWolf|roxie|\n|player|p2|JodexStar|janitor|\n|teamsize|p1|6\n|teamsize|p2|6\n|gen|9\n|tier|[Gen 9] National Dex Doubles\n|rule|HP Percentage Mod: HP is shown in percentages\n|rule|Endless Battle Clause: Forcing endless battles is banned\n|rule|OHKO Clause: OHKO moves are banned\n|rule|Evasion Moves Clause: Evasion moves are banned\n|rule|Evasion Abilities Clause: Evasion abilities are banned\n|rule|Species Clause: Limit one of each Pok\u00e9mon\n|rule|Gravity Sleep Clause: The combination of sleep-inducing moves with imperfect accuracy and Gravity or Gigantamax Orbeetle are banned\n|clearpoke\n|poke|p1|Ambipom, F|\n|poke|p1|Ursaluna-Bloodmoon, M|\n|poke|p1|Porygon2|\n|poke|p1|Oranguru, M|\n|poke|p1|Indeedee-F, F|\n|poke|p1|Exploud, M|\n|poke|p2|Gothitelle, M|\n|poke|p2|Wobbuffet, F|\n|poke|p2|Scream Tail|\n|poke|p2|Celebi|\n|poke|p2|Metagross|\n|poke|p2|Articuno-Galar|\n|teampreview\n|c|\u2606TheRarWolf|Oh god perish trap\n|c|\u2606JodexStar|sorry mate\n|\n|t:|1697812209\n|start\n|switch|p1a: Ambipom|Ambipom, F, shiny|100\/100\n|switch|p1b: Indeedee|Indeedee-F, F|100\/100\n|switch|p2a: Gothitelle|Gothitelle, M|100\/100\n|switch|p2b: Scream Tail|Scream Tail|100\/100\n|-fieldstart|move: Psychic Terrain|[from] ability: Psychic Surge|[of] p1b: Indeedee\n|turn|1\n|c|\u2606JodexStar|was it psychic terrain that blocked priority?\n|c|\u2606TheRarWolf|Yeah\n|\n|t:|1697812239\n|move|p2a: Gothitelle|Protect|p2a: Gothitelle\n|-singleturn|p2a: Gothitelle|Protect\n|move|p1a: Ambipom|Taunt|p2b: Scream Tail\n|-start|p2b: Scream Tail|move: Taunt\n|cant|p2b: Scream Tail|move: Taunt|Perish Song\n|move|p1b: Indeedee|Trick Room|p1b: Indeedee\n|-fieldstart|move: Trick Room|[of] p1b: Indeedee\n|\n|upkeep\n|turn|2\n|c|\u2606JodexStar|my mans out here gaming\n|\n|t:|1697812260\n|move|p1b: Indeedee|Protect|p1b: Indeedee\n|-singleturn|p1b: Indeedee|Protect\n|move|p2a: Gothitelle|Future Sight|p1a: Ambipom\n|-start|p2a: Gothitelle|move: Future Sight\n|move|p2b: Scream Tail|Dazzling Gleam|p1a: Ambipom|[spread] p1a\n|-activate|p1b: Indeedee|move: Protect\n|-damage|p1a: Ambipom|77\/100\n|move|p1a: Ambipom|U-turn|p2a: Gothitelle\n|-supereffective|p2a: Gothitelle\n|-damage|p2a: Gothitelle|60\/100\n|\n|t:|1697812269\n|switch|p1a: Ursaluna|Ursaluna-Bloodmoon, M|100\/100|[from] U-turn\n|\n|upkeep\n|turn|3\n|\n|t:|1697812290\n|switch|p2a: Celebi|Celebi|100\/100\n|-end|p2b: Scream Tail|Protosynthesis|[silent]\n|switch|p2b: Wobbuffet|Wobbuffet, F|100\/100\n|move|p1a: Ursaluna|Hyper Voice|p2a: Celebi|[spread] p2a,p2b\n|-damage|p2a: Celebi|69\/100\n|-damage|p2b: Wobbuffet|65\/100\n|-enditem|p1a: Ursaluna|Throat Spray\n|-boost|p1a: Ursaluna|spa|1|[from] item: Throat Spray\n|move|p1b: Indeedee|Expanding Force|p2b: Wobbuffet|[spread] p2a,p2b\n|-resisted|p2a: Celebi\n|-resisted|p2b: Wobbuffet\n|-damage|p2a: Celebi|55\/100\n|-damage|p2b: Wobbuffet|48\/100\n|\n|-heal|p2a: Celebi|61\/100|[from] item: Leftovers\n|upkeep\n|turn|4\n|\n|t:|1697812314\n|move|p2b: Wobbuffet|Destiny Bond|p2b: Wobbuffet\n|-singlemove|p2b: Wobbuffet|Destiny Bond\n|move|p1a: Ursaluna|Hyper Voice|p2a: Celebi|[spread] p2a,p2b\n|-damage|p2a: Celebi|13\/100\n|-damage|p2b: Wobbuffet|0 fnt\n|faint|p2b: Wobbuffet\n|-activate|p2b: Wobbuffet|move: Destiny Bond\n|faint|p1a: Ursaluna\n|move|p1b: Indeedee|Dazzling Gleam|p2a: Celebi\n|-damage|p2a: Celebi|0 fnt\n|faint|p2a: Celebi\n|\n|-hint|Future Sight did not hit because the target is fainted.\n|upkeep\n|\n|t:|1697812334\n|switch|p2b: Articuno|Articuno-Galar|100\/100\n|switch|p1a: Exploud|Exploud, M|100\/100\n|switch|p2a: Metagross|Metagross|100\/100\n|turn|5\n|\n|t:|1697812350\n|move|p1b: Indeedee|Protect|p1b: Indeedee\n|-singleturn|p1b: Indeedee|Protect\n|move|p1a: Exploud|Flamethrower|p2a: Metagross\n|-supereffective|p2a: Metagross\n|-damage|p2a: Metagross|47\/100\n|move|p2a: Metagross|Earthquake|p1b: Indeedee|[spread] p1a\n|-activate|p1b: Indeedee|move: Protect\n|-immune|p2b: Articuno\n|-damage|p1a: Exploud|66\/100\n|move|p2b: Articuno|Recover||[still]\n|-fail|p2b: Articuno|heal\n|\n|-fieldend|move: Trick Room\n|-fieldend|move: Psychic Terrain\n|upkeep\n|turn|6\n|\n|t:|1697812370\n|move|p2a: Metagross|Bullet Punch|p1a: Exploud\n|-damage|p1a: Exploud|36\/100\n|move|p2b: Articuno|Freezing Glare|p1a: Exploud\n|-damage|p1a: Exploud|0 fnt\n|faint|p1a: Exploud\n|-damage|p2b: Articuno|91\/100|[from] item: Life Orb\n|move|p1b: Indeedee|Trick Room|p1b: Indeedee\n|-fieldstart|move: Trick Room|[of] p1b: Indeedee\n|\n|upkeep\n|\n|t:|1697812384\n|switch|p1a: Porygon2|Porygon2|100\/100\n|-ability|p1a: Porygon2|Download|boost\n|-boost|p1a: Porygon2|spa|1\n|turn|7\n|\n|t:|1697812395\n|switch|p2a: Gothitelle|Gothitelle, M|60\/100\n|switch|p2b: Scream Tail|Scream Tail|100\/100\n|move|p1b: Indeedee|Protect|p1b: Indeedee\n|-singleturn|p1b: Indeedee|Protect\n|move|p1a: Porygon2|Discharge|p2b: Scream Tail|[spread] p2a,p2b\n|-activate|p1b: Indeedee|move: Protect\n|-damage|p2a: Gothitelle|46\/100\n|-damage|p2b: Scream Tail|86\/100\n|-status|p2b: Scream Tail|par\n|\n|-heal|p2b: Scream Tail|92\/100 par|[from] item: Leftovers\n|upkeep\n|turn|8\n|\n|t:|1697812414\n|move|p2a: Gothitelle|Fake Out|p1b: Indeedee\n|-damage|p1b: Indeedee|93\/100\n|move|p1a: Porygon2|Discharge|p2a: Gothitelle|[spread] p1b,p2a,p2b\n|-damage|p1b: Indeedee|78\/100\n|-damage|p2a: Gothitelle|32\/100\n|-damage|p2b: Scream Tail|76\/100 par\n|move|p2b: Scream Tail|Perish Song|p2b: Scream Tail\n|-start|p1a: Porygon2|perish3|[silent]\n|-start|p1b: Indeedee|perish3|[silent]\n|-start|p2a: Gothitelle|perish3|[silent]\n|-start|p2b: Scream Tail|perish3|[silent]\n|-fieldactivate|move: Perish Song\n|cant|p1b: Indeedee|flinch\n|\n|-heal|p2b: Scream Tail|83\/100 par|[from] item: Leftovers\n|-start|p1a: Porygon2|perish3\n|-start|p2a: Gothitelle|perish3\n|-start|p2b: Scream Tail|perish3\n|-start|p1b: Indeedee|perish3\n|upkeep\n|turn|9\n|\n|t:|1697812449\n|move|p2a: Gothitelle|Protect|p2a: Gothitelle\n|-singleturn|p2a: Gothitelle|Protect\n|move|p1a: Porygon2|Ice Beam|p2a: Gothitelle\n|-activate|p2a: Gothitelle|move: Protect\n|move|p2b: Scream Tail|Disable|p1a: Porygon2\n|-start|p1a: Porygon2|Disable|Ice Beam\n|move|p1b: Indeedee|Dazzling Gleam|p2a: Gothitelle|[spread] p2b\n|-activate|p2a: Gothitelle|move: Protect\n|-damage|p2b: Scream Tail|74\/100 par\n|\n|-heal|p2b: Scream Tail|80\/100 par|[from] item: Leftovers\n|-start|p1a: Porygon2|perish2\n|-start|p2a: Gothitelle|perish2\n|-start|p2b: Scream Tail|perish2\n|-start|p1b: Indeedee|perish2\n|upkeep\n|turn|10\n|\n|t:|1697812470\n|cant|p2b: Scream Tail|par\n|move|p2a: Gothitelle|Ally Switch||[still]\n|-fail|p2a: Gothitelle\n|move|p1a: Porygon2|Discharge|p2b: Scream Tail|[spread] p1b,p2a,p2b\n|-crit|p2b: Scream Tail\n|-damage|p1b: Indeedee|64\/100\n|-damage|p2a: Gothitelle|16\/100\n|-damage|p2b: Scream Tail|58\/100 par\n|-zpower|p1b: Indeedee\n|move|p1b: Indeedee|Shattered Psyche|p2a: Gothitelle|[zeffect]\n|-resisted|p2a: Gothitelle\n|-damage|p2a: Gothitelle|0 fnt\n|faint|p2a: Gothitelle\n|\n|-heal|p2b: Scream Tail|64\/100 par|[from] item: Leftovers\n|-start|p1a: Porygon2|perish1\n|-start|p2b: Scream Tail|perish1\n|-start|p1b: Indeedee|perish1\n|-fieldend|move: Trick Room\n|upkeep\n|c|\u2606JodexStar|oo\n|c|\u2606TheRarWolf|The bomb has been difusex\n|c|\u2606JodexStar|ally switch can fail too\n|c|\u2606JodexStar|the more you know\n|c|\u2606TheRarWolf|Difused\n|\n|t:|1697812503\n|switch|p2a: Articuno|Articuno-Galar|91\/100\n|turn|11\n|\n|t:|1697812518\n|switch|p1b: Oranguru|Oranguru, M|100\/100\n|-end|p2b: Scream Tail|Protosynthesis|[silent]\n|switch|p2b: Metagross|Metagross|47\/100\n|switch|p1a: Ambipom|Ambipom, F, shiny|77\/100\n|move|p2a: Articuno|Air Slash|p1b: Oranguru\n|-damage|p1b: Oranguru|70\/100\n|-damage|p2a: Articuno|81\/100|[from] item: Life Orb\n|\n|upkeep\n|turn|12\n|\n|t:|1697812534\n|move|p1a: Ambipom|Fake Out|p2a: Articuno\n|-damage|p2a: Articuno|42\/100\n|move|p2b: Metagross|Bullet Punch|p1a: Ambipom\n|-damage|p1a: Ambipom|40\/100\n|cant|p2a: Articuno|flinch\n|move|p1b: Oranguru|Pain Split|p2b: Metagross\n|-sethp|p2b: Metagross|60\/100|[from] move: Pain Split|[silent]\n|-sethp|p1b: Oranguru|57\/100|[from] move: Pain Split\n|\n|upkeep\n|turn|13\n|\n|t:|1697812548\n|move|p1b: Oranguru|Protect|p1b: Oranguru\n|-singleturn|p1b: Oranguru|Protect\n|move|p1a: Ambipom|Double Hit|p2a: Articuno\n|-damage|p2a: Articuno|7\/100\n|-damage|p2a: Articuno|0 fnt\n|faint|p2a: Articuno\n|-hitcount|p2: Articuno|2\n|move|p2b: Metagross|Meteor Mash|p1a: Ambipom\n|-damage|p1a: Ambipom|0 fnt\n|faint|p1a: Ambipom\n|\n|upkeep\n|\n|t:|1697812559\n|switch|p1a: Indeedee|Indeedee-F, F|64\/100\n|switch|p2a: Scream Tail|Scream Tail|64\/100 par\n|-fieldstart|move: Psychic Terrain|[from] ability: Psychic Surge|[of] p1a: Indeedee\n|-enditem|p1b: Oranguru|Psychic Seed\n|-boost|p1b: Oranguru|spd|1|[from] item: Psychic Seed\n|turn|14\n|\n|t:|1697812580\n|move|p1a: Indeedee|Expanding Force|p2b: Metagross|[spread] p2a,p2b\n|-resisted|p2a: Scream Tail\n|-resisted|p2b: Metagross\n|-damage|p2a: Scream Tail|50\/100 par\n|-damage|p2b: Metagross|54\/100\n|move|p2a: Scream Tail|Dazzling Gleam|p1b: Oranguru|[spread] p1a,p1b\n|-damage|p1a: Indeedee|54\/100\n|-damage|p1b: Oranguru|51\/100\n|move|p2b: Metagross|Meteor Mash|p1a: Indeedee\n|-damage|p1a: Indeedee|0 fnt\n|faint|p1a: Indeedee\n|move|p1b: Oranguru|Expanding Force|p2a: Scream Tail|[spread] p2a,p2b\n|-resisted|p2a: Scream Tail\n|-resisted|p2b: Metagross\n|-damage|p2a: Scream Tail|37\/100 par\n|-damage|p2b: Metagross|48\/100\n|\n|-heal|p2a: Scream Tail|43\/100 par|[from] item: Leftovers\n|upkeep\n|\n|t:|1697812586\n|switch|p1a: Porygon2|Porygon2|100\/100\n|-ability|p1a: Porygon2|Download|boost\n|-boost|p1a: Porygon2|spa|1\n|turn|15\n|\n|t:|1697812609\n|move|p2b: Metagross|Zen Headbutt|p1a: Porygon2\n|-damage|p1a: Porygon2|62\/100\n|cant|p2a: Scream Tail|par\n|move|p1b: Oranguru|Expanding Force|p2a: Scream Tail|[spread] p2a,p2b\n|-resisted|p2a: Scream Tail\n|-resisted|p2b: Metagross\n|-damage|p2a: Scream Tail|29\/100 par\n|-damage|p2b: Metagross|41\/100\n|move|p1a: Porygon2|Discharge|p2b: Metagross|[spread] p2a,p2b\n|-activate|p1b: Oranguru|ability: Telepathy\n|-damage|p2a: Scream Tail|15\/100 par\n|-damage|p2b: Metagross|27\/100\n|\n|-heal|p2a: Scream Tail|21\/100 par|[from] item: Leftovers\n|upkeep\n|turn|16\n|\n|t:|1697812633\n|move|p2a: Scream Tail|Dazzling Gleam|p1b: Oranguru|[spread] p1a,p1b\n|-damage|p1a: Porygon2|55\/100\n|-damage|p1b: Oranguru|45\/100\n|move|p2b: Metagross|Meteor Mash|p1a: Porygon2\n|-damage|p1a: Porygon2|20\/100\n|-boost|p2b: Metagross|atk|1\n|move|p1b: Oranguru|Expanding Force|p2b: Metagross|[spread] p2a,p2b\n|-resisted|p2a: Scream Tail\n|-resisted|p2b: Metagross\n|-damage|p2a: Scream Tail|9\/100 par\n|-damage|p2b: Metagross|21\/100\n|move|p1a: Porygon2|Discharge|p2a: Scream Tail|[spread] p2a,p2b\n|-activate|p1b: Oranguru|ability: Telepathy\n|-damage|p2a: Scream Tail|0 fnt\n|-damage|p2b: Metagross|5\/100\n|-status|p2b: Metagross|par\n|faint|p2a: Scream Tail\n|-end|p2a: Scream Tail|Protosynthesis|[silent]\n|\n|upkeep\n|turn|17\n|c|\u2606TheRarWolf|Ggs\n|c|\u2606JodexStar|yea\n|c|\u2606JodexStar|ggs\n|\n|t:|1697812652\n|move|p2b: Metagross|Bullet Punch|p1a: Porygon2\n|-activate|p1a: Porygon2|move: Psychic Terrain\n|move|p1b: Oranguru|Expanding Force|p2b: Metagross\n|-resisted|p2b: Metagross\n|-damage|p2b: Metagross|0 fnt\n|faint|p2b: Metagross\n|\n|win|TheRarWolf\n|c|\u2606TheRarWolf|The perish trap save saved me\n","uploadtime":1697812673,"views":10,"p1id":"therarwolf","p2id":"jodexstar","formatid":"gen9nationaldexdoubles","rating":0,"private":0,"password":""}