{"id":"gen9nationaldexdoubles-1973100174","p1":"Sakura the blossom","p2":"Sencopion","format":"[Gen 9] National Dex Doubles","log":"|j|\u2606Sakura the blossom\n|j|\u2606Sencopion\n|t:|1697927582\n|gametype|doubles\n|player|p1|Sakura the blossom|caitlin|\n|player|p2|Sencopion|roxie|\n|teamsize|p1|6\n|teamsize|p2|6\n|gen|9\n|tier|[Gen 9] National Dex Doubles\n|rule|HP Percentage Mod: HP is shown in percentages\n|rule|Endless Battle Clause: Forcing endless battles is banned\n|rule|OHKO Clause: OHKO moves are banned\n|rule|Evasion Moves Clause: Evasion moves are banned\n|rule|Evasion Abilities Clause: Evasion abilities are banned\n|rule|Species Clause: Limit one of each Pok\u00e9mon\n|rule|Gravity Sleep Clause: The combination of sleep-inducing moves with imperfect accuracy and Gravity or Gigantamax Orbeetle are banned\n|clearpoke\n|poke|p1|Armarouge, M|\n|poke|p1|Indeedee-F, F|\n|poke|p1|Maushold|\n|poke|p1|Gardevoir, F|\n|poke|p1|Farigiraf, F|\n|poke|p1|Kommo-o, F|\n|poke|p2|Indeedee-F, F|\n|poke|p2|Armarouge, F|\n|poke|p2|Torkoal, F|\n|poke|p2|Gardevoir, F|\n|poke|p2|Ursaluna, M|\n|poke|p2|Maushold|\n|teampreview\n|inactive|Battle timer is ON: inactive players will automatically lose when time's up. (requested by Sencopion)\n|inactive|Sakura the blossom also wants the timer to be on.\n|c|\u2606Sakura the blossom|Gl hf\n|c|\u2606Sencopion|Great minds think alike they say\n|c|\u2606Sencopion|glhf\n|\n|t:|1697927607\n|start\n|switch|p1a: Indeedee|Indeedee-F, F|100\/100\n|switch|p1b: Maushold|Maushold|100\/100\n|switch|p2a: Maushold|Maushold|100\/100\n|switch|p2b: Indeedee|Indeedee-F, F|100\/100\n|-fieldstart|move: Psychic Terrain|[from] ability: Psychic Surge|[of] p2b: Indeedee\n|-enditem|p1a: Indeedee|Psychic Seed\n|-boost|p1a: Indeedee|spd|1|[from] item: Psychic Seed\n|turn|1\n|\n|t:|1697927626\n|move|p2b: Indeedee|Follow Me|p2b: Indeedee\n|-singleturn|p2b: Indeedee|move: Follow Me\n|move|p2a: Maushold|Population Bomb|p1a: Indeedee\n|-damage|p1a: Indeedee|93\/100\n|-damage|p1a: Indeedee|86\/100\n|-damage|p1a: Indeedee|79\/100\n|-damage|p1a: Indeedee|70\/100\n|-damage|p1a: Indeedee|63\/100\n|-damage|p1a: Indeedee|55\/100\n|-damage|p1a: Indeedee|48\/100\n|-damage|p1a: Indeedee|39\/100\n|-crit|p1a: Indeedee\n|-damage|p1a: Indeedee|28\/100\n|-damage|p1a: Indeedee|20\/100\n|-hitcount|p1a: Indeedee|10\n|move|p1b: Maushold|Population Bomb|p2b: Indeedee\n|-damage|p2b: Indeedee|92\/100\n|-damage|p2b: Indeedee|84\/100\n|-damage|p2b: Indeedee|76\/100\n|-damage|p2b: Indeedee|69\/100\n|-damage|p2b: Indeedee|61\/100\n|-damage|p2b: Indeedee|53\/100\n|-damage|p2b: Indeedee|46\/100\n|-enditem|p2b: Indeedee|Sitrus Berry|[eat]\n|-heal|p2b: Indeedee|71\/100|[from] item: Sitrus Berry\n|-damage|p2b: Indeedee|63\/100\n|-damage|p2b: Indeedee|56\/100\n|-damage|p2b: Indeedee|48\/100\n|-hitcount|p2b: Indeedee|10\n|move|p1a: Indeedee|Imprison|p1a: Indeedee\n|-start|p1a: Indeedee|move: Imprison\n|\n|upkeep\n|turn|2\n|inactive|Sakura the blossom has 270 seconds left.\n|inactive|Sencopion has 270 seconds left.\n|\n|t:|1697927680\n|move|p2a: Maushold|Population Bomb|p1a: Indeedee\n|-damage|p1a: Indeedee|12\/100\n|-damage|p1a: Indeedee|5\/100\n|-damage|p1a: Indeedee|0 fnt\n|faint|p1a: Indeedee\n|-hitcount|p1: Indeedee|3\n|move|p1b: Maushold|Population Bomb|p2a: Maushold\n|-damage|p2a: Maushold|89\/100\n|-damage|p2a: Maushold|77\/100\n|-damage|p2a: Maushold|64\/100\n|-damage|p2a: Maushold|51\/100\n|-damage|p2a: Maushold|40\/100\n|-damage|p2a: Maushold|27\/100\n|-damage|p2a: Maushold|15\/100\n|-damage|p2a: Maushold|3\/100\n|-damage|p2a: Maushold|0 fnt\n|faint|p2a: Maushold\n|-hitcount|p2: Maushold|9\n|move|p2b: Indeedee|Psychic|p1b: Maushold\n|-damage|p1b: Maushold|43\/100\n|\n|-heal|p1b: Maushold|50\/100|[from] item: Leftovers\n|upkeep\n|inactive|Sencopion has 270 seconds left.\n|inactive|Sakura the blossom has 270 seconds left.\n|\n|t:|1697927706\n|switch|p2a: Armarouge|Armarouge, F|100\/100\n|switch|p1a: Kommo-o|Kommo-o, F|100\/100\n|turn|3\n|inactive|Sakura the blossom has 270 seconds left.\n|\n|t:|1697927729\n|switch|p1a: Farigiraf|Farigiraf, F|100\/100\n|move|p2b: Indeedee|Follow Me|p2b: Indeedee\n|-singleturn|p2b: Indeedee|move: Follow Me\n|move|p1b: Maushold|Beat Up|p2b: Indeedee\n|-supereffective|p2b: Indeedee\n|-damage|p2b: Indeedee|41\/100\n|-supereffective|p2b: Indeedee\n|-damage|p2b: Indeedee|35\/100\n|-supereffective|p2b: Indeedee\n|-damage|p2b: Indeedee|28\/100\n|-supereffective|p2b: Indeedee\n|-damage|p2b: Indeedee|22\/100\n|-supereffective|p2b: Indeedee\n|-damage|p2b: Indeedee|14\/100\n|-hitcount|p2b: Indeedee|5\n|move|p2a: Armarouge|Trick Room|p2a: Armarouge\n|-fieldstart|move: Trick Room|[of] p2a: Armarouge\n|\n|-heal|p1b: Maushold|56\/100|[from] item: Leftovers\n|upkeep\n|turn|4\n|inactive|Sakura the blossom has 270 seconds left.\n|\n|t:|1697927754\n|move|p2b: Indeedee|Helping Hand|p2a: Armarouge\n|-singleturn|p2a: Armarouge|Helping Hand|[of] p2b: Indeedee\n|move|p2a: Armarouge|Expanding Force|p1a: Farigiraf|[spread] p1a,p1b\n|-resisted|p1a: Farigiraf\n|-damage|p1a: Farigiraf|66\/100\n|-damage|p1b: Maushold|0 fnt\n|faint|p1b: Maushold\n|-damage|p2a: Armarouge|91\/100|[from] item: Life Orb\n|move|p1a: Farigiraf|Thunder Wave|p2a: Armarouge\n|-status|p2a: Armarouge|par\n|\n|upkeep\n|inactive|Sakura the blossom has 270 seconds left.\n|\n|t:|1697927766\n|switch|p1b: Gardevoir|Gardevoir, F|100\/100\n|-ability|p1b: Gardevoir|Flash Fire|[from] ability: Trace|[of] p2a: Armarouge\n|turn|5\n|\n|t:|1697927791\n|switch|p2b: Ursaluna|Ursaluna, M|100\/100\n|detailschange|p1b: Gardevoir|Gardevoir-Mega, F\n|-mega|p1b: Gardevoir|Gardevoir|Gardevoirite\n|cant|p2a: Armarouge|par\n|move|p1a: Farigiraf|Thunder Wave|p2b: Ursaluna\n|-immune|p2b: Ursaluna\n|move|p1b: Gardevoir|Expanding Force|p2a: Armarouge|[spread] p2a,p2b\n|-resisted|p2a: Armarouge\n|-damage|p2a: Armarouge|53\/100 par\n|-damage|p2b: Ursaluna|44\/100\n|\n|-fieldend|move: Psychic Terrain\n|-status|p2b: Ursaluna|brn|[from] item: Flame Orb\n|upkeep\n|turn|6\n|\n|t:|1697927816\n|move|p2a: Armarouge|Armor Cannon|p1a: Farigiraf\n|-damage|p1a: Farigiraf|0 fnt\n|-unboost|p2a: Armarouge|def|1\n|-unboost|p2a: Armarouge|spd|1\n|faint|p1a: Farigiraf\n|-damage|p2a: Armarouge|43\/100 par|[from] item: Life Orb\n|move|p2b: Ursaluna|Facade|p1b: Gardevoir\n|-damage|p1b: Gardevoir|0 fnt\n|faint|p1b: Gardevoir\n|\n|-damage|p2b: Ursaluna|38\/100 brn|[from] brn\n|upkeep\n|\n|t:|1697927831\n|switch|p1a: Kommo-o|Kommo-o, F|100\/100\n|switch|p1b: Armarouge|Armarouge, M|100\/100\n|turn|7\n|\n|t:|1697927845\n|move|p1b: Armarouge|Endure|p1b: Armarouge\n|-singleturn|p1b: Armarouge|move: Endure\n|cant|p2a: Armarouge|par\n|move|p2b: Ursaluna|Facade|p1a: Kommo-o\n|-damage|p1a: Kommo-o|0 fnt\n|faint|p1a: Kommo-o\n|\n|-damage|p2b: Ursaluna|32\/100 brn|[from] brn\n|-fieldend|move: Trick Room\n|upkeep\n|turn|8\n|\n|t:|1697927862\n|move|p1b: Armarouge|Armor Cannon|p2b: Ursaluna\n|-damage|p2b: Ursaluna|0 fnt\n|-unboost|p1b: Armarouge|def|1\n|-unboost|p1b: Armarouge|spd|1\n|faint|p2b: Ursaluna\n|move|p2a: Armarouge|Expanding Force|p1b: Armarouge\n|-resisted|p1b: Armarouge\n|-damage|p1b: Armarouge|48\/100\n|-damage|p2a: Armarouge|33\/100 par|[from] item: Life Orb\n|\n|upkeep\n|\n|t:|1697927868\n|switch|p2b: Torkoal|Torkoal, F|100\/100\n|-weather|SunnyDay|[from] ability: Drought|[of] p2b: Torkoal\n|turn|9\n|\n|t:|1697927881\n|move|p1b: Armarouge|Expanding Force|p2b: Torkoal\n|-damage|p2b: Torkoal|51\/100\n|move|p2b: Torkoal|Earth Power|p1b: Armarouge\n|-supereffective|p1b: Armarouge\n|-damage|p1b: Armarouge|0 fnt\n|faint|p1b: Armarouge\n|\n|win|Sencopion\n|c|\u2606Sencopion|gg wp\n|c|\u2606Sakura the blossom|Gg wp\n","uploadtime":1697927902,"views":10,"p1id":"sakuratheblossom","p2id":"sencopion","formatid":"gen9nationaldexdoubles","rating":0,"private":0,"password":""}