{"id":"gen9nationaldexdoubles-1962446914","p1":"c v g be cut gh","p2":"4 Senpai","format":"[Gen 9] National Dex Doubles","log":"|j|\u2606c v g be cut gh\n|j|\u26064 Senpai\n|t:|1696748481\n|gametype|doubles\n|player|p1|c v g be cut gh|cress|1000\n|player|p2|4 Senpai|caitlin|1061\n|teamsize|p1|6\n|teamsize|p2|6\n|gen|9\n|tier|[Gen 9] National Dex Doubles\n|rated|\n|rule|HP Percentage Mod: HP is shown in percentages\n|rule|Endless Battle Clause: Forcing endless battles is banned\n|rule|OHKO Clause: OHKO moves are banned\n|rule|Evasion Moves Clause: Evasion moves are banned\n|rule|Evasion Abilities Clause: Evasion abilities are banned\n|rule|Species Clause: Limit one of each Pok\u00e9mon\n|rule|Gravity Sleep Clause: The combination of sleep-inducing moves with imperfect accuracy and Gravity or Gigantamax Orbeetle are banned\n|clearpoke\n|poke|p1|Arcanine-Hisui, M|\n|poke|p1|Espeon, M|\n|poke|p1|Kommo-o, M|\n|poke|p1|Tornadus, M|\n|poke|p1|Samurott-Hisui, F|\n|poke|p1|Sinistcha|\n|poke|p2|Lopunny, F|\n|poke|p2|Vespiquen, F|\n|poke|p2|Gengar, F|\n|poke|p2|Spiritomb, M|\n|poke|p2|Regigigas|\n|poke|p2|Koffing, F|\n|teampreview\n|\n|t:|1696748496\n|start\n|switch|p1a: Samurott|Samurott-Hisui, F|100\/100\n|switch|p1b: Kommo-o|Kommo-o, M|100\/100\n|switch|p2a: Sensei-tional <3|Lopunny, F|100\/100\n|switch|p2b: QUEEN SLAE|Vespiquen, F, shiny|100\/100\n|-ability|p2b: QUEEN SLAE|Pressure\n|turn|1\n|inactive|Battle timer is ON: inactive players will automatically lose when time's up. (requested by 4 Senpai)\n|\n|t:|1696748524\n|switch|p1b: Arcanine|Arcanine-Hisui, M|100\/100\n|-ability|p1b: Arcanine|Intimidate|boost\n|-unboost|p2a: Sensei-tional <3|atk|1\n|-unboost|p2b: QUEEN SLAE|atk|1\n|detailschange|p2a: Sensei-tional <3|Lopunny-Mega, F\n|-mega|p2a: Sensei-tional <3|Lopunny|Lopunnite\n|-terastallize|p1a: Samurott|Ghost\n|move|p2a: Sensei-tional <3|Fake Out|p1b: Arcanine\n|-resisted|p1b: Arcanine\n|-damage|p1b: Arcanine|92\/100\n|move|p1a: Samurott|Vacuum Wave|p2a: Sensei-tional <3\n|-supereffective|p2a: Sensei-tional <3\n|-damage|p2a: Sensei-tional <3|70\/100\n|move|p2b: QUEEN SLAE|Defend Order|p2b: QUEEN SLAE\n|-boost|p2b: QUEEN SLAE|def|1\n|-boost|p2b: QUEEN SLAE|spd|1\n|\n|upkeep\n|turn|2\n|\n|t:|1696748546\n|move|p1a: Samurott|Vacuum Wave|p2a: Sensei-tional <3\n|-supereffective|p2a: Sensei-tional <3\n|-damage|p2a: Sensei-tional <3|39\/100\n|move|p2a: Sensei-tional <3|Drain Punch|p1b: Arcanine\n|-supereffective|p1b: Arcanine\n|-damage|p1b: Arcanine|34\/100\n|-heal|p2a: Sensei-tional <3|81\/100|[from] drain|[of] p1b: Arcanine\n|move|p1b: Arcanine|Flare Blitz|p2b: QUEEN SLAE\n|-supereffective|p2b: QUEEN SLAE\n|-damage|p2b: QUEEN SLAE|0 fnt\n|faint|p2b: QUEEN SLAE\n|-damage|p1b: Arcanine|6\/100|[from] Recoil\n|\n|upkeep\n|inactive|4 Senpai has 120 seconds left.\n|\n|t:|1696748562\n|switch|p2b: Ohhhh NOOOO >;3|Regigigas, shiny|100\/100\n|-start|p2b: Ohhhh NOOOO >;3|ability: Slow Start\n|turn|3\n|\n|t:|1696748572\n|move|p2a: Sensei-tional <3|Protect|p2a: Sensei-tional <3\n|-singleturn|p2a: Sensei-tional <3|Protect\n|move|p1b: Arcanine|Flare Blitz|p2a: Sensei-tional <3\n|-activate|p2a: Sensei-tional <3|move: Protect\n|move|p1a: Samurott|Swords Dance|p1a: Samurott\n|-boost|p1a: Samurott|atk|2\n|move|p2b: Ohhhh NOOOO >;3|Earthquake|p1a: Samurott|[spread] p1a,p1b\n|-activate|p2a: Sensei-tional <3|move: Protect\n|-supereffective|p1b: Arcanine\n|-damage|p1a: Samurott|81\/100\n|-damage|p1b: Arcanine|0 fnt\n|faint|p1b: Arcanine\n|\n|upkeep\n|\n|t:|1696748586\n|switch|p1b: Tornadus|Tornadus, M|100\/100\n|turn|4\n|\n|t:|1696748606\n|move|p1b: Tornadus|Tailwind|p1b: Tornadus\n|-sidestart|p1: c v g be cut gh|move: Tailwind\n|move|p1a: Samurott|Sacred Sword|p2a: Sensei-tional <3\n|-supereffective|p2a: Sensei-tional <3\n|-crit|p2a: Sensei-tional <3\n|-damage|p2a: Sensei-tional <3|0 fnt\n|faint|p2a: Sensei-tional <3\n|move|p2b: Ohhhh NOOOO >;3|Darkest Lariat|p1a: Samurott\n|-supereffective|p1a: Samurott\n|-damage|p1a: Samurott|37\/100\n|\n|upkeep\n|\n|t:|1696748616\n|switch|p2a: TomnNBoom|Spiritomb, M, shiny|100\/100\n|turn|5\n|\n|t:|1696748627\n|move|p1b: Tornadus|Fling|p2b: Ohhhh NOOOO >;3\n|-damage|p2b: Ohhhh NOOOO >;3|95\/100\n|-enditem|p1b: Tornadus|King's Rock|[from] move: Fling\n|move|p1a: Samurott|Tera Blast|p2a: TomnNBoom|[anim] Tera Blast Ghost\n|-damage|p2a: TomnNBoom|20\/100\n|cant|p2b: Ohhhh NOOOO >;3|flinch\n|move|p2a: TomnNBoom|Trick Room|p2a: TomnNBoom\n|-fieldstart|move: Trick Room|[of] p2a: TomnNBoom\n|\n|upkeep\n|turn|6\n|\n|t:|1696748646\n|switch|p1a: Sinistcha|Sinistcha|100\/100\n|move|p2a: TomnNBoom|Destiny Bond|p2a: TomnNBoom\n|-singlemove|p2a: TomnNBoom|Destiny Bond\n|move|p2b: Ohhhh NOOOO >;3|Darkest Lariat|p1a: Sinistcha\n|-supereffective|p1a: Sinistcha\n|-damage|p1a: Sinistcha|62\/100\n|move|p1b: Tornadus|Bleakwind Storm|p2a: TomnNBoom|[spread] p2b\n|-miss|p1b: Tornadus|p2a: TomnNBoom\n|-damage|p2b: Ohhhh NOOOO >;3|77\/100\n|-unboost|p2b: Ohhhh NOOOO >;3|spe|1\n|\n|upkeep\n|turn|7\n|\n|t:|1696748669\n|move|p1b: Tornadus|Taunt|p2a: TomnNBoom\n|-hint|Since gen 7, Dark is immune to Prankster moves.\n|-immune|p2a: TomnNBoom\n|move|p2b: Ohhhh NOOOO >;3|Darkest Lariat|p1a: Sinistcha\n|-supereffective|p1a: Sinistcha\n|-damage|p1a: Sinistcha|24\/100\n|-enditem|p1a: Sinistcha|Sitrus Berry|[eat]\n|-heal|p1a: Sinistcha|48\/100|[from] item: Sitrus Berry\n|move|p2a: TomnNBoom|Foul Play|p1a: Sinistcha\n|-supereffective|p1a: Sinistcha\n|-crit|p1a: Sinistcha\n|-damage|p1a: Sinistcha|0 fnt\n|faint|p1a: Sinistcha\n|\n|-sideend|p1: c v g be cut gh|move: Tailwind\n|-end|p2b: Ohhhh NOOOO >;3|Slow Start\n|upkeep\n|\n|t:|1696748687\n|switch|p1a: Kommo-o|Kommo-o, M|100\/100\n|turn|8\n|\n|t:|1696748700\n|switch|p1b: Samurott|Samurott-Hisui, F, tera:Ghost|37\/100\n|-terastallize|p2b: Ohhhh NOOOO >;3|Normal\n|move|p2a: TomnNBoom|Destiny Bond|p2a: TomnNBoom\n|-singlemove|p2a: TomnNBoom|Destiny Bond\n|move|p2b: Ohhhh NOOOO >;3|Facade|p1a: Kommo-o\n|-damage|p1a: Kommo-o|48\/100\n|move|p1a: Kommo-o|Close Combat|p2b: Ohhhh NOOOO >;3\n|-supereffective|p2b: Ohhhh NOOOO >;3\n|-crit|p2b: Ohhhh NOOOO >;3\n|-damage|p2b: Ohhhh NOOOO >;3|0 fnt\n|-unboost|p1a: Kommo-o|def|1\n|-unboost|p1a: Kommo-o|spd|1\n|faint|p2b: Ohhhh NOOOO >;3\n|-end|p2b: Ohhhh NOOOO >;3|Slow Start|[silent]\n|\n|upkeep\n|\n|t:|1696748716\n|switch|p2b: feelings <333|Gengar, F, shiny|100\/100\n|turn|9\n|\n|t:|1696748728\n|move|p1a: Kommo-o|Protect|p1a: Kommo-o\n|-singleturn|p1a: Kommo-o|Protect\n|move|p2b: feelings <333|Protect|p2b: feelings <333\n|-singleturn|p2b: feelings <333|Protect\n|move|p2a: TomnNBoom|Will-O-Wisp|p1b: Samurott\n|-status|p1b: Samurott|brn\n|move|p1b: Samurott|Tera Blast|p2b: feelings <333|[anim] Tera Blast Ghost\n|-activate|p2b: feelings <333|move: Protect\n|\n|-damage|p1b: Samurott|30\/100 brn|[from] brn\n|-fieldend|move: Trick Room\n|upkeep\n|turn|10\n|inactive|c v g be cut gh has 120 seconds left.\n|inactive|4 Senpai has 120 seconds left.\n|inactive|c v g be cut gh has 90 seconds left.\n|inactive|c v g be cut gh has 60 seconds left.\n|inactive|c v g be cut gh has 30 seconds left.\n|inactive|c v g be cut gh has 20 seconds left.\n|inactive|c v g be cut gh has 15 seconds left.\n|inactive|c v g be cut gh has 10 seconds left.\n|inactive|c v g be cut gh has 5 seconds left.\n|-message|c v g be cut gh lost due to inactivity.\n|\n|win|4 Senpai\n|raw|c v g be cut gh's rating: 1000 &rarr; <strong>1000<\/strong><br \/>(+0 for losing)\n|raw|4 Senpai's rating: 1061 &rarr; <strong>1086<\/strong><br \/>(+25 for winning)\n","uploadtime":1696748896,"views":19,"p1id":"cvgbecutgh","p2id":"4senpai","formatid":"gen9nationaldexdoubles","rating":1000,"private":0,"password":""}