{"id":"gen9nationaldexdoubles-1967602522","p1":"Bootus Stankus","p2":"Yu hung lo","format":"[Gen 9] National Dex Doubles","log":"|j|\u2606Bootus Stankus\n|j|\u2606Yu hung lo\n|t:|1697317976\n|gametype|doubles\n|player|p1|Bootus Stankus|alder|1268\n|player|p2|Yu hung lo|janitor|1000\n|teamsize|p1|6\n|teamsize|p2|6\n|gen|9\n|tier|[Gen 9] National Dex Doubles\n|rated|\n|rule|HP Percentage Mod: HP is shown in percentages\n|rule|Endless Battle Clause: Forcing endless battles is banned\n|rule|OHKO Clause: OHKO moves are banned\n|rule|Evasion Moves Clause: Evasion moves are banned\n|rule|Evasion Abilities Clause: Evasion abilities are banned\n|rule|Species Clause: Limit one of each Pok\u00e9mon\n|rule|Gravity Sleep Clause: The combination of sleep-inducing moves with imperfect accuracy and Gravity or Gigantamax Orbeetle are banned\n|clearpoke\n|poke|p1|Hawlucha, F|\n|poke|p1|Tapu Koko|\n|poke|p1|Ogerpon-Hearthflame, F|\n|poke|p1|Clefairy, M|\n|poke|p1|Kommo-o, F|\n|poke|p1|Stonjourner, F|\n|poke|p2|Charizard, M|\n|poke|p2|Walking Wake|\n|poke|p2|Landorus-Therian, M|\n|poke|p2|Gastrodon, M|\n|poke|p2|Ogerpon-Hearthflame, F|\n|poke|p2|Grimmsnarl, M|\n|teampreview\n|inactive|Battle timer is ON: inactive players will automatically lose when time's up. (requested by Yu hung lo)\n|c|\u2606Bootus Stankus|Mmmm\n|\n|t:|1697317996\n|start\n|switch|p1a: Hawlucha|Hawlucha, F, shiny|100\/100\n|switch|p1b: Tapu Koko|Tapu Koko, shiny|100\/100\n|switch|p2a: Charizard|Charizard, M, shiny|100\/100\n|switch|p2b: Walking Wake|Walking Wake|100\/100\n|-fieldstart|move: Electric Terrain|[from] ability: Electric Surge|[of] p1b: Tapu Koko\n|-enditem|p1a: Hawlucha|Electric Seed\n|-boost|p1a: Hawlucha|def|1|[from] item: Electric Seed\n|turn|1\n|\n|t:|1697318021\n|detailschange|p2a: Charizard|Charizard-Mega-Y, M, shiny\n|-mega|p2a: Charizard|Charizard|Charizardite Y\n|-weather|SunnyDay|[from] ability: Drought|[of] p2a: Charizard\n|-activate|p2b: Walking Wake|ability: Protosynthesis\n|-start|p2b: Walking Wake|protosynthesisspe\n|-terastallize|p2b: Walking Wake|Water\n|move|p2a: Charizard|Protect|p2a: Charizard\n|-singleturn|p2a: Charizard|Protect\n|move|p1a: Hawlucha|Tailwind|p1a: Hawlucha\n|-sidestart|p1: Bootus Stankus|move: Tailwind\n|move|p1b: Tapu Koko|Thunder Wave|p2b: Walking Wake\n|-status|p2b: Walking Wake|par\n|move|p2b: Walking Wake|Hydro Steam|p1b: Tapu Koko\n|-damage|p1b: Tapu Koko|0 fnt\n|faint|p1b: Tapu Koko\n|\n|-weather|SunnyDay|[upkeep]\n|upkeep\n|inactive|Bootus Stankus has 120 seconds left.\n|\n|t:|1697318047\n|switch|p1b: Kommo-o|Kommo-o, F|100\/100\n|turn|2\n|\n|t:|1697318075\n|-terastallize|p1b: Kommo-o|Normal\n|move|p1a: Hawlucha|Coaching|p1b: Kommo-o\n|-boost|p1b: Kommo-o|atk|1\n|-boost|p1b: Kommo-o|def|1\n|move|p1b: Kommo-o|Clangorous Soul|p1b: Kommo-o\n|-boost|p1b: Kommo-o|atk|1\n|-boost|p1b: Kommo-o|def|1\n|-boost|p1b: Kommo-o|spa|1\n|-boost|p1b: Kommo-o|spd|1\n|-boost|p1b: Kommo-o|spe|1\n|-damage|p1b: Kommo-o|68\/100\n|-enditem|p1b: Kommo-o|Throat Spray\n|-boost|p1b: Kommo-o|spa|1|[from] item: Throat Spray\n|move|p2a: Charizard|Tailwind|p2a: Charizard\n|-sidestart|p2: Yu hung lo|move: Tailwind\n|move|p2b: Walking Wake|Hydro Steam|p1a: Hawlucha\n|-damage|p1a: Hawlucha|0 fnt\n|faint|p1a: Hawlucha\n|\n|-weather|SunnyDay|[upkeep]\n|upkeep\n|inactive|Bootus Stankus has 120 seconds left.\n|\n|t:|1697318092\n|switch|p1a: Clefairy|Clefairy, M|100\/100\n|turn|3\n|\n|t:|1697318100\n|move|p1a: Clefairy|Protect|p1a: Clefairy\n|-singleturn|p1a: Clefairy|Protect\n|move|p1b: Kommo-o|Boomburst|p2a: Charizard|[spread] p2a,p2b\n|-activate|p1a: Clefairy|move: Protect\n|-damage|p2a: Charizard|12\/100\n|-damage|p2b: Walking Wake|6\/100 par\n|move|p2a: Charizard|Heat Wave|p1a: Clefairy|[spread] p1b\n|-activate|p1a: Clefairy|move: Protect\n|-damage|p1b: Kommo-o|34\/100\n|-status|p1b: Kommo-o|brn\n|move|p2b: Walking Wake|Hydro Steam|p1b: Kommo-o\n|-damage|p1b: Kommo-o|0 fnt\n|faint|p1b: Kommo-o\n|\n|-weather|SunnyDay|[upkeep]\n|upkeep\n|\n|t:|1697318111\n|switch|p1b: Ogerpon|Ogerpon-Hearthflame, F|100\/100\n|-ability|p1b: Ogerpon|Mold Breaker\n|turn|4\n|\n|t:|1697318128\n|switch|p2a: Landorus|Landorus-Therian, M|100\/100\n|-ability|p2a: Landorus|Intimidate|boost\n|-unboost|p1a: Clefairy|atk|1\n|-unboost|p1b: Ogerpon|atk|1\n|move|p1a: Clefairy|Follow Me|p1a: Clefairy\n|-singleturn|p1a: Clefairy|move: Follow Me\n|move|p1b: Ogerpon|Ivy Cudgel|p2a: Landorus\n|-damage|p2a: Landorus|29\/100\n|move|p2b: Walking Wake|Hydro Steam|p1a: Clefairy\n|-damage|p1a: Clefairy|6\/100\n|\n|-weather|SunnyDay|[upkeep]\n|-sideend|p1: Bootus Stankus|move: Tailwind\n|upkeep\n|turn|5\n|\n|t:|1697318150\n|move|p1a: Clefairy|Protect|p1a: Clefairy\n|-singleturn|p1a: Clefairy|Protect\n|move|p2a: Landorus|U-turn|p1b: Ogerpon\n|-damage|p1b: Ogerpon|75\/100\n|\n|t:|1697318157\n|switch|p2a: Gastrodon|Gastrodon, M|100\/100|[from] U-turn\n|move|p2b: Walking Wake|Hydro Steam|p2a: Gastrodon\n|-activate|p2a: Gastrodon|ability: Storm Drain\n|-ability|p2a: Gastrodon|Storm Drain|boost\n|-boost|p2a: Gastrodon|spa|1\n|move|p1b: Ogerpon|Horn Leech|p2b: Walking Wake\n|-supereffective|p2b: Walking Wake\n|-damage|p2b: Walking Wake|0 fnt\n|-heal|p1b: Ogerpon|78\/100|[from] drain|[of] p2b: Walking Wake\n|faint|p2b: Walking Wake\n|-end|p2b: Walking Wake|Protosynthesis|[silent]\n|\n|-weather|none\n|-sideend|p2: Yu hung lo|move: Tailwind\n|-fieldend|move: Electric Terrain\n|upkeep\n|\n|t:|1697318165\n|switch|p2b: Grimmsnarl|Grimmsnarl, M|100\/100\n|turn|6\n|\n|t:|1697318184\n|switch|p1a: Stonjourner|Stonjourner, F|100\/100\n|move|p1b: Ogerpon|Spiky Shield|p1b: Ogerpon\n|-singleturn|p1b: Ogerpon|move: Protect\n|move|p2b: Grimmsnarl|Spirit Break|p1a: Stonjourner\n|-damage|p1a: Stonjourner|79\/100\n|-unboost|p1a: Stonjourner|spa|1\n|move|p2a: Gastrodon|Earth Power|p1a: Stonjourner\n|-supereffective|p1a: Stonjourner\n|-crit|p1a: Stonjourner\n|-damage|p1a: Stonjourner|0 fnt\n|faint|p1a: Stonjourner\n|\n|upkeep\n|\n|t:|1697318199\n|switch|p1a: Clefairy|Clefairy, M|6\/100\n|turn|7\n|\n|t:|1697318207\n|move|p1b: Ogerpon|Horn Leech|p2a: Gastrodon\n|-supereffective|p2a: Gastrodon\n|-damage|p2a: Gastrodon|0 fnt\n|-heal|p1b: Ogerpon|100\/100|[from] drain|[of] p2a: Gastrodon\n|faint|p2a: Gastrodon\n|move|p2b: Grimmsnarl|Spirit Break|p1a: Clefairy\n|-damage|p1a: Clefairy|0 fnt\n|faint|p1a: Clefairy\n|\n|upkeep\n|-message|Bootus Stankus forfeited.\n|\n|win|Yu hung lo\n|raw|Bootus Stankus's rating: 1268 &rarr; <strong>1227<\/strong><br \/>(-41 for losing)\n|raw|Yu hung lo's rating: 1000 &rarr; <strong>1066<\/strong><br \/>(+66 for winning)\n|l|\u2606Bootus Stankus\n|c|\u2606Yu hung lo|That was ez (v@3@)\n","uploadtime":1697318233,"views":8,"p1id":"bootusstankus","p2id":"yuhunglo","formatid":"gen9nationaldexdoubles","rating":1066,"private":0,"password":""}