{"id":"gen9nationaldexdoubles-1959732880","p1":"UltraVapor","p2":"N8 anger X","format":"[Gen 9] National Dex Doubles","log":"|j|\u2606UltraVapor\n|j|\u2606N8 anger X\n|t:|1696450666\n|gametype|doubles\n|player|p1|UltraVapor|shelly|1058\n|player|p2|N8 anger X|smasher|1000\n|teamsize|p1|6\n|teamsize|p2|6\n|gen|9\n|tier|[Gen 9] National Dex Doubles\n|rated|\n|rule|HP Percentage Mod: HP is shown in percentages\n|rule|Endless Battle Clause: Forcing endless battles is banned\n|rule|OHKO Clause: OHKO moves are banned\n|rule|Evasion Moves Clause: Evasion moves are banned\n|rule|Evasion Abilities Clause: Evasion abilities are banned\n|rule|Species Clause: Limit one of each Pok\u00e9mon\n|rule|Gravity Sleep Clause: The combination of sleep-inducing moves with imperfect accuracy and Gravity or Gigantamax Orbeetle are banned\n|clearpoke\n|poke|p1|Ninetales-Alola, F|\n|poke|p1|Baxcalibur, M|\n|poke|p1|Chien-Pao|\n|poke|p1|Iron Bundle|\n|poke|p1|Avalugg-Hisui, F|\n|poke|p1|Glaceon, F|\n|poke|p2|Minior-Violet|\n|poke|p2|Dondozo, M|\n|poke|p2|Ursaluna, F|\n|poke|p2|Primarina, M|\n|poke|p2|Flamigo, M|\n|poke|p2|Skeledirge, M|\n|teampreview\n|\n|t:|1696450678\n|start\n|switch|p1a: Ninetales|Ninetales-Alola, F|100\/100\n|switch|p1b: Avalugg|Avalugg-Hisui, F, shiny|100\/100\n|switch|p2a: CrackedEgg|Minior-Violet|100\/100\n|switch|p2b: D1cktwister|Flamigo, M, shiny|100\/100\n|-formechange|p2a: CrackedEgg|Minior-Meteor||[from] ability: Shields Down\n|-weather|Snow|[from] ability: Snow Warning|[of] p1a: Ninetales\n|turn|1\n|\n|t:|1696450700\n|move|p1a: Ninetales|Freeze-Dry|p2b: D1cktwister\n|-supereffective|p2b: D1cktwister\n|-damage|p2b: D1cktwister|4\/100\n|move|p2b: D1cktwister|Tailwind|p2b: D1cktwister\n|-sidestart|p2: N8 anger X|move: Tailwind\n|move|p2a: CrackedEgg|Stealth Rock|p1b: Avalugg\n|-sidestart|p1: UltraVapor|move: Stealth Rock\n|move|p1b: Avalugg|Aurora Veil|p1b: Avalugg\n|-sidestart|p1: UltraVapor|move: Aurora Veil\n|\n|-weather|Snow|[upkeep]\n|upkeep\n|turn|2\n|\n|t:|1696450716\n|move|p2b: D1cktwister|Close Combat|p1b: Avalugg\n|-supereffective|p1b: Avalugg\n|-damage|p1b: Avalugg|25\/100\n|-unboost|p2b: D1cktwister|def|1\n|-unboost|p2b: D1cktwister|spd|1\n|-enditem|p1b: Avalugg|Sitrus Berry|[eat]\n|-heal|p1b: Avalugg|50\/100|[from] item: Sitrus Berry\n|-damage|p2b: D1cktwister|0 fnt|[from] item: Life Orb\n|faint|p2b: D1cktwister\n|move|p2a: CrackedEgg|Calm Mind|p2a: CrackedEgg\n|-boost|p2a: CrackedEgg|spa|1\n|-boost|p2a: CrackedEgg|spd|1\n|move|p1a: Ninetales|Freeze-Dry|p2a: CrackedEgg\n|-supereffective|p2a: CrackedEgg\n|-damage|p2a: CrackedEgg|49\/100\n|move|p1b: Avalugg|Ice Spinner|p2a: CrackedEgg\n|-supereffective|p2a: CrackedEgg\n|-damage|p2a: CrackedEgg|0 fnt\n|-damage|p1b: Avalugg|34\/100|[from] item: Rocky Helmet|[of] p2a: CrackedEgg\n|faint|p2a: CrackedEgg\n|\n|-weather|Snow|[upkeep]\n|upkeep\n|\n|t:|1696450740\n|switch|p2a: Vroom Croc|Skeledirge, M|100\/100\n|switch|p2b: Onion|Dondozo, M, shiny|100\/100\n|turn|3\n|\n|t:|1696450757\n|move|p2a: Vroom Croc|Torch Song|p1a: Ninetales\n|-supereffective|p1a: Ninetales\n|-damage|p1a: Ninetales|35\/100\n|-boost|p2a: Vroom Croc|spa|1\n|move|p1a: Ninetales|Freeze-Dry|p2b: Onion\n|-supereffective|p2b: Onion\n|-damage|p2b: Onion|45\/100\n|move|p2b: Onion|Curse|p2b: Onion\n|-unboost|p2b: Onion|spe|1\n|-boost|p2b: Onion|atk|1\n|-boost|p2b: Onion|def|1\n|move|p1b: Avalugg|Rock Slide|p2a: Vroom Croc|[spread] p2a,p2b\n|-supereffective|p2a: Vroom Croc\n|-damage|p2a: Vroom Croc|39\/100\n|-damage|p2b: Onion|33\/100\n|\n|-weather|Snow|[upkeep]\n|-heal|p2b: Onion|39\/100|[from] item: Leftovers\n|upkeep\n|turn|4\n|\n|t:|1696450788\n|move|p2a: Vroom Croc|Torch Song|p1a: Ninetales\n|-supereffective|p1a: Ninetales\n|-damage|p1a: Ninetales|0 fnt\n|-boost|p2a: Vroom Croc|spa|1\n|faint|p1a: Ninetales\n|move|p2b: Onion|Wave Crash|p1b: Avalugg\n|-supereffective|p1b: Avalugg\n|-damage|p1b: Avalugg|0 fnt\n|faint|p1b: Avalugg\n|-damage|p2b: Onion|32\/100|[from] Recoil\n|\n|-weather|Snow|[upkeep]\n|-heal|p2b: Onion|38\/100|[from] item: Leftovers\n|-sideend|p2: N8 anger X|move: Tailwind\n|upkeep\n|\n|t:|1696450809\n|switch|p1a: Iron Bundle|Iron Bundle, shiny|100\/100\n|switch|p1b: Baxcalibur|Baxcalibur, M|100\/100\n|-damage|p1a: Iron Bundle|76\/100|[from] Stealth Rock\n|-damage|p1b: Baxcalibur|75\/100|[from] Stealth Rock\n|-enditem|p1a: Iron Bundle|Booster Energy\n|-activate|p1a: Iron Bundle|ability: Quark Drive|[fromitem]\n|-start|p1a: Iron Bundle|quarkdrivespa\n|turn|5\n|\n|t:|1696450841\n|move|p1a: Iron Bundle|Hydro Pump|p2a: Vroom Croc\n|-supereffective|p2a: Vroom Croc\n|-damage|p2a: Vroom Croc|0 fnt\n|faint|p2a: Vroom Croc\n|move|p1b: Baxcalibur|Glaive Rush|p2b: Onion\n|-damage|p2b: Onion|10\/100\n|-singlemove|p1b: Baxcalibur|Glaive Rush|[silent]\n|move|p2b: Onion|Order Up|p1a: Iron Bundle\n|-damage|p1a: Iron Bundle|56\/100\n|\n|-weather|Snow|[upkeep]\n|-heal|p2b: Onion|16\/100|[from] item: Leftovers\n|-sideend|p1: UltraVapor|move: Aurora Veil\n|upkeep\n|\n|t:|1696450857\n|switch|p2a: Mega Martha|Ursaluna, F, shiny|100\/100\n|turn|6\n|\n|t:|1696450879\n|move|p2a: Mega Martha|Protect|p2a: Mega Martha\n|-singleturn|p2a: Mega Martha|Protect\n|move|p1a: Iron Bundle|Hydro Pump|p2a: Mega Martha\n|-activate|p2a: Mega Martha|move: Protect\n|move|p1b: Baxcalibur|Glaive Rush|p2b: Onion\n|-damage|p2b: Onion|0 fnt\n|-singlemove|p1b: Baxcalibur|Glaive Rush|[silent]\n|faint|p2b: Onion\n|\n|-weather|Snow|[upkeep]\n|-status|p2a: Mega Martha|brn|[from] item: Flame Orb\n|upkeep\n|\n|t:|1696450892\n|switch|p2b: Trans Rights|Primarina, M|100\/100\n|turn|7\n|c|\u2606UltraVapor|w trans rights\n|\n|t:|1696450925\n|-terastallize|p2a: Mega Martha|Normal\n|move|p1a: Iron Bundle|Ice Beam|p2a: Mega Martha\n|-damage|p2a: Mega Martha|45\/100 brn\n|move|p1b: Baxcalibur|Dragon Dance|p1b: Baxcalibur\n|-boost|p1b: Baxcalibur|atk|1\n|-boost|p1b: Baxcalibur|spe|1\n|move|p2b: Trans Rights|Calm Mind|p2b: Trans Rights\n|-boost|p2b: Trans Rights|spa|1\n|-boost|p2b: Trans Rights|spd|1\n|move|p2a: Mega Martha|Facade|p1a: Iron Bundle\n|-damage|p1a: Iron Bundle|0 fnt\n|faint|p1a: Iron Bundle\n|-end|p1a: Iron Bundle|Quark Drive|[silent]\n|\n|-weather|Snow|[upkeep]\n|-damage|p2a: Mega Martha|39\/100 brn|[from] brn\n|upkeep\n|c|\u2606N8 anger X|eff yeah\n|\n|t:|1696450940\n|switch|p1a: Chien-Pao|Chien-Pao|100\/100\n|-damage|p1a: Chien-Pao|76\/100|[from] Stealth Rock\n|-ability|p1a: Chien-Pao|Sword of Ruin\n|turn|8\n|\n|t:|1696450965\n|move|p1a: Chien-Pao|Sacred Sword|p2a: Mega Martha\n|-supereffective|p2a: Mega Martha\n|-damage|p2a: Mega Martha|0 fnt\n|faint|p2a: Mega Martha\n|move|p1b: Baxcalibur|Icicle Spear|p2b: Trans Rights\n|-resisted|p2b: Trans Rights\n|-damage|p2b: Trans Rights|83\/100\n|-resisted|p2b: Trans Rights\n|-damage|p2b: Trans Rights|65\/100\n|-resisted|p2b: Trans Rights\n|-damage|p2b: Trans Rights|47\/100\n|-resisted|p2b: Trans Rights\n|-damage|p2b: Trans Rights|29\/100\n|-hitcount|p2b: Trans Rights|4\n|move|p2b: Trans Rights|Sparkling Aria|p1b: Baxcalibur|[spread] p1a,p1b\n|-resisted|p1b: Baxcalibur\n|-damage|p1a: Chien-Pao|0 fnt\n|-damage|p1b: Baxcalibur|34\/100\n|faint|p1a: Chien-Pao\n|\n|-weather|none\n|upkeep\n|\n|t:|1696450981\n|switch|p1a: Glaceon|Glaceon, F, shiny|100\/100\n|-damage|p1a: Glaceon|75\/100|[from] Stealth Rock\n|turn|9\n|\n|t:|1696450998\n|-terastallize|p1a: Glaceon|Electric\n|move|p1b: Baxcalibur|Ice Shard|p2b: Trans Rights\n|-resisted|p2b: Trans Rights\n|-damage|p2b: Trans Rights|8\/100\n|move|p1a: Glaceon|Tera Blast|p2b: Trans Rights|[anim] Tera Blast Electric\n|-supereffective|p2b: Trans Rights\n|-damage|p2b: Trans Rights|0 fnt\n|faint|p2b: Trans Rights\n|-damage|p1a: Glaceon|66\/100|[from] item: Life Orb\n|\n|win|UltraVapor\n|raw|UltraVapor's rating: 1058 &rarr; <strong>1084<\/strong><br \/>(+26 for winning)\n|raw|N8 anger X's rating: 1000 &rarr; <strong>1000<\/strong><br \/>(+0 for losing)\n|c|\u2606UltraVapor|GG my guy\n|c|\u2606N8 anger X|GG\n|l|\u2606N8 anger X\n","uploadtime":1696451019,"views":14,"p1id":"ultravapor","p2id":"n8angerx","formatid":"gen9nationaldexdoubles","rating":1000,"private":0,"password":""}