{"id":"gen9nationaldexdoubles-1977989661","p1":"C0ST3652","p2":"Chrisnamor","format":"[Gen 9] National Dex Doubles","log":"|j|\u2606C0ST3652\n|j|\u2606Chrisnamor\n|t:|1698479594\n|gametype|doubles\n|player|p1|C0ST3652|brycenman|1100\n|player|p2|Chrisnamor|cynthia-gen4|1000\n|teamsize|p1|6\n|teamsize|p2|6\n|gen|9\n|tier|[Gen 9] National Dex Doubles\n|rated|\n|rule|HP Percentage Mod: HP is shown in percentages\n|rule|Endless Battle Clause: Forcing endless battles is banned\n|rule|OHKO Clause: OHKO moves are banned\n|rule|Evasion Moves Clause: Evasion moves are banned\n|rule|Evasion Abilities Clause: Evasion abilities are banned\n|rule|Species Clause: Limit one of each Pok\u00e9mon\n|rule|Gravity Sleep Clause: The combination of sleep-inducing moves with imperfect accuracy and Gravity or Gigantamax Orbeetle are banned\n|clearpoke\n|poke|p1|Incineroar, M|\n|poke|p1|Charizard, F|\n|poke|p1|Venusaur, F|\n|poke|p1|Greninja-*, F|\n|poke|p1|Torterra, F|\n|poke|p1|Quaquaval, M|\n|poke|p2|Weezing, M|\n|poke|p2|Landorus-Therian, M|\n|poke|p2|Kommo-o, M|\n|poke|p2|Arcanine-Hisui, F|\n|poke|p2|Ogerpon-Hearthflame, F|\n|poke|p2|Gholdengo|\n|teampreview\n|inactive|Battle timer is ON: inactive players will automatically lose when time's up. (requested by C0ST3652)\n|\n|t:|1698479612\n|start\n|switch|p1a: Quaquaval|Quaquaval, M|100\/100\n|switch|p1b: Incineroar|Incineroar, M|100\/100\n|switch|p2a: Weezing|Weezing, M, shiny|100\/100\n|switch|p2b: Landorus|Landorus-Therian, M|100\/100\n|-ability|p2a: Weezing|Neutralizing Gas\n|-block|p2b: Landorus|item: Ability Shield\n|-ability|p2b: Landorus|Intimidate|boost\n|-unboost|p1a: Quaquaval|atk|1\n|-unboost|p1b: Incineroar|atk|1\n|turn|1\n|\n|t:|1698479640\n|-terastallize|p1a: Quaquaval|Flying\n|move|p1b: Incineroar|Fake Out|p2a: Weezing\n|-damage|p2a: Weezing|91\/100\n|move|p2b: Landorus|Knock Off|p1a: Quaquaval\n|-damage|p1a: Quaquaval|56\/100\n|-enditem|p1a: Quaquaval|Life Orb|[from] move: Knock Off|[of] p2b: Landorus\n|move|p1a: Quaquaval|Aqua Step|p2b: Landorus\n|-supereffective|p2b: Landorus\n|-damage|p2b: Landorus|40\/100\n|-boost|p1a: Quaquaval|spe|1\n|cant|p2a: Weezing|flinch\n|\n|-heal|p2a: Weezing|97\/100|[from] item: Leftovers\n|upkeep\n|turn|2\n|\n|t:|1698479665\n|move|p1a: Quaquaval|Aqua Step|p2b: Landorus\n|-supereffective|p2b: Landorus\n|-damage|p2b: Landorus|0 fnt\n|-boost|p1a: Quaquaval|spe|1\n|faint|p2b: Landorus\n|move|p2a: Weezing|Body Slam|p1a: Quaquaval\n|-damage|p1a: Quaquaval|26\/100\n|move|p1b: Incineroar|U-turn|p2a: Weezing\n|-resisted|p2a: Weezing\n|-damage|p2a: Weezing|88\/100\n|\n|t:|1698479670\n|switch|p1b: Torterra|Torterra, F|100\/100|[from] U-turn\n|\n|-heal|p2a: Weezing|94\/100|[from] item: Leftovers\n|upkeep\n|\n|t:|1698479679\n|switch|p2b: Kommo-o|Kommo-o, M|100\/100\n|turn|3\n|\n|t:|1698479691\n|move|p1a: Quaquaval|Brave Bird|p2b: Kommo-o\n|-supereffective|p2b: Kommo-o\n|-damage|p2b: Kommo-o|42\/100\n|-damage|p1a: Quaquaval|10\/100|[from] item: Rocky Helmet|[of] p2b: Kommo-o\n|-damage|p1a: Quaquaval|0 fnt|[from] Recoil\n|faint|p1a: Quaquaval\n|move|p2b: Kommo-o|Iron Defense|p2b: Kommo-o\n|-boost|p2b: Kommo-o|def|2\n|move|p2a: Weezing|Body Slam|p1b: Torterra\n|-damage|p1b: Torterra|80\/100\n|move|p1b: Torterra|Headlong Rush|p2a: Weezing\n|-supereffective|p2a: Weezing\n|-damage|p2a: Weezing|0 fnt\n|-unboost|p1b: Torterra|def|1\n|-unboost|p1b: Torterra|spd|1\n|faint|p2a: Weezing\n|-end|p2a: Weezing|ability: Neutralizing Gas\n|\n|upkeep\n|\n|t:|1698479712\n|switch|p1a: Charizard|Charizard, F|100\/100\n|switch|p2a: Ogerpon|Ogerpon-Hearthflame, F|100\/100\n|-ability|p2a: Ogerpon|Mold Breaker\n|turn|4\n|\n|t:|1698479730\n|detailschange|p1a: Charizard|Charizard-Mega-Y, F\n|-mega|p1a: Charizard|Charizard|Charizardite Y\n|-weather|SunnyDay|[from] ability: Drought|[of] p1a: Charizard\n|-terastallize|p2a: Ogerpon|Fire\n|detailschange|p2a: Ogerpon|Ogerpon-Hearthflame-Tera, F, tera:Fire\n|-ability|p2a: Ogerpon|Embody Aspect (Hearthflame)|boost\n|-boost|p2a: Ogerpon|atk|1\n|move|p1b: Torterra|Protect|p1b: Torterra\n|-singleturn|p1b: Torterra|Protect\n|move|p2a: Ogerpon|Ivy Cudgel|p1b: Torterra\n|-activate|p1b: Torterra|move: Protect\n|move|p1a: Charizard|Tailwind|p1a: Charizard\n|-sidestart|p1: C0ST3652|move: Tailwind\n|move|p2b: Kommo-o|Body Press|p1b: Torterra\n|-activate|p1b: Torterra|move: Protect\n|\n|-weather|SunnyDay|[upkeep]\n|upkeep\n|turn|5\n|\n|t:|1698479751\n|move|p1a: Charizard|Scorching Sands|p2a: Ogerpon\n|-supereffective|p2a: Ogerpon\n|-damage|p2a: Ogerpon|39\/100\n|move|p2a: Ogerpon|Ivy Cudgel|p1b: Torterra\n|-supereffective|p1b: Torterra\n|-damage|p1b: Torterra|0 fnt\n|faint|p1b: Torterra\n|move|p2b: Kommo-o|Body Press|p1a: Charizard\n|-resisted|p1a: Charizard\n|-damage|p1a: Charizard|42\/100\n|\n|-weather|SunnyDay|[upkeep]\n|upkeep\n|\n|t:|1698479761\n|switch|p1b: Venusaur|Venusaur, F|100\/100\n|turn|6\n|\n|t:|1698479773\n|move|p1b: Venusaur|Sleep Powder|p2b: Kommo-o\n|-immune|p2b: Kommo-o|[from] ability: Overcoat\n|move|p1a: Charizard|Scorching Sands|p2a: Ogerpon\n|-supereffective|p2a: Ogerpon\n|-damage|p2a: Ogerpon|0 fnt\n|faint|p2a: Ogerpon\n|move|p2b: Kommo-o|Body Press|p1b: Venusaur\n|-resisted|p1b: Venusaur\n|-damage|p1b: Venusaur|38\/100\n|\n|-weather|SunnyDay|[upkeep]\n|upkeep\n|\n|t:|1698479784\n|switch|p2a: Arcanine|Arcanine-Hisui, F|100\/100\n|-ability|p2a: Arcanine|Intimidate|boost\n|-unboost|p1a: Charizard|atk|1\n|-unboost|p1b: Venusaur|atk|1\n|turn|7\n|\n|t:|1698479800\n|move|p1b: Venusaur|Sludge Bomb|p2b: Kommo-o\n|-damage|p2b: Kommo-o|0 fnt\n|faint|p2b: Kommo-o\n|move|p1a: Charizard|Scorching Sands|p2a: Arcanine\n|-supereffective|p2a: Arcanine\n|-enditem|p2a: Arcanine|Focus Sash\n|-damage|p2a: Arcanine|1\/100\n|move|p2a: Arcanine|Flamethrower|p1b: Venusaur\n|-supereffective|p1b: Venusaur\n|-damage|p1b: Venusaur|0 fnt\n|faint|p1b: Venusaur\n|\n|-weather|SunnyDay|[upkeep]\n|-sideend|p1: C0ST3652|move: Tailwind\n|upkeep\n|\n|t:|1698479813\n|switch|p1b: Incineroar|Incineroar, M|100\/100\n|switch|p2b: Gholdengo|Gholdengo|100\/100\n|-ability|p1b: Incineroar|Intimidate|boost\n|-unboost|p2a: Arcanine|atk|1\n|-unboost|p2b: Gholdengo|atk|1\n|turn|8\n|\n|t:|1698479826\n|move|p1b: Incineroar|Fake Out|p2a: Arcanine\n|-resisted|p2a: Arcanine\n|-damage|p2a: Arcanine|0 fnt\n|faint|p2a: Arcanine\n|move|p1a: Charizard|Overheat|p2b: Gholdengo\n|-supereffective|p2b: Gholdengo\n|-damage|p2b: Gholdengo|0 fnt\n|-unboost|p1a: Charizard|spa|2\n|faint|p2b: Gholdengo\n|\n|win|C0ST3652\n|raw|C0ST3652's rating: 1100 &rarr; <strong>1118<\/strong><br \/>(+18 for winning)\n|raw|Chrisnamor's rating: 1000 &rarr; <strong>1000<\/strong><br \/>(+0 for losing)\n|l|\u2606Chrisnamor\n","uploadtime":1698479839,"views":8,"p1id":"c0st3652","p2id":"chrisnamor","formatid":"gen9nationaldexdoubles","rating":1000,"private":0,"password":""}