{"id":"gen9nationaldexdoubles-1984860930","p1":"Denvah_17","p2":"FriedBeaver01","format":"[Gen 9] National Dex Doubles","log":"|j|\u2606Denvah_17\n|j|\u2606FriedBeaver01\n|t:|1699305309\n|gametype|doubles\n|player|p1|Denvah_17|alder|1370\n|player|p2|FriedBeaver01|170|1268\n|teamsize|p1|6\n|teamsize|p2|6\n|gen|9\n|tier|[Gen 9] National Dex Doubles\n|rated|\n|rule|HP Percentage Mod: HP is shown in percentages\n|rule|Endless Battle Clause: Forcing endless battles is banned\n|rule|OHKO Clause: OHKO moves are banned\n|rule|Evasion Moves Clause: Evasion moves are banned\n|rule|Evasion Abilities Clause: Evasion abilities are banned\n|rule|Species Clause: Limit one of each Pok\u00e9mon\n|rule|Gravity Sleep Clause: The combination of sleep-inducing moves with imperfect accuracy and Gravity or Gigantamax Orbeetle are banned\n|clearpoke\n|poke|p1|Venusaur, M|\n|poke|p1|Charizard, F|\n|poke|p1|Sandy Shocks|\n|poke|p1|Mew|\n|poke|p1|Tauros-Paldea-Aqua, M|\n|poke|p1|Snorlax, F|\n|poke|p2|Dragapult, M|\n|poke|p2|Grimmsnarl, M|\n|poke|p2|Iron Hands|\n|poke|p2|Pincurchin, M|\n|poke|p2|Heatran, M|\n|poke|p2|Torterra, M|\n|teampreview\n|inactive|Battle timer is ON: inactive players will automatically lose when time's up. (requested by Denvah_17)\n|\n|t:|1699305315\n|start\n|switch|p1a: Garfield|Mew, shiny|100\/100\n|switch|p1b: Bull Market|Tauros-Paldea-Aqua, M|100\/100\n|switch|p2a: Lizardgeist|Dragapult, M, shiny|100\/100\n|switch|p2b: EXTRA THICC|Grimmsnarl, M, shiny|100\/100\n|turn|1\n|\n|t:|1699305331\n|move|p2b: EXTRA THICC|Taunt|p1a: Garfield\n|-start|p1a: Garfield|move: Taunt\n|move|p2a: Lizardgeist|U-turn|p1a: Garfield\n|-supereffective|p1a: Garfield\n|-damage|p1a: Garfield|44\/100\n|\n|t:|1699305346\n|switch|p2a: Hedgeshock|Pincurchin, M, shiny|100\/100|[from] U-turn\n|-fieldstart|move: Electric Terrain|[from] ability: Electric Surge|[of] p2a: Hedgeshock\n|-enditem|p2a: Hedgeshock|Electric Seed\n|-boost|p2a: Hedgeshock|def|1|[from] item: Electric Seed\n|move|p1a: Garfield|Frost Breath|p1b: Bull Market\n|-resisted|p1b: Bull Market\n|-crit|p1b: Bull Market\n|-damage|p1b: Bull Market|92\/100\n|-setboost|p1b: Bull Market|atk|6|[from] ability: Anger Point\n|move|p1b: Bull Market|Trailblaze|p2b: EXTRA THICC\n|-damage|p2b: EXTRA THICC|39\/100\n|-boost|p1b: Bull Market|spe|1\n|-damage|p1b: Bull Market|75\/100|[from] item: Rocky Helmet|[of] p2b: EXTRA THICC\n|\n|upkeep\n|turn|2\n|inactive|Denvah_17 has 120 seconds left.\n|\n|t:|1699305385\n|move|p2b: EXTRA THICC|Sucker Punch|p1a: Garfield\n|-supereffective|p1a: Garfield\n|-damage|p1a: Garfield|0 fnt\n|faint|p1a: Garfield\n|move|p1b: Bull Market|Rock Slide|p2b: EXTRA THICC|[spread] p2b\n|-miss|p1b: Bull Market|p2a: Hedgeshock\n|-crit|p2b: EXTRA THICC\n|-damage|p2b: EXTRA THICC|0 fnt\n|faint|p2b: EXTRA THICC\n|move|p2a: Hedgeshock|Rising Voltage|p1b: Bull Market\n|-hint|Rising Voltage's BP doubled on grounded target.\n|-supereffective|p1b: Bull Market\n|-damage|p1b: Bull Market|0 fnt\n|faint|p1b: Bull Market\n|\n|upkeep\n|inactive|Denvah_17 has 120 seconds left.\n|\n|t:|1699305413\n|switch|p1a: Enderer Dragon|Charizard, F|100\/100\n|switch|p1b: Literally 1984|Sandy Shocks|100\/100\n|switch|p2b: Krakatoada|Heatran, M|100\/100\n|-item|p2b: Krakatoada|Air Balloon\n|turn|3\n|\n|t:|1699305425\n|detailschange|p1a: Enderer Dragon|Charizard-Mega-Y, F\n|-mega|p1a: Enderer Dragon|Charizard|Charizardite Y\n|-weather|SunnyDay|[from] ability: Drought|[of] p1a: Enderer Dragon\n|-activate|p1b: Literally 1984|ability: Protosynthesis\n|-start|p1b: Literally 1984|protosynthesisspe\n|move|p1a: Enderer Dragon|Protect|p1a: Enderer Dragon\n|-singleturn|p1a: Enderer Dragon|Protect\n|move|p1b: Literally 1984|Discharge|p2b: Krakatoada|[spread] p2a,p2b\n|-activate|p1a: Enderer Dragon|move: Protect\n|-resisted|p2a: Hedgeshock\n|-damage|p2a: Hedgeshock|67\/100\n|-damage|p2b: Krakatoada|66\/100\n|-enditem|p2b: Krakatoada|Air Balloon\n|move|p2b: Krakatoada|Eruption|p1b: Literally 1984|[spread] p1b\n|-activate|p1a: Enderer Dragon|move: Protect\n|-damage|p1b: Literally 1984|27\/100\n|move|p2a: Hedgeshock|Toxic Spikes|p1a: Enderer Dragon\n|-sidestart|p1: Denvah_17|move: Toxic Spikes\n|\n|-weather|SunnyDay|[upkeep]\n|upkeep\n|turn|4\n|\n|t:|1699305453\n|-terastallize|p2b: Krakatoada|Flying\n|move|p2a: Hedgeshock|Sucker Punch|p1b: Literally 1984\n|-damage|p1b: Literally 1984|5\/100\n|move|p1b: Literally 1984|Earth Power|p2b: Krakatoada\n|-immune|p2b: Krakatoada\n|move|p1a: Enderer Dragon|Heat Wave|p2b: Krakatoada|[spread] p2a\n|-start|p2b: Krakatoada|ability: Flash Fire\n|-damage|p2a: Hedgeshock|0 fnt\n|faint|p2a: Hedgeshock\n|move|p2b: Krakatoada|Flash Cannon|p1a: Enderer Dragon\n|-resisted|p1a: Enderer Dragon\n|-damage|p1a: Enderer Dragon|78\/100\n|\n|-weather|SunnyDay|[upkeep]\n|upkeep\n|inactive|FriedBeaver01 has 120 seconds left.\n|\n|t:|1699305471\n|switch|p2a: Lizardgeist|Dragapult, M, shiny|100\/100\n|turn|5\n|\n|t:|1699305494\n|move|p1a: Enderer Dragon|Protect|p1a: Enderer Dragon\n|-singleturn|p1a: Enderer Dragon|Protect\n|move|p1b: Literally 1984|Discharge|p2a: Lizardgeist|[spread] p2a,p2b\n|-activate|p1a: Enderer Dragon|move: Protect\n|-resisted|p2a: Lizardgeist\n|-supereffective|p2b: Krakatoada\n|-damage|p2a: Lizardgeist|77\/100\n|-damage|p2b: Krakatoada|0 fnt\n|faint|p2b: Krakatoada\n|move|p2a: Lizardgeist|Dragon Darts|p1b: Literally 1984\n|-damage|p1b: Literally 1984|0 fnt\n|faint|p1b: Literally 1984\n|-end|p1b: Literally 1984|Protosynthesis|[silent]\n|\n|-weather|SunnyDay|[upkeep]\n|-fieldend|move: Electric Terrain\n|upkeep\n|\n|t:|1699305514\n|switch|p1b: Sativa|Venusaur, M|100\/100\n|switch|p2b: Big Slapper|Iron Hands, shiny|100\/100\n|-sideend|p1: Denvah_17|move: Toxic Spikes|[of] p1b: Sativa\n|turn|6\n|\n|t:|1699305535\n|move|p2b: Big Slapper|Fake Out|p1a: Enderer Dragon\n|-damage|p1a: Enderer Dragon|54\/100\n|move|p2a: Lizardgeist|Dragon Darts|p1b: Sativa\n|-damage|p1b: Sativa|51\/100\n|-anim|p2a: Lizardgeist|Dragon Darts|p1a: Enderer Dragon\n|-damage|p1a: Enderer Dragon|2\/100\n|move|p1b: Sativa|Growth|p1b: Sativa\n|-boost|p1b: Sativa|atk|2\n|-boost|p1b: Sativa|spa|2\n|cant|p1a: Enderer Dragon|flinch\n|\n|-weather|SunnyDay|[upkeep]\n|upkeep\n|turn|7\n|\n|t:|1699305563\n|move|p2a: Lizardgeist|Dragon Darts|p1b: Sativa\n|-damage|p1b: Sativa|1\/100\n|-anim|p2a: Lizardgeist|Dragon Darts|p1a: Enderer Dragon\n|-damage|p1a: Enderer Dragon|0 fnt\n|faint|p1a: Enderer Dragon\n|move|p1b: Sativa|Grass Pledge|p2b: Big Slapper\n|-damage|p2b: Big Slapper|45\/100\n|-damage|p1b: Sativa|0 fnt|[from] item: Life Orb\n|faint|p1b: Sativa\n|move|p2b: Big Slapper|Iron Head|p1: Enderer Dragon|[notarget]\n|-fail|p2b: Big Slapper\n|\n|-weather|none\n|upkeep\n|\n|t:|1699305567\n|switch|p1b: Bear Market|Snorlax, F|100\/100\n|turn|8\n|\n|t:|1699305576\n|-terastallize|p1b: Bear Market|Ice\n|move|p2a: Lizardgeist|Dragon Darts|p1b: Bear Market\n|-damage|p1b: Bear Market|73\/100\n|-anim|p2a: Lizardgeist|Dragon Darts|p1b: Bear Market\n|-damage|p1b: Bear Market|44\/100\n|move|p2b: Big Slapper|Drain Punch|p1b: Bear Market\n|-supereffective|p1b: Bear Market\n|-crit|p1b: Bear Market\n|-damage|p1b: Bear Market|0 fnt\n|-heal|p2b: Big Slapper|65\/100|[from] drain|[of] p1b: Bear Market\n|faint|p1b: Bear Market\n|\n|win|FriedBeaver01\n|raw|Denvah_17's rating: 1370 &rarr; <strong>1344<\/strong><br \/>(-26 for losing)\n|raw|FriedBeaver01's rating: 1268 &rarr; <strong>1300<\/strong><br \/>(+32 for winning)\n","uploadtime":1699305580,"views":9,"p1id":"denvah17","p2id":"friedbeaver01","formatid":"gen9nationaldexdoubles","rating":1300,"private":0,"password":""}