{"id":"gen9nationaldexdoubles-1969893034","p1":"Lilytheloudmouth","p2":"Yu hung lo","format":"[Gen 9] National Dex Doubles","log":"|j|\u2606Lilytheloudmouth\n|j|\u2606Yu hung lo\n|t:|1697573747\n|gametype|doubles\n|player|p1|Lilytheloudmouth|roxie|1180\n|player|p2|Yu hung lo|janitor|1437\n|teamsize|p1|6\n|teamsize|p2|6\n|gen|9\n|tier|[Gen 9] National Dex Doubles\n|rated|\n|rule|HP Percentage Mod: HP is shown in percentages\n|rule|Endless Battle Clause: Forcing endless battles is banned\n|rule|OHKO Clause: OHKO moves are banned\n|rule|Evasion Moves Clause: Evasion moves are banned\n|rule|Evasion Abilities Clause: Evasion abilities are banned\n|rule|Species Clause: Limit one of each Pok\u00e9mon\n|rule|Gravity Sleep Clause: The combination of sleep-inducing moves with imperfect accuracy and Gravity or Gigantamax Orbeetle are banned\n|clearpoke\n|poke|p1|Okidogi, M|\n|poke|p1|Munkidori, M|\n|poke|p1|Gliscor, M|\n|poke|p1|Grafaiai, F|\n|poke|p1|Kingambit, M|\n|poke|p1|Gholdengo|\n|poke|p2|Lucario, F|\n|poke|p2|Grimmsnarl, M|\n|poke|p2|Incineroar, M|\n|poke|p2|Rillaboom, M|\n|poke|p2|Blastoise, M|\n|poke|p2|Dragapult, F|\n|teampreview\n|inactive|Battle timer is ON: inactive players will automatically lose when time's up. (requested by Yu hung lo)\n|\n|t:|1697573774\n|start\n|switch|p1a: Sloth|Munkidori, M|100\/100\n|switch|p1b: Greed|Gholdengo|100\/100\n|switch|p2a: Grimmsnarl|Grimmsnarl, M|100\/100\n|switch|p2b: Lucario|Lucario, F|100\/100\n|turn|1\n|\n|t:|1697573790\n|detailschange|p2b: Lucario|Lucario-Mega, F\n|-mega|p2b: Lucario|Lucario|Lucarionite\n|move|p2a: Grimmsnarl|Light Screen|p2a: Grimmsnarl\n|-sidestart|p2: Yu hung lo|move: Light Screen\n|move|p2b: Lucario|Swords Dance|p2b: Lucario\n|-boost|p2b: Lucario|atk|2\n|move|p1a: Sloth|Psychic|p2b: Lucario\n|-damage|p2b: Lucario|47\/100\n|-damage|p1a: Sloth|91\/100|[from] item: Life Orb\n|move|p1b: Greed|Dazzling Gleam|p2a: Grimmsnarl|[spread] p2a,p2b\n|-supereffective|p2a: Grimmsnarl\n|-damage|p2a: Grimmsnarl|74\/100\n|-damage|p2b: Lucario|31\/100\n|\n|upkeep\n|turn|2\n|inactive|Yu hung lo has 120 seconds left.\n|inactive|Yu hung lo has 90 seconds left.\n|\n|t:|1697573856\n|switch|p2a: Blastoise|Blastoise, M|100\/100\n|move|p2b: Lucario|Bullet Punch|p1a: Sloth\n|-damage|p1a: Sloth|12\/100\n|move|p1a: Sloth|Psychic|p2b: Lucario\n|-crit|p2b: Lucario\n|-damage|p2b: Lucario|0 fnt\n|faint|p2b: Lucario\n|-damage|p1a: Sloth|3\/100|[from] item: Life Orb\n|move|p1b: Greed|Make It Rain|p2a: Blastoise\n|-resisted|p2a: Blastoise\n|-damage|p2a: Blastoise|82\/100\n|-unboost|p1b: Greed|spa|1\n|\n|upkeep\n|\n|t:|1697573862\n|switch|p2b: Incineroar|Incineroar, M|100\/100\n|-ability|p2b: Incineroar|Intimidate|boost\n|-unboost|p1a: Sloth|atk|1\n|-unboost|p1b: Greed|atk|1\n|turn|3\n|\n|t:|1697573881\n|move|p1a: Sloth|U-turn|p2a: Blastoise\n|-damage|p2a: Blastoise|75\/100\n|-damage|p1a: Sloth|0 fnt|[from] item: Life Orb\n|faint|p1a: Sloth\n|move|p1b: Greed|Thunderbolt|p2a: Blastoise\n|-supereffective|p2a: Blastoise\n|-damage|p2a: Blastoise|51\/100\n|move|p2a: Blastoise|Flip Turn|p1b: Greed\n|-damage|p1b: Greed|83\/100\n|\n|t:|1697573896\n|switch|p2a: Dragapult|Dragapult, F|100\/100|[from] Flip Turn\n|move|p2b: Incineroar|Snarl|p1b: Greed\n|-supereffective|p1b: Greed\n|-damage|p1b: Greed|62\/100\n|-unboost|p1b: Greed|spa|1\n|\n|upkeep\n|\n|t:|1697573905\n|switch|p1a: Wrath|Okidogi, M|100\/100\n|turn|4\n|inactive|Yu hung lo has 120 seconds left.\n|inactive|Yu hung lo has 90 seconds left.\n|\n|t:|1697573947\n|switch|p1b: Gluttony|Gliscor, M|100\/100\n|-terastallize|p2a: Dragapult|Ghost\n|move|p2a: Dragapult|Tera Blast|p1b: Gluttony|[anim] Tera Blast Ghost\n|-damage|p1b: Gluttony|45\/100\n|move|p1a: Wrath|Brick Break|p2b: Incineroar\n|-sideend|p2: Yu hung lo|move: Light Screen\n|-supereffective|p2b: Incineroar\n|-damage|p2b: Incineroar|30\/100\n|move|p2b: Incineroar|Parting Shot|p1a: Wrath\n|-unboost|p1a: Wrath|atk|1\n|-unboost|p1a: Wrath|spa|1\n|\n|t:|1697573960\n|switch|p2b: Blastoise|Blastoise, M|51\/100|[from] Parting Shot\n|\n|-status|p1b: Gluttony|tox|[from] item: Toxic Orb\n|upkeep\n|turn|5\n|\n|t:|1697573970\n|move|p1a: Wrath|Protect|p1a: Wrath\n|-singleturn|p1a: Wrath|Protect\n|move|p2a: Dragapult|Tera Blast|p1a: Wrath|[anim] Tera Blast Ghost\n|-activate|p1a: Wrath|move: Protect\n|move|p1b: Gluttony|U-turn|p2a: Dragapult\n|-resisted|p2a: Dragapult\n|-damage|p2a: Dragapult|90\/100\n|\n|t:|1697573977\n|switch|p1b: Greed|Gholdengo|62\/100|[from] U-turn\n|move|p2b: Blastoise|Muddy Water|p1a: Wrath|[spread] p1b\n|-activate|p1a: Wrath|move: Protect\n|-damage|p1b: Greed|45\/100\n|\n|upkeep\n|turn|6\n|inactive|Yu hung lo has 120 seconds left.\n|\n|t:|1697573996\n|move|p2a: Dragapult|Tera Blast|p1b: Greed|[anim] Tera Blast Ghost\n|-supereffective|p1b: Greed\n|-damage|p1b: Greed|0 fnt\n|faint|p1b: Greed\n|move|p1a: Wrath|Knock Off|p2a: Dragapult\n|-supereffective|p2a: Dragapult\n|-damage|p2a: Dragapult|28\/100\n|-enditem|p2a: Dragapult|Choice Band|[from] move: Knock Off|[of] p1a: Wrath\n|move|p2b: Blastoise|Muddy Water|p1a: Wrath\n|-damage|p1a: Wrath|73\/100\n|\n|-heal|p1a: Wrath|79\/100|[from] item: Leftovers\n|upkeep\n|\n|t:|1697574006\n|switch|p1b: Envy|Grafaiai, F|100\/100\n|turn|7\n|\n|t:|1697574022\n|move|p2a: Dragapult|Phantom Force||[still]\n|-prepare|p2a: Dragapult|Phantom Force\n|move|p1b: Envy|Super Fang|p2b: Blastoise\n|-damage|p2b: Blastoise|26\/100\n|-enditem|p2b: Blastoise|Sitrus Berry|[eat]\n|-heal|p2b: Blastoise|50\/100|[from] item: Sitrus Berry\n|move|p1a: Wrath|Knock Off|p2a: Dragapult|[miss]\n|-miss|p1a: Wrath|p2a: Dragapult\n|move|p2b: Blastoise|Muddy Water|p1a: Wrath|[spread] p1a,p1b\n|-damage|p1a: Wrath|57\/100\n|-damage|p1b: Envy|74\/100\n|\n|-heal|p1b: Envy|80\/100|[from] item: Black Sludge\n|-heal|p1a: Wrath|63\/100|[from] item: Leftovers\n|upkeep\n|turn|8\n|\n|t:|1697574046\n|move|p1a: Wrath|Protect|p1a: Wrath\n|-singleturn|p1a: Wrath|Protect\n|move|p2b: Blastoise|Follow Me|p2b: Blastoise\n|-singleturn|p2b: Blastoise|move: Follow Me\n|move|p2a: Dragapult|Phantom Force|p1a: Wrath|[from]lockedmove\n|-activate|p1a: Wrath|move: Phantom Force|[broken]\n|-damage|p1a: Wrath|18\/100\n|move|p1b: Envy|Super Fang|p2b: Blastoise\n|-damage|p2b: Blastoise|26\/100\n|\n|-heal|p1b: Envy|86\/100|[from] item: Black Sludge\n|-heal|p1a: Wrath|24\/100|[from] item: Leftovers\n|upkeep\n|turn|9\n|inactive|Lilytheloudmouth has 120 seconds left.\n|\n|t:|1697574082\n|move|p2b: Blastoise|Follow Me|p2b: Blastoise\n|-singleturn|p2b: Blastoise|move: Follow Me\n|move|p2a: Dragapult|Tera Blast|p1a: Wrath|[anim] Tera Blast Ghost\n|-damage|p1a: Wrath|0 fnt\n|faint|p1a: Wrath\n|move|p1b: Envy|Encore|p2b: Blastoise\n|-start|p2b: Blastoise|Encore\n|\n|-heal|p1b: Envy|92\/100|[from] item: Black Sludge\n|upkeep\n|\n|t:|1697574090\n|switch|p1a: Gluttony|Gliscor, M|45\/100 tox\n|turn|10\n|\n|t:|1697574107\n|move|p2b: Blastoise|Follow Me|p2b: Blastoise\n|-singleturn|p2b: Blastoise|move: Follow Me\n|move|p2a: Dragapult|Tera Blast|p1a: Gluttony|[anim] Tera Blast Ghost\n|-damage|p1a: Gluttony|6\/100 tox\n|move|p1b: Envy|Switcheroo|p2b: Blastoise\n|-activate|p1b: Envy|move: Trick|[of] p2b: Blastoise\n|-item|p2b: Blastoise|Black Sludge|[from] move: Switcheroo\n|-enditem|p1b: Envy|Black Sludge|[silent]|[from] move: Switcheroo\n|move|p1a: Gluttony|Earthquake|p2a: Dragapult|[spread] p1b,p2a,p2b\n|-supereffective|p1b: Envy\n|-damage|p1b: Envy|23\/100\n|-damage|p2a: Dragapult|0 fnt\n|-damage|p2b: Blastoise|8\/100\n|faint|p2a: Dragapult\n|\n|-damage|p2b: Blastoise|0 fnt|[from] item: Black Sludge\n|faint|p2b: Blastoise\n|-heal|p1a: Gluttony|18\/100 tox|[from] ability: Poison Heal\n|upkeep\n|\n|t:|1697574116\n|switch|p2a: Incineroar|Incineroar, M|30\/100\n|switch|p2b: Grimmsnarl|Grimmsnarl, M|74\/100\n|-ability|p2a: Incineroar|Intimidate|boost\n|-unboost|p1a: Gluttony|atk|1\n|-unboost|p1b: Envy|atk|1\n|turn|11\n|\n|t:|1697574146\n|move|p2b: Grimmsnarl|Parting Shot|p1a: Gluttony\n|-unboost|p1a: Gluttony|atk|1\n|-unboost|p1a: Gluttony|spa|1\n|\n|t:|1697574149\n|switch|p2b: Rillaboom|Rillaboom, M|100\/100|[from] Parting Shot\n|-fieldstart|move: Grassy Terrain|[from] ability: Grassy Surge|[of] p2b: Rillaboom\n|move|p1b: Envy|Super Fang|p2b: Rillaboom\n|-damage|p2b: Rillaboom|50\/100\n|move|p1a: Gluttony|Earthquake|p2a: Incineroar|[spread] p1b,p2a,p2b\n|-supereffective|p1b: Envy\n|-crit|p1b: Envy\n|-supereffective|p2a: Incineroar\n|-resisted|p2b: Rillaboom\n|-damage|p1b: Envy|0 fnt\n|-damage|p2a: Incineroar|18\/100\n|-damage|p2b: Rillaboom|48\/100\n|faint|p1b: Envy\n|move|p2a: Incineroar|Flare Blitz|p1a: Gluttony\n|-damage|p1a: Gluttony|0 fnt\n|faint|p1a: Gluttony\n|-damage|p2a: Incineroar|12\/100|[from] Recoil\n|\n|-heal|p2b: Rillaboom|54\/100|[from] Grassy Terrain\n|-heal|p2a: Incineroar|19\/100|[from] Grassy Terrain\n|upkeep\n|\n|t:|1697574169\n|switch|p1a: Pride|Kingambit, M|100\/100\n|-activate|p1a: Pride|ability: Supreme Overlord\n|-start|p1a: Pride|fallen5|[silent]\n|turn|12\n|\n|t:|1697574179\n|move|p2b: Rillaboom|Fake Out|p1a: Pride\n|-resisted|p1a: Pride\n|-damage|p1a: Pride|96\/100\n|move|p2a: Incineroar|Flare Blitz|p1a: Pride\n|-supereffective|p1a: Pride\n|-damage|p1a: Pride|32\/100\n|-damage|p2a: Incineroar|0 fnt|[from] Recoil\n|faint|p2a: Incineroar\n|cant|p1a: Pride|flinch\n|\n|-heal|p2b: Rillaboom|60\/100|[from] Grassy Terrain\n|-heal|p1a: Pride|38\/100|[from] Grassy Terrain\n|-heal|p1a: Pride|44\/100|[from] item: Leftovers\n|upkeep\n|\n|t:|1697574184\n|switch|p2a: Grimmsnarl|Grimmsnarl, M|74\/100\n|turn|13\n|c|\u2606Lilytheloudmouth|kingambit is good but not this good lol\n|\n|t:|1697574211\n|move|p2b: Rillaboom|Drum Beating|p1a: Pride\n|-resisted|p1a: Pride\n|-damage|p1a: Pride|26\/100\n|-unboost|p1a: Pride|spe|1\n|move|p2a: Grimmsnarl|Spirit Break|p1a: Pride\n|-damage|p1a: Pride|6\/100\n|-unboost|p1a: Pride|spa|1\n|move|p1a: Pride|Kowtow Cleave|p2b: Rillaboom\n|-damage|p2b: Rillaboom|0 fnt\n|faint|p2b: Rillaboom\n|\n|-heal|p2a: Grimmsnarl|80\/100|[from] Grassy Terrain\n|-heal|p1a: Pride|12\/100|[from] Grassy Terrain\n|-heal|p1a: Pride|18\/100|[from] item: Leftovers\n|upkeep\n|turn|14\n|c|\u2606Lilytheloudmouth|gg\n|\n|t:|1697574231\n|move|p2a: Grimmsnarl|Spirit Break|p1a: Pride\n|-damage|p1a: Pride|0 fnt\n|faint|p1a: Pride\n|-end|p1a: Pride|fallen5|[silent]\n|\n|win|Yu hung lo\n|raw|Lilytheloudmouth's rating: 1180 &rarr; <strong>1171<\/strong><br \/>(-9 for losing)\n|raw|Yu hung lo's rating: 1437 &rarr; <strong>1444<\/strong><br \/>(+7 for winning)\n","uploadtime":1697574235,"views":7,"p1id":"lilytheloudmouth","p2id":"yuhunglo","formatid":"gen9nationaldexdoubles","rating":1171,"private":0,"password":""}