{"id":"gen9nationaldexdoubles-2000304404","p1":"Shadow_TheDrake","p2":"Androiddxx","format":"[Gen 9] National Dex Doubles","log":"|j|\u2606Shadow_TheDrake\n|j|\u2606Androiddxx\n|t:|1701183183\n|gametype|doubles\n|player|p1|Shadow_TheDrake|266|1154\n|player|p2|Androiddxx|lucas|1076\n|teamsize|p1|6\n|teamsize|p2|6\n|gen|9\n|tier|[Gen 9] National Dex Doubles\n|rated|\n|rule|HP Percentage Mod: HP is shown in percentages\n|rule|Endless Battle Clause: Forcing endless battles is banned\n|rule|OHKO Clause: OHKO moves are banned\n|rule|Evasion Moves Clause: Evasion moves are banned\n|rule|Evasion Abilities Clause: Evasion abilities are banned\n|rule|Species Clause: Limit one of each Pok\u00e9mon\n|rule|Gravity Sleep Clause: The combination of sleep-inducing moves with imperfect accuracy and Gravity or Gigantamax Orbeetle are banned\n|clearpoke\n|poke|p1|Tyranitar, M|\n|poke|p1|Garganacl, F|\n|poke|p1|Stonjourner, M|\n|poke|p1|Gigalith, F|\n|poke|p1|Kleavor, M|\n|poke|p1|Arcanine-Hisui, M|\n|poke|p2|Swampert, M|\n|poke|p2|Raichu, M|\n|poke|p2|Hitmontop, M|\n|poke|p2|Sceptile, M|\n|poke|p2|Incineroar, M|\n|poke|p2|Aggron, M|\n|teampreview\n|\n|t:|1701183197\n|start\n|switch|p1a: Garganacl|Garganacl, F|100\/100\n|switch|p1b: Gigalith|Gigalith, F|100\/100\n|switch|p2a: Dr Bustown|Hitmontop, M|100\/100\n|switch|p2b: Metalisaur|Aggron, M|100\/100\n|-weather|Sandstorm|[from] ability: Sand Stream|[of] p1b: Gigalith\n|turn|1\n|inactive|Battle timer is ON: inactive players will automatically lose when time's up. (requested by Shadow_TheDrake)\n|\n|t:|1701183214\n|move|p2a: Dr Bustown|Attract|p1a: Garganacl\n|-start|p1a: Garganacl|Attract\n|move|p2b: Metalisaur|Iron Head|p1b: Gigalith\n|-supereffective|p1b: Gigalith\n|-damage|p1b: Gigalith|45\/100\n|-activate|p1a: Garganacl|move: Attract|[of] p2a: Dr Bustown\n|move|p1a: Garganacl|Salt Cure|p2b: Metalisaur\n|-resisted|p2b: Metalisaur\n|-damage|p2b: Metalisaur|95\/100\n|-start|p2b: Metalisaur|Salt Cure\n|move|p1b: Gigalith|Body Press|p2b: Metalisaur\n|-supereffective|p2b: Metalisaur\n|-damage|p2b: Metalisaur|15\/100\n|-damage|p1b: Gigalith|28\/100|[from] item: Rocky Helmet|[of] p2b: Metalisaur\n|\n|-weather|Sandstorm|[upkeep]\n|-damage|p2a: Dr Bustown|94\/100|[from] Sandstorm\n|-damage|p2b: Metalisaur|0 fnt|[from] Salt Cure\n|faint|p2b: Metalisaur\n|upkeep\n|\n|t:|1701183234\n|switch|p2b: Brownie|Sceptile, M|100\/100\n|turn|2\n|\n|t:|1701183253\n|move|p2b: Brownie|Leaf Blade|p1a: Garganacl\n|-supereffective|p1a: Garganacl\n|-damage|p1a: Garganacl|57\/100\n|move|p2a: Dr Bustown|Attract|p1b: Gigalith\n|-start|p1b: Gigalith|Attract\n|-activate|p1a: Garganacl|move: Attract|[of] p2a: Dr Bustown\n|cant|p1a: Garganacl|Attract\n|-activate|p1b: Gigalith|move: Attract|[of] p2a: Dr Bustown\n|cant|p1b: Gigalith|Attract\n|\n|-weather|Sandstorm|[upkeep]\n|-damage|p2b: Brownie|94\/100|[from] Sandstorm\n|-damage|p2a: Dr Bustown|88\/100|[from] Sandstorm\n|-heal|p1a: Garganacl|63\/100|[from] item: Leftovers\n|upkeep\n|turn|3\n|\n|t:|1701183275\n|-activate|p1a: Garganacl|move: Attract|[of] p2a: Dr Bustown\n|move|p1a: Garganacl|Protect|p1a: Garganacl\n|-singleturn|p1a: Garganacl|Protect\n|move|p2b: Brownie|Drain Punch|p1b: Gigalith\n|-supereffective|p1b: Gigalith\n|-damage|p1b: Gigalith|0 fnt\n|-heal|p2b: Brownie|100\/100|[from] drain|[of] p1b: Gigalith\n|faint|p1b: Gigalith\n|move|p2a: Dr Bustown|Triple Kick|p1a: Garganacl\n|-activate|p1a: Garganacl|move: Protect\n|\n|-weather|Sandstorm|[upkeep]\n|-damage|p2b: Brownie|94\/100|[from] Sandstorm\n|-damage|p2a: Dr Bustown|82\/100|[from] Sandstorm\n|-heal|p1a: Garganacl|70\/100|[from] item: Leftovers\n|upkeep\n|\n|t:|1701183284\n|switch|p1b: Kleavor|Kleavor, M|100\/100\n|turn|4\n|inactive|Androiddxx has 120 seconds left.\n|\n|t:|1701183320\n|move|p2a: Dr Bustown|Bullet Punch|p1b: Kleavor\n|-supereffective|p1b: Kleavor\n|-damage|p1b: Kleavor|50\/100\n|move|p2b: Brownie|Leaf Blade|p1a: Garganacl\n|-supereffective|p1a: Garganacl\n|-damage|p1a: Garganacl|19\/100\n|move|p1b: Kleavor|Tailwind|p1b: Kleavor\n|-sidestart|p1: Shadow_TheDrake|move: Tailwind\n|-activate|p1a: Garganacl|move: Attract|[of] p2a: Dr Bustown\n|cant|p1a: Garganacl|Attract\n|\n|-weather|Sandstorm|[upkeep]\n|-damage|p2b: Brownie|88\/100|[from] Sandstorm\n|-damage|p2a: Dr Bustown|76\/100|[from] Sandstorm\n|-heal|p1b: Kleavor|56\/100|[from] item: Leftovers\n|-heal|p1a: Garganacl|26\/100|[from] item: Leftovers\n|upkeep\n|turn|5\n|inactive|Androiddxx has 120 seconds left.\n|\n|t:|1701183343\n|move|p2a: Dr Bustown|Bullet Punch|p1b: Kleavor\n|-supereffective|p1b: Kleavor\n|-damage|p1b: Kleavor|8\/100\n|move|p1b: Kleavor|X-Scissor|p2b: Brownie\n|-supereffective|p2b: Brownie\n|-damage|p2b: Brownie|0 fnt\n|faint|p2b: Brownie\n|-activate|p1a: Garganacl|move: Attract|[of] p2a: Dr Bustown\n|move|p1a: Garganacl|Recover|p1a: Garganacl\n|-heal|p1a: Garganacl|76\/100\n|\n|-weather|none\n|-heal|p1b: Kleavor|14\/100|[from] item: Leftovers\n|-heal|p1a: Garganacl|82\/100|[from] item: Leftovers\n|upkeep\n|inactive|Androiddxx has 120 seconds left.\n|\n|t:|1701183365\n|switch|p2b: Surfish|Swampert, M|100\/100\n|turn|6\n|\n|t:|1701183378\n|switch|p1b: Tyranitar|Tyranitar, M|100\/100\n|-weather|Sandstorm|[from] ability: Sand Stream|[of] p1b: Tyranitar\n|move|p2a: Dr Bustown|Bullet Punch|p1b: Tyranitar\n|-supereffective|p1b: Tyranitar\n|-damage|p1b: Tyranitar|72\/100\n|move|p2b: Surfish|Waterfall|p1a: Garganacl\n|-supereffective|p1a: Garganacl\n|-damage|p1a: Garganacl|34\/100\n|-activate|p1a: Garganacl|move: Attract|[of] p2a: Dr Bustown\n|cant|p1a: Garganacl|Attract\n|\n|-weather|Sandstorm|[upkeep]\n|-damage|p2a: Dr Bustown|69\/100|[from] Sandstorm\n|-heal|p1a: Garganacl|40\/100|[from] item: Leftovers\n|upkeep\n|turn|7\n|\n|t:|1701183398\n|switch|p1a: Kleavor|Kleavor, M|14\/100\n|move|p1b: Tyranitar|Iron Defense|p1b: Tyranitar\n|-boost|p1b: Tyranitar|def|2\n|move|p2a: Dr Bustown|Triple Kick|p1b: Tyranitar\n|-supereffective|p1b: Tyranitar\n|-damage|p1b: Tyranitar|61\/100\n|-supereffective|p1b: Tyranitar\n|-damage|p1b: Tyranitar|39\/100\n|-enditem|p1b: Tyranitar|Sitrus Berry|[eat]\n|-heal|p1b: Tyranitar|63\/100|[from] item: Sitrus Berry\n|-supereffective|p1b: Tyranitar\n|-crit|p1b: Tyranitar\n|-damage|p1b: Tyranitar|0 fnt\n|faint|p1b: Tyranitar\n|-hitcount|p1: Tyranitar|3\n|move|p2b: Surfish|Waterfall|p1a: Kleavor\n|-supereffective|p1a: Kleavor\n|-damage|p1a: Kleavor|0 fnt\n|faint|p1a: Kleavor\n|\n|-weather|Sandstorm|[upkeep]\n|-damage|p2a: Dr Bustown|63\/100|[from] Sandstorm\n|-sideend|p1: Shadow_TheDrake|move: Tailwind\n|upkeep\n|\n|t:|1701183414\n|switch|p1a: Arcanine|Arcanine-Hisui, M|100\/100\n|switch|p1b: Stonjourner|Stonjourner, M|100\/100\n|turn|8\n|\n|t:|1701183434\n|move|p1a: Arcanine|Head Smash|p2b: Surfish\n|-resisted|p2b: Surfish\n|-damage|p2b: Surfish|22\/100\n|-damage|p1a: Arcanine|91\/100|[from] item: Life Orb\n|move|p2a: Dr Bustown|Triple Kick|p1b: Stonjourner|[miss]\n|-miss|p2a: Dr Bustown|p1b: Stonjourner\n|move|p2b: Surfish|Waterfall|p1a: Arcanine\n|-supereffective|p1a: Arcanine\n|-damage|p1a: Arcanine|0 fnt\n|faint|p1a: Arcanine\n|move|p1b: Stonjourner|High Horsepower|p2b: Surfish\n|-damage|p2b: Surfish|0 fnt\n|faint|p2b: Surfish\n|\n|-weather|Sandstorm|[upkeep]\n|-damage|p2a: Dr Bustown|57\/100|[from] Sandstorm\n|upkeep\n|\n|t:|1701183455\n|switch|p1a: Garganacl|Garganacl, F|40\/100\n|switch|p2b: Detective|Raichu, M|100\/100\n|turn|9\n|\n|t:|1701183471\n|move|p2b: Detective|Surf|p1a: Garganacl|[spread] p2a,p1a,p1b\n|-supereffective|p1a: Garganacl\n|-supereffective|p1b: Stonjourner\n|-damage|p2a: Dr Bustown|31\/100\n|-damage|p1a: Garganacl|21\/100\n|-damage|p1b: Stonjourner|36\/100\n|-enditem|p1b: Stonjourner|Sitrus Berry|[eat]\n|-heal|p1b: Stonjourner|61\/100|[from] item: Sitrus Berry\n|move|p2a: Dr Bustown|Attract|p1a: Garganacl\n|-start|p1a: Garganacl|Attract\n|move|p1b: Stonjourner|High Horsepower|p2b: Detective\n|-supereffective|p2b: Detective\n|-crit|p2b: Detective\n|-enditem|p2b: Detective|Focus Sash\n|-damage|p2b: Detective|1\/100\n|-activate|p1a: Garganacl|move: Attract|[of] p2a: Dr Bustown\n|move|p1a: Garganacl|Salt Cure|p2b: Detective\n|-damage|p2b: Detective|0 fnt\n|faint|p2b: Detective\n|\n|-weather|Sandstorm|[upkeep]\n|-damage|p2a: Dr Bustown|25\/100|[from] Sandstorm\n|-heal|p1a: Garganacl|27\/100|[from] item: Leftovers\n|upkeep\n|inactive|Androiddxx has 120 seconds left.\n|\n|t:|1701183492\n|switch|p2b: Chocolate|Incineroar, M|100\/100\n|-ability|p2b: Chocolate|Intimidate|boost\n|-unboost|p1a: Garganacl|atk|1\n|-unboost|p1b: Stonjourner|atk|1\n|turn|10\n|\n|t:|1701183506\n|move|p2a: Dr Bustown|Triple Kick|p1b: Stonjourner\n|-supereffective|p1b: Stonjourner\n|-damage|p1b: Stonjourner|53\/100\n|-supereffective|p1b: Stonjourner\n|-damage|p1b: Stonjourner|39\/100\n|-supereffective|p1b: Stonjourner\n|-damage|p1b: Stonjourner|17\/100\n|-hitcount|p1b: Stonjourner|3\n|move|p2b: Chocolate|Drain Punch|p1b: Stonjourner\n|-supereffective|p1b: Stonjourner\n|-damage|p1b: Stonjourner|0 fnt\n|faint|p1b: Stonjourner\n|-activate|p1a: Garganacl|move: Attract|[of] p2a: Dr Bustown\n|move|p1a: Garganacl|Recover|p1a: Garganacl\n|-heal|p1a: Garganacl|78\/100\n|\n|-weather|none\n|-heal|p1a: Garganacl|84\/100|[from] item: Leftovers\n|upkeep\n|turn|11\n|\n|t:|1701183531\n|-terastallize|p2a: Dr Bustown|Fighting\n|move|p2a: Dr Bustown|Triple Kick|p1a: Garganacl\n|-supereffective|p1a: Garganacl\n|-damage|p1a: Garganacl|72\/100\n|-supereffective|p1a: Garganacl\n|-damage|p1a: Garganacl|48\/100\n|-supereffective|p1a: Garganacl\n|-damage|p1a: Garganacl|16\/100\n|-hitcount|p1a: Garganacl|3\n|move|p2b: Chocolate|Drain Punch|p1a: Garganacl\n|-supereffective|p1a: Garganacl\n|-damage|p1a: Garganacl|0 fnt\n|faint|p1a: Garganacl\n|\n|win|Androiddxx\n|raw|Shadow_TheDrake's rating: 1154 &rarr; <strong>1123<\/strong><br \/>(-31 for losing)\n|raw|Androiddxx's rating: 1076 &rarr; <strong>1111<\/strong><br \/>(+35 for winning)\n|l|\u2606Shadow_TheDrake\n|l|\u2606Androiddxx\n|j|\u2606Androiddxx\n|player|p2|Androiddxx|lucas\n","uploadtime":1701183546,"views":5,"p1id":"shadowthedrake","p2id":"androiddxx","formatid":"gen9nationaldexdoubles","rating":1111,"private":0,"password":""}