{"id":"gen9nationaldexdoubles-1978512415","p1":"WillowBi","p2":"Alonso26ca","format":"[Gen 9] National Dex Doubles","log":"|j|\u2606WillowBi\n|j|\u2606Alonso26ca\n|t:|1698548756\n|gametype|doubles\n|player|p1|WillowBi|lady|\n|player|p2|Alonso26ca|n|\n|teamsize|p1|6\n|teamsize|p2|6\n|gen|9\n|tier|[Gen 9] National Dex Doubles\n|rule|HP Percentage Mod: HP is shown in percentages\n|rule|Endless Battle Clause: Forcing endless battles is banned\n|rule|OHKO Clause: OHKO moves are banned\n|rule|Evasion Moves Clause: Evasion moves are banned\n|rule|Evasion Abilities Clause: Evasion abilities are banned\n|rule|Species Clause: Limit one of each Pok\u00e9mon\n|rule|Gravity Sleep Clause: The combination of sleep-inducing moves with imperfect accuracy and Gravity or Gigantamax Orbeetle are banned\n|clearpoke\n|poke|p1|Totodile, F|\n|poke|p1|Scorbunny, M|\n|poke|p1|Riolu, F|\n|poke|p1|Grookey, M|\n|poke|p1|Larvitar, M|\n|poke|p1|Fuecoco, M|\n|poke|p2|Bulbasaur, M|\n|poke|p2|Scorbunny, F|\n|poke|p2|Litten, F|\n|poke|p2|Froakie, F|\n|poke|p2|Riolu, F|\n|poke|p2|Snivy, F|\n|teampreview\n|\n|t:|1698548803\n|start\n|switch|p1a: Larvitar|Larvitar, M|100\/100\n|switch|p1b: Grookey|Grookey, M|100\/100\n|switch|p2a: Litten|Litten, F|100\/100\n|switch|p2b: Froakie|Froakie, F|100\/100\n|-ability|p2a: Litten|Intimidate|boost\n|-unboost|p1a: Larvitar|atk|1\n|-unboost|p1b: Grookey|atk|1\n|-fieldstart|move: Grassy Terrain|[from] ability: Grassy Surge|[of] p1b: Grookey\n|turn|1\n|\n|t:|1698548842\n|move|p2a: Litten|Fake Out|p1b: Grookey\n|-damage|p1b: Grookey|91\/100\n|cant|p1b: Grookey|flinch\n|move|p2b: Froakie|Ice Beam|p1a: Larvitar\n|-start|p2b: Froakie|typechange|Ice|[from] ability: Protean\n|-supereffective|p1a: Larvitar\n|-crit|p1a: Larvitar\n|-damage|p1a: Larvitar|0 fnt\n|faint|p1a: Larvitar\n|\n|-heal|p1b: Grookey|97\/100|[from] Grassy Terrain\n|-heal|p1b: Grookey|100\/100|[from] item: Leftovers\n|upkeep\n|\n|t:|1698548856\n|switch|p1a: Scorbunny|Scorbunny, M|100\/100\n|turn|2\n|\n|t:|1698548881\n|switch|p2b: Scorbunny|Scorbunny, F|100\/100\n|move|p1b: Grookey|Grassy Glide|p2b: Scorbunny\n|-resisted|p2b: Scorbunny\n|-damage|p2b: Scorbunny|83\/100\n|move|p1a: Scorbunny|Gunk Shot|p2b: Scorbunny\n|-start|p1a: Scorbunny|typechange|Poison|[from] ability: Libero\n|-damage|p2b: Scorbunny|0 fnt\n|faint|p2b: Scorbunny\n|move|p2a: Litten|Overheat|p1b: Grookey\n|-supereffective|p1b: Grookey\n|-damage|p1b: Grookey|0 fnt\n|-unboost|p2a: Litten|spa|2\n|faint|p1b: Grookey\n|\n|upkeep\n|\n|t:|1698548896\n|switch|p2b: Bulbasaur|Bulbasaur, M|100\/100\n|switch|p1b: Totodile|Totodile, F|100\/100\n|turn|3\n|\n|t:|1698548919\n|switch|p1a: Fuecoco|Fuecoco, M|100\/100\n|switch|p2b: Froakie|Froakie, F|100\/100\n|move|p1b: Totodile|Aqua Jet|p2a: Litten\n|-supereffective|p2a: Litten\n|-damage|p2a: Litten|39\/100\n|move|p2a: Litten|Parting Shot|p1a: Fuecoco\n|-unboost|p1a: Fuecoco|atk|1\n|-unboost|p1a: Fuecoco|spa|1\n|\n|t:|1698548933\n|switch|p2a: Bulbasaur|Bulbasaur, M|100\/100|[from] Parting Shot\n|\n|upkeep\n|turn|4\n|\n|t:|1698548979\n|-terastallize|p1a: Fuecoco|Grass\n|move|p2b: Froakie|Rock Slide|p1b: Totodile|[spread] p1a,p1b\n|-start|p2b: Froakie|typechange|Rock|[from] ability: Protean\n|-damage|p1a: Fuecoco|79\/100\n|-damage|p1b: Totodile|85\/100\n|cant|p1b: Totodile|flinch\n|move|p2a: Bulbasaur|Sleep Powder|p1b: Totodile\n|-status|p1b: Totodile|slp|[from] move: Sleep Powder\n|move|p1a: Fuecoco|Flamethrower|p2a: Bulbasaur\n|-supereffective|p2a: Bulbasaur\n|-damage|p2a: Bulbasaur|53\/100\n|-status|p2a: Bulbasaur|brn\n|\n|-heal|p1b: Totodile|91\/100 slp|[from] Grassy Terrain\n|-heal|p2a: Bulbasaur|59\/100 brn|[from] Grassy Terrain\n|-heal|p2a: Bulbasaur|65\/100 brn|[from] item: Leftovers\n|-heal|p1a: Fuecoco|85\/100|[from] Grassy Terrain\n|-damage|p2a: Bulbasaur|59\/100 brn|[from] brn\n|upkeep\n|turn|5\n|\n|t:|1698549008\n|switch|p2b: Litten|Litten, F|39\/100\n|-ability|p2b: Litten|Intimidate|boost\n|-unboost|p1a: Fuecoco|atk|1\n|-unboost|p1b: Totodile|atk|1\n|cant|p1b: Totodile|slp\n|move|p2a: Bulbasaur|Giga Drain|p1b: Totodile\n|-supereffective|p1b: Totodile\n|-damage|p1b: Totodile|30\/100 slp\n|-heal|p2a: Bulbasaur|89\/100 brn|[from] drain|[of] p1b: Totodile\n|move|p1a: Fuecoco|Heat Wave|p2a: Bulbasaur|[spread] p2a,p2b\n|-supereffective|p2a: Bulbasaur\n|-resisted|p2b: Litten\n|-damage|p2a: Bulbasaur|48\/100 brn\n|-damage|p2b: Litten|29\/100\n|\n|-heal|p2b: Litten|35\/100|[from] Grassy Terrain\n|-heal|p1b: Totodile|36\/100 slp|[from] Grassy Terrain\n|-heal|p2a: Bulbasaur|54\/100 brn|[from] Grassy Terrain\n|-heal|p2a: Bulbasaur|60\/100 brn|[from] item: Leftovers\n|-heal|p1a: Fuecoco|91\/100|[from] Grassy Terrain\n|-damage|p2a: Bulbasaur|54\/100 brn|[from] brn\n|-fieldend|move: Grassy Terrain\n|upkeep\n|turn|6\n|\n|t:|1698549053\n|move|p2b: Litten|Fake Out|p1a: Fuecoco\n|-damage|p1a: Fuecoco|81\/100\n|cant|p1b: Totodile|slp\n|move|p2a: Bulbasaur|Leech Seed|p1a: Fuecoco\n|-immune|p1a: Fuecoco\n|cant|p1a: Fuecoco|flinch\n|\n|-heal|p2a: Bulbasaur|60\/100 brn|[from] item: Leftovers\n|-damage|p2a: Bulbasaur|54\/100 brn|[from] brn\n|upkeep\n|turn|7\n|\n|t:|1698549068\n|switch|p2a: Froakie|Froakie, F|100\/100\n|cant|p1b: Totodile|slp\n|move|p2b: Litten|Overheat|p1a: Fuecoco\n|-supereffective|p1a: Fuecoco\n|-damage|p1a: Fuecoco|0 fnt\n|-unboost|p2b: Litten|spa|2\n|faint|p1a: Fuecoco\n|\n|upkeep\n|\n|t:|1698549078\n|switch|p1a: Riolu|Riolu, F|100\/100\n|turn|8\n|\n|t:|1698549095\n|-terastallize|p2a: Froakie|Water\n|move|p2a: Froakie|Bounce||[still]\n|-prepare|p2a: Froakie|Bounce\n|move|p1a: Riolu|Drain Punch|p2a: Froakie|[miss]\n|-miss|p1a: Riolu|p2a: Froakie\n|move|p2b: Litten|Parting Shot|p1a: Riolu\n|-unboost|p1a: Riolu|atk|1\n|-unboost|p1a: Riolu|spa|1\n|\n|t:|1698549104\n|switch|p2b: Snivy|Snivy, F|100\/100|[from] Parting Shot\n|-curestatus|p1b: Totodile|slp|[msg]\n|move|p1b: Totodile|Waterfall|p2b: Snivy\n|-resisted|p2b: Snivy\n|-damage|p2b: Snivy|76\/100\n|\n|-heal|p2b: Snivy|83\/100|[from] item: Leftovers\n|upkeep\n|turn|9\n|\n|t:|1698549127\n|move|p2a: Froakie|Bounce|p1a: Riolu|[from]lockedmove\n|-supereffective|p1a: Riolu\n|-damage|p1a: Riolu|10\/100\n|move|p2b: Snivy|Leaf Storm|p1b: Totodile\n|-supereffective|p1b: Totodile\n|-damage|p1b: Totodile|0 fnt\n|-boost|p2b: Snivy|spa|2\n|faint|p1b: Totodile\n|move|p1a: Riolu|Poison Jab|p2b: Snivy\n|-supereffective|p2b: Snivy\n|-damage|p2b: Snivy|26\/100\n|\n|-heal|p2b: Snivy|32\/100|[from] item: Leftovers\n|upkeep\n|\n|t:|1698549138\n|switch|p1b: Scorbunny|Scorbunny, M|100\/100\n|turn|10\n|\n|t:|1698549162\n|move|p2a: Froakie|Bounce||[still]\n|-prepare|p2a: Froakie|Bounce\n|move|p2b: Snivy|Glare|p1b: Scorbunny\n|-status|p1b: Scorbunny|par\n|move|p1a: Riolu|Drain Punch|p2a: Froakie|[miss]\n|-miss|p1a: Riolu|p2a: Froakie\n|cant|p1b: Scorbunny|par\n|\n|-heal|p2b: Snivy|38\/100|[from] item: Leftovers\n|upkeep\n|turn|11\n|\n|t:|1698549182\n|move|p1a: Riolu|Protect|p1a: Riolu\n|-singleturn|p1a: Riolu|Protect\n|move|p2a: Froakie|Bounce|p1a: Riolu|[from]lockedmove\n|-activate|p1a: Riolu|move: Protect\n|move|p2b: Snivy|Hidden Power|p1b: Scorbunny\n|-supereffective|p1b: Scorbunny\n|-damage|p1b: Scorbunny|0 fnt\n|faint|p1b: Scorbunny\n|\n|-heal|p2b: Snivy|45\/100|[from] item: Leftovers\n|upkeep\n|turn|12\n|\n|t:|1698549193\n|move|p2a: Froakie|Bounce||[still]\n|-prepare|p2a: Froakie|Bounce\n|move|p2b: Snivy|Leaf Storm|p1a: Riolu\n|-damage|p1a: Riolu|0 fnt\n|-boost|p2b: Snivy|spa|2\n|faint|p1a: Riolu\n|\n|win|Alonso26ca\n|c|\u2606Alonso26ca|gg\n|c|\u2606Alonso26ca|manda again\n","uploadtime":1698549201,"views":11,"p1id":"willowbi","p2id":"alonso26ca","formatid":"gen9nationaldexdoubles","rating":0,"private":0,"password":""}