{"id":"gen9nationaldexdoubles-1991059184","p1":"hellixx","p2":"solgaleosupremacy","format":"[Gen 9] National Dex Doubles","log":"|j|\u2606hellixx\n|j|\u2606solgaleosupremacy\n|t:|1700036263\n|gametype|doubles\n|player|p1|hellixx|alder|1072\n|player|p2|solgaleosupremacy|101|1029\n|teamsize|p1|6\n|teamsize|p2|6\n|gen|9\n|tier|[Gen 9] National Dex Doubles\n|rated|\n|rule|HP Percentage Mod: HP is shown in percentages\n|rule|Endless Battle Clause: Forcing endless battles is banned\n|rule|OHKO Clause: OHKO moves are banned\n|rule|Evasion Moves Clause: Evasion moves are banned\n|rule|Evasion Abilities Clause: Evasion abilities are banned\n|rule|Species Clause: Limit one of each Pok\u00e9mon\n|rule|Gravity Sleep Clause: The combination of sleep-inducing moves with imperfect accuracy and Gravity or Gigantamax Orbeetle are banned\n|clearpoke\n|poke|p1|Shaymin-Sky|\n|poke|p1|Altaria, F|\n|poke|p1|Hoopa-Unbound|\n|poke|p1|Goodra-Hisui, F|\n|poke|p1|Flamigo, F|\n|poke|p1|Indeedee-F, F|\n|poke|p2|Landorus, M|\n|poke|p2|Garganacl, F|\n|poke|p2|Amoonguss, M|\n|poke|p2|Armarouge, F|\n|poke|p2|Chien-Pao|\n|poke|p2|Iron Hands|\n|teampreview\n|\n|t:|1700036274\n|start\n|switch|p1a: Shaymin|Shaymin-Sky|100\/100\n|switch|p1b: Indeedee|Indeedee-F, F|100\/100\n|switch|p2a: Landorus|Landorus, M|100\/100\n|switch|p2b: Armarouge|Armarouge, F|100\/100\n|-fieldstart|move: Psychic Terrain|[from] ability: Psychic Surge|[of] p1b: Indeedee\n|turn|1\n|\n|t:|1700036296\n|-zpower|p1a: Shaymin\n|move|p1a: Shaymin|Z-Celebrate|p1a: Shaymin|[anim]Celebrate\n|-boost|p1a: Shaymin|atk|1|[zeffect]\n|-boost|p1a: Shaymin|def|1|[zeffect]\n|-boost|p1a: Shaymin|spa|1|[zeffect]\n|-boost|p1a: Shaymin|spd|1|[zeffect]\n|-boost|p1a: Shaymin|spe|1|[zeffect]\n|-activate|p1a: Shaymin|move: Celebrate\n|move|p2a: Landorus|Sludge Bomb|p1a: Shaymin\n|-supereffective|p1a: Shaymin\n|-damage|p1a: Shaymin|52\/100\n|move|p1b: Indeedee|Psych Up|p1a: Shaymin\n|-copyboost|p1b: Indeedee|p1a: Shaymin|[from] move: Psych Up\n|move|p2b: Armarouge|Armor Cannon|p1b: Indeedee\n|-damage|p1b: Indeedee|52\/100\n|-unboost|p2b: Armarouge|def|1\n|-unboost|p2b: Armarouge|spd|1\n|\n|upkeep\n|turn|2\n|\n|t:|1700036326\n|move|p1a: Shaymin|Giga Drain|p2a: Landorus\n|-damage|p2a: Landorus|27\/100\n|-heal|p1a: Shaymin|86\/100|[from] drain|[of] p2a: Landorus\n|move|p1b: Indeedee|Expanding Force|p2b: Armarouge|[spread] p2a,p2b\n|-resisted|p2b: Armarouge\n|-damage|p2a: Landorus|0 fnt\n|-damage|p2b: Armarouge|36\/100\n|faint|p2a: Landorus\n|move|p2b: Armarouge|Armor Cannon|p1a: Shaymin\n|-supereffective|p1a: Shaymin\n|-damage|p1a: Shaymin|0 fnt\n|-unboost|p2b: Armarouge|def|1\n|-unboost|p2b: Armarouge|spd|1\n|faint|p1a: Shaymin\n|\n|upkeep\n|\n|t:|1700036344\n|switch|p1a: Flamigo|Flamigo, F|100\/100\n|switch|p2a: Amoonguss|Amoonguss, M|100\/100\n|-copyboost|p1a: Flamigo|p1b: Indeedee|[from] ability: Costar\n|turn|3\n|\n|t:|1700036365\n|move|p1a: Flamigo|Air Slash|p2a: Amoonguss\n|-supereffective|p2a: Amoonguss\n|-damage|p2a: Amoonguss|47\/100\n|move|p1b: Indeedee|Expanding Force|p2b: Armarouge|[spread] p2a,p2b\n|-supereffective|p2a: Amoonguss\n|-resisted|p2b: Armarouge\n|-damage|p2a: Amoonguss|0 fnt\n|-damage|p2b: Armarouge|0 fnt\n|faint|p2a: Amoonguss\n|faint|p2b: Armarouge\n|\n|upkeep\n|\n|t:|1700036378\n|switch|p2b: Iron Hands|Iron Hands|100\/100\n|switch|p2a: Chien-Pao|Chien-Pao|100\/100\n|-ability|p2a: Chien-Pao|Sword of Ruin\n|turn|4\n|\n|t:|1700036412\n|move|p1a: Flamigo|Throat Chop|p2b: Iron Hands\n|-resisted|p2b: Iron Hands\n|-damage|p2b: Iron Hands|84\/100\n|-start|p2b: Iron Hands|Throat Chop|[silent]\n|move|p1b: Indeedee|Expanding Force|p2a: Chien-Pao|[spread] p2b\n|-immune|p2a: Chien-Pao\n|-supereffective|p2b: Iron Hands\n|-damage|p2b: Iron Hands|0 fnt\n|faint|p2b: Iron Hands\n|-end|p2b: Iron Hands|Quark Drive|[silent]\n|move|p2a: Chien-Pao|Psychic Fangs|p1a: Flamigo\n|-supereffective|p1a: Flamigo\n|-damage|p1a: Flamigo|0 fnt\n|faint|p1a: Flamigo\n|\n|upkeep\n|\n|t:|1700036421\n|switch|p1a: Altaria|Altaria, F|100\/100\n|switch|p2b: Garganacl|Garganacl, F|100\/100\n|-ability|p1a: Altaria|Cloud Nine\n|turn|5\n|\n|t:|1700036447\n|detailschange|p1a: Altaria|Altaria-Mega, F\n|-mega|p1a: Altaria|Altaria|Altarianite\n|-terastallize|p1b: Indeedee|Psychic\n|move|p1b: Indeedee|Dazzling Gleam|p2a: Chien-Pao|[spread] p2a,p2b\n|-supereffective|p2a: Chien-Pao\n|-damage|p2a: Chien-Pao|25\/100\n|-damage|p2b: Garganacl|78\/100\n|move|p2a: Chien-Pao|Ice Spinner|p1a: Altaria\n|-supereffective|p1a: Altaria\n|-damage|p1a: Altaria|21\/100\n|-fieldend|move: Psychic Terrain\n|move|p1a: Altaria|Psych Up|p1b: Indeedee\n|-copyboost|p1a: Altaria|p1b: Indeedee|[from] move: Psych Up\n|move|p2b: Garganacl|Salt Cure|p1b: Indeedee\n|-damage|p1b: Indeedee|32\/100\n|-start|p1b: Indeedee|Salt Cure\n|\n|-heal|p2b: Garganacl|84\/100|[from] item: Leftovers\n|-damage|p1b: Indeedee|20\/100|[from] Salt Cure\n|upkeep\n|turn|6\n|\n|t:|1700036498\n|move|p1b: Indeedee|Heal Pulse|p1a: Altaria\n|-heal|p1a: Altaria|71\/100\n|move|p2a: Chien-Pao|Ice Spinner|p1a: Altaria\n|-supereffective|p1a: Altaria\n|-damage|p1a: Altaria|20\/100\n|move|p1a: Altaria|Earthquake|p2b: Garganacl|[spread] p1b,p2a,p2b\n|-supereffective|p2b: Garganacl\n|-damage|p1b: Indeedee|0 fnt\n|-damage|p2a: Chien-Pao|0 fnt\n|-damage|p2b: Garganacl|49\/100\n|faint|p1b: Indeedee\n|faint|p2a: Chien-Pao\n|move|p2b: Garganacl|Salt Cure|p1a: Altaria\n|-damage|p1a: Altaria|14\/100\n|-start|p1a: Altaria|Salt Cure\n|\n|-heal|p2b: Garganacl|55\/100|[from] item: Leftovers\n|-damage|p1a: Altaria|2\/100|[from] Salt Cure\n|upkeep\n|\n|t:|1700036508\n|switch|p1b: Hoopa|Hoopa-Unbound|100\/100\n|turn|7\n|\n|t:|1700036537\n|move|p1b: Hoopa|Psych Up|p1a: Altaria\n|-copyboost|p1b: Hoopa|p1a: Altaria|[from] move: Psych Up\n|move|p1a: Altaria|Tailwind|p1a: Altaria\n|-sidestart|p1: hellixx|move: Tailwind\n|move|p2b: Garganacl|Salt Cure|p1b: Hoopa\n|-damage|p1b: Hoopa|83\/100\n|-start|p1b: Hoopa|Salt Cure\n|\n|-heal|p2b: Garganacl|61\/100|[from] item: Leftovers\n|-damage|p1b: Hoopa|70\/100|[from] Salt Cure\n|-damage|p1a: Altaria|0 fnt|[from] Salt Cure\n|faint|p1a: Altaria\n|upkeep\n|\n|t:|1700036544\n|switch|p1a: Goodra|Goodra-Hisui, F|100\/100\n|turn|8\n|\n|t:|1700036576\n|move|p1b: Hoopa|Drain Punch|p2b: Garganacl\n|-supereffective|p2b: Garganacl\n|-damage|p2b: Garganacl|14\/100\n|-heal|p1b: Hoopa|100\/100|[from] drain|[of] p2b: Garganacl\n|-item|p1b: Hoopa|Leftovers|[from] ability: Magician|[of] p2b: Garganacl\n|move|p1a: Goodra|Flamethrower|p2b: Garganacl\n|-resisted|p2b: Garganacl\n|-damage|p2b: Garganacl|0 fnt\n|faint|p2b: Garganacl\n|\n|win|hellixx\n|raw|hellixx's rating: 1072 &rarr; <strong>1098<\/strong><br \/>(+26 for winning)\n|raw|solgaleosupremacy's rating: 1029 &rarr; <strong>1016<\/strong><br \/>(-13 for losing)\n|l|\u2606solgaleosupremacy\n","uploadtime":1700036586,"views":5,"p1id":"hellixx","p2id":"solgaleosupremacy","formatid":"gen9nationaldexdoubles","rating":1016,"private":0,"password":""}