{"id":"gen9nationaldexdoubles-1994154785","p1":"NimrodDoolittle","p2":"fumbari 24","format":"[Gen 9] National Dex Doubles","log":"|j|\u2606NimrodDoolittle\n|j|\u2606fumbari 24\n|t:|1700413233\n|gametype|doubles\n|player|p1|NimrodDoolittle|raihan|1125\n|player|p2|fumbari 24|hilbert|1263\n|teamsize|p1|6\n|teamsize|p2|6\n|gen|9\n|tier|[Gen 9] National Dex Doubles\n|rated|\n|rule|HP Percentage Mod: HP is shown in percentages\n|rule|Endless Battle Clause: Forcing endless battles is banned\n|rule|OHKO Clause: OHKO moves are banned\n|rule|Evasion Moves Clause: Evasion moves are banned\n|rule|Evasion Abilities Clause: Evasion abilities are banned\n|rule|Species Clause: Limit one of each Pok\u00e9mon\n|rule|Gravity Sleep Clause: The combination of sleep-inducing moves with imperfect accuracy and Gravity or Gigantamax Orbeetle are banned\n|clearpoke\n|poke|p1|Tyranitar, M|\n|poke|p1|Dracozolt|\n|poke|p1|Cradily, F|\n|poke|p1|Nidoqueen, F|\n|poke|p1|Goodra-Hisui, F|\n|poke|p1|Sableye, M|\n|poke|p2|Audino, F|\n|poke|p2|Zoroark, M|\n|poke|p2|Mimikyu, F|\n|poke|p2|Gholdengo|\n|poke|p2|Moltres-Galar|\n|poke|p2|Ogerpon-Cornerstone, F|\n|teampreview\n|inactive|Battle timer is ON: inactive players will automatically lose when time's up. (requested by NimrodDoolittle)\n|inactive|fumbari 24 has 120 seconds left.\n|\n|t:|1700413271\n|start\n|switch|p1a: Sableye|Sableye, M, shiny|100\/100\n|switch|p1b: Tyranitar|Tyranitar, M, shiny|100\/100\n|switch|p2a: Ogerpon|Ogerpon-Cornerstone, F|100\/100\n|switch|p2b: Audino|Audino, F, shiny|100\/100\n|-weather|Sandstorm|[from] ability: Sand Stream|[of] p1b: Tyranitar\n|turn|1\n|\n|t:|1700413288\n|switch|p1b: Goodra|Goodra-Hisui, F, shiny|100\/100\n|move|p2a: Ogerpon|Spiky Shield|p2a: Ogerpon\n|-singleturn|p2a: Ogerpon|move: Protect\n|move|p1a: Sableye|Gravity|p1a: Sableye\n|-fieldstart|move: Gravity\n|move|p2b: Audino|Low Kick|p1b: Goodra\n|-supereffective|p1b: Goodra\n|-damage|p1b: Goodra|32\/100\n|\n|-weather|Sandstorm|[upkeep]\n|-damage|p2b: Audino|94\/100|[from] Sandstorm\n|-damage|p1a: Sableye|94\/100|[from] Sandstorm\n|upkeep\n|turn|2\n|inactive|NimrodDoolittle has 120 seconds left.\n|\n|t:|1700413320\n|-terastallize|p2a: Ogerpon|Rock\n|detailschange|p2a: Ogerpon|Ogerpon-Cornerstone-Tera, F, tera:Rock\n|-ability|p2a: Ogerpon|Embody Aspect (Cornerstone)|boost\n|-boost|p2a: Ogerpon|def|1\n|-terastallize|p1b: Goodra|Water\n|move|p1a: Sableye|Will-O-Wisp|p2a: Ogerpon\n|-status|p2a: Ogerpon|brn\n|move|p2b: Audino|Low Kick|p1b: Goodra\n|-damage|p1b: Goodra|0 fnt\n|faint|p1b: Goodra\n|move|p2a: Ogerpon|Ivy Cudgel|p1a: Sableye|[anim] Ivy Cudgel Rock\n|-damage|p1a: Sableye|50\/100\n|\n|-weather|Sandstorm|[upkeep]\n|-damage|p2b: Audino|88\/100|[from] Sandstorm\n|-damage|p1a: Sableye|44\/100|[from] Sandstorm\n|-damage|p2a: Ogerpon|94\/100 brn|[from] brn\n|upkeep\n|inactive|NimrodDoolittle has 120 seconds left.\n|\n|t:|1700413343\n|switch|p1b: Cradily|Cradily, F, shiny|100\/100\n|turn|3\n|inactive|NimrodDoolittle has 120 seconds left.\n|\n|t:|1700413354\n|detailschange|p1a: Sableye|Sableye-Mega, M, shiny\n|-mega|p1a: Sableye|Sableye|Sablenite\n|move|p2b: Audino|Low Kick|p1b: Cradily\n|-supereffective|p1b: Cradily\n|-damage|p1b: Cradily|48\/100\n|move|p2a: Ogerpon|Ivy Cudgel|p1a: Sableye|[anim] Ivy Cudgel Rock\n|-damage|p1a: Sableye|14\/100\n|move|p1b: Cradily|Leech Seed|p2a: Ogerpon\n|-start|p2a: Ogerpon|move: Leech Seed\n|move|p1a: Sableye|Recover|p1a: Sableye\n|-heal|p1a: Sableye|64\/100\n|\n|-weather|Sandstorm|[upkeep]\n|-damage|p2b: Audino|82\/100|[from] Sandstorm\n|-damage|p1a: Sableye|57\/100|[from] Sandstorm\n|-damage|p2a: Ogerpon|82\/100 brn|[from] Leech Seed|[of] p1b: Cradily\n|-heal|p1b: Cradily|62\/100|[silent]\n|-damage|p2a: Ogerpon|76\/100 brn|[from] brn\n|upkeep\n|turn|4\n|inactive|NimrodDoolittle has 120 seconds left.\n|\n|t:|1700413385\n|switch|p2a: Gholdengo|Gholdengo|100\/100\n|move|p2b: Audino|Low Kick|p1b: Cradily\n|-supereffective|p1b: Cradily\n|-damage|p1b: Cradily|11\/100\n|move|p1b: Cradily|Giga Drain|p2a: Gholdengo\n|-resisted|p2a: Gholdengo\n|-damage|p2a: Gholdengo|91\/100\n|-heal|p1b: Cradily|17\/100|[from] drain|[of] p2a: Gholdengo\n|move|p1a: Sableye|Foul Play|p2a: Gholdengo\n|-supereffective|p2a: Gholdengo\n|-crit|p2a: Gholdengo\n|-damage|p2a: Gholdengo|48\/100\n|\n|-weather|Sandstorm|[upkeep]\n|-damage|p2b: Audino|76\/100|[from] Sandstorm\n|-damage|p1a: Sableye|51\/100|[from] Sandstorm\n|-heal|p2a: Gholdengo|54\/100|[from] item: Leftovers\n|upkeep\n|turn|5\n|inactive|NimrodDoolittle has 120 seconds left.\n|\n|t:|1700413422\n|move|p2b: Audino|Knock Off|p1a: Sableye\n|-damage|p1a: Sableye|28\/100\n|move|p2a: Gholdengo|Make It Rain|p1b: Cradily|[spread] p1a,p1b\n|-supereffective|p1b: Cradily\n|-damage|p1a: Sableye|0 fnt\n|-damage|p1b: Cradily|0 fnt\n|-unboost|p2a: Gholdengo|spa|1\n|faint|p1a: Sableye\n|faint|p1b: Cradily\n|\n|-weather|none\n|-heal|p2a: Gholdengo|60\/100|[from] item: Leftovers\n|-fieldend|move: Gravity\n|upkeep\n|\n|t:|1700413439\n|switch|p1b: Dracozolt|Dracozolt, shiny|100\/100\n|switch|p1a: Tyranitar|Tyranitar, M, shiny|100\/100\n|-weather|Sandstorm|[from] ability: Sand Stream|[of] p1a: Tyranitar\n|turn|6\n|\n|t:|1700413450\n|switch|p2a: Audino|Audino, F, shiny|100\/100\n|move|p2b: Audino|Detect|p2b: Audino\n|-singleturn|p2b: Audino|Protect\n|move|p1b: Dracozolt|Bolt Beak|p2a: Audino\n|-damage|p2a: Audino|9\/100\n|move|p1a: Tyranitar|Rock Slide|p2b: Audino|[spread] p2a\n|-activate|p2b: Audino|move: Protect\n|-damage|p2a: Audino|0 fnt\n|faint|p2a: Audino\n|\n|-weather|Sandstorm|[upkeep]\n|-damage|p2b: Audino|70\/100|[from] Sandstorm\n|upkeep\n|\n|t:|1700413458\n|switch|p2a: Ogerpon|Ogerpon-Cornerstone-Tera, F, tera:Rock|76\/100 brn\n|-ability|p2a: Ogerpon|Embody Aspect (Cornerstone)|boost\n|-boost|p2a: Ogerpon|def|1\n|turn|7\n|inactive|NimrodDoolittle has 120 seconds left.\n|\n|t:|1700413479\n|move|p2a: Ogerpon|Follow Me|p2a: Ogerpon\n|-singleturn|p2a: Ogerpon|move: Follow Me\n|move|p1b: Dracozolt|Bolt Beak|p2a: Ogerpon\n|-damage|p2a: Ogerpon|38\/100 brn\n|move|p2b: Audino|Low Kick|p1a: Tyranitar\n|-supereffective|p1a: Tyranitar\n|-damage|p1a: Tyranitar|0 fnt\n|faint|p1a: Tyranitar\n|\n|-weather|Sandstorm|[upkeep]\n|-damage|p2b: Audino|64\/100|[from] Sandstorm\n|-damage|p2a: Ogerpon|32\/100 brn|[from] brn\n|upkeep\n|inactive|NimrodDoolittle has 120 seconds left.\n|\n|t:|1700413492\n|switch|p1a: Nidoqueen|Nidoqueen, F, shiny|100\/100\n|turn|8\n|\n|t:|1700413501\n|move|p2a: Ogerpon|Follow Me|p2a: Ogerpon\n|-singleturn|p2a: Ogerpon|move: Follow Me\n|move|p1b: Dracozolt|Bolt Beak|p2a: Ogerpon\n|-damage|p2a: Ogerpon|0 fnt\n|faint|p2a: Ogerpon\n|move|p2b: Audino|Knock Off|p1b: Dracozolt\n|-damage|p1b: Dracozolt|46\/100\n|-enditem|p1b: Dracozolt|Choice Band|[from] move: Knock Off|[of] p2b: Audino\n|move|p1a: Nidoqueen|Earth Power|p2b: Audino\n|-damage|p2b: Audino|0 fnt\n|replace|p2b: Zoroark|Zoroark, M\n|-end|p2b: Zoroark|Illusion\n|faint|p2b: Zoroark\n|\n|-weather|Sandstorm|[upkeep]\n|upkeep\n|\n|t:|1700413516\n|switch|p2b: Gholdengo|Gholdengo|60\/100\n|switch|p2a: Mimikyu|Mimikyu, F|100\/100\n|turn|9\n|\n|t:|1700413536\n|move|p1b: Dracozolt|Bolt Beak|p2b: Gholdengo\n|-damage|p2b: Gholdengo|0 fnt\n|faint|p2b: Gholdengo\n|move|p1a: Nidoqueen|Blizzard|p2a: Mimikyu|[miss]\n|-miss|p1a: Nidoqueen|p2a: Mimikyu\n|move|p2a: Mimikyu|Trick Room|p2a: Mimikyu\n|-fieldstart|move: Trick Room|[of] p2a: Mimikyu\n|\n|-weather|Sandstorm|[upkeep]\n|-damage|p2a: Mimikyu|94\/100|[from] Sandstorm\n|upkeep\n|\n|t:|1700413542\n|switch|p2b: Moltres|Moltres-Galar|100\/100\n|turn|10\n|l|\u2606NimrodDoolittle\n|inactive|NimrodDoolittle disconnected and has a minute to reconnect!\n|player|p1|\n|j|\u2606NimrodDoolittle\n|inactive|NimrodDoolittle reconnected and has 125 seconds left.\n|player|p1|NimrodDoolittle|raihan\n|inactive|NimrodDoolittle has 120 seconds left.\n|\n|t:|1700413576\n|move|p2b: Moltres|Fiery Wrath|p1b: Dracozolt|[spread] p1a,p1b\n|-damage|p1a: Nidoqueen|59\/100\n|-damage|p1b: Dracozolt|2\/100\n|-zpower|p2a: Mimikyu\n|move|p2a: Mimikyu|Let's Snuggle Forever|p1b: Dracozolt|[zeffect]\n|-supereffective|p1b: Dracozolt\n|-damage|p1b: Dracozolt|0 fnt\n|faint|p1b: Dracozolt\n|move|p1a: Nidoqueen|Thunder|p2b: Moltres\n|-supereffective|p2b: Moltres\n|-damage|p2b: Moltres|30\/100\n|-enditem|p2b: Moltres|Sitrus Berry|[eat]\n|-heal|p2b: Moltres|55\/100|[from] item: Sitrus Berry\n|\n|-weather|none\n|upkeep\n|turn|11\n|\n|t:|1700413598\n|move|p2b: Moltres|Fiery Wrath|p1a: Nidoqueen\n|-damage|p1a: Nidoqueen|9\/100\n|move|p2a: Mimikyu|Shadow Claw|p1a: Nidoqueen\n|-damage|p1a: Nidoqueen|0 fnt\n|faint|p1a: Nidoqueen\n|\n|win|fumbari 24\n|raw|NimrodDoolittle's rating: 1125 &rarr; <strong>1109<\/strong><br \/>(-16 for losing)\n|raw|fumbari 24's rating: 1263 &rarr; <strong>1279<\/strong><br \/>(+16 for winning)\n","uploadtime":1700413606,"views":4,"p1id":"nimroddoolittle","p2id":"fumbari24","formatid":"gen9nationaldexdoubles","rating":1109,"private":0,"password":""}