{"id":"gen9nationaldexdoubles-1985383381","p1":"championjojo","p2":"StickmenSwampert","format":"[Gen 9] National Dex Doubles","log":"|j|\u2606championjojo\n|j|\u2606StickmenSwampert\n|t:|1699370092\n|gametype|doubles\n|player|p1|championjojo|n|\n|player|p2|StickmenSwampert|unknown|\n|teamsize|p1|6\n|teamsize|p2|6\n|gen|9\n|tier|[Gen 9] National Dex Doubles\n|rule|HP Percentage Mod: HP is shown in percentages\n|rule|Endless Battle Clause: Forcing endless battles is banned\n|rule|OHKO Clause: OHKO moves are banned\n|rule|Evasion Moves Clause: Evasion moves are banned\n|rule|Evasion Abilities Clause: Evasion abilities are banned\n|rule|Species Clause: Limit one of each Pok\u00e9mon\n|rule|Gravity Sleep Clause: The combination of sleep-inducing moves with imperfect accuracy and Gravity or Gigantamax Orbeetle are banned\n|clearpoke\n|poke|p1|Ninetales-Alola, F|\n|poke|p1|Glimmora, M|\n|poke|p1|Clefable, M|\n|poke|p1|Lurantis, F|\n|poke|p1|Arcanine-Hisui, F|\n|poke|p1|Politoed, F|\n|poke|p2|Armarouge, F|\n|poke|p2|Tauros-Paldea-Aqua, M|\n|poke|p2|Toedscruel, F|\n|poke|p2|Bombirdier, F|\n|poke|p2|Glimmora, F|\n|poke|p2|Baxcalibur, F|\n|teampreview\n|c|\u2606championjojo|ah nice glimmora\n|c|\u2606StickmenSwampert|you too\n|c|\u2606championjojo|thank you\n|c|\u2606StickmenSwampert|interesting team\n|c|\u2606StickmenSwampert|looks all over the placee\n|c|\u2606StickmenSwampert|let's do this!\n|c|\u2606championjojo|i promise it makes at least a little sense\n|c|\u2606championjojo|hell yea\n|\n|t:|1699370142\n|start\n|switch|p1a: Ninetales|Ninetales-Alola, F|100\/100\n|switch|p1b: Glimmora|Glimmora, M|100\/100\n|switch|p2a: Spencer|Bombirdier, F|100\/100\n|switch|p2b: Flerz|Glimmora, F, shiny|100\/100\n|-weather|Snow|[from] ability: Snow Warning|[of] p1a: Ninetales\n|turn|1\n|\n|t:|1699370157\n|move|p1a: Ninetales|Aurora Veil|p1a: Ninetales\n|-sidestart|p1: championjojo|move: Aurora Veil\n|move|p1b: Glimmora|Stealth Rock|p2b: Flerz\n|-sidestart|p2: StickmenSwampert|move: Stealth Rock\n|move|p2a: Spencer|Dual Wingbeat|p2b: Flerz\n|-resisted|p2b: Flerz\n|-damage|p2b: Flerz|92\/100\n|-activate|p2b: Flerz|ability: Toxic Debris\n|-sidestart|p1: championjojo|move: Toxic Spikes\n|-resisted|p2b: Flerz\n|-damage|p2b: Flerz|84\/100\n|-activate|p2b: Flerz|ability: Toxic Debris\n|-sidestart|p1: championjojo|move: Toxic Spikes\n|-hitcount|p2b: Flerz|2\n|move|p2b: Flerz|Stealth Rock|p1a: Ninetales\n|-sidestart|p1: championjojo|move: Stealth Rock\n|\n|-weather|Snow|[upkeep]\n|upkeep\n|turn|2\n|\n|t:|1699370175\n|move|p1a: Ninetales|Freeze-Dry|p2a: Spencer\n|-supereffective|p2a: Spencer\n|-damage|p2a: Spencer|19\/100\n|move|p1b: Glimmora|Mortal Spin|p2a: Spencer|[spread] p2a,p2b\n|-resisted|p2b: Flerz\n|-damage|p2a: Spencer|13\/100\n|-damage|p2b: Flerz|83\/100\n|-status|p2a: Spencer|psn\n|-sideend|p1: championjojo|Toxic Spikes|[from] move: Mortal Spin|[of] p1b: Glimmora\n|-sideend|p1: championjojo|Stealth Rock|[from] move: Mortal Spin|[of] p1b: Glimmora\n|move|p2a: Spencer|Tailwind|p2a: Spencer\n|-sidestart|p2: StickmenSwampert|move: Tailwind\n|move|p2b: Flerz|Mortal Spin|p1b: Glimmora|[spread] p1a,p1b\n|-supereffective|p1a: Ninetales\n|-resisted|p1b: Glimmora\n|-damage|p1a: Ninetales|94\/100\n|-damage|p1b: Glimmora|99\/100\n|-status|p1a: Ninetales|psn\n|-activate|p1b: Glimmora|ability: Toxic Debris\n|-sidestart|p2: StickmenSwampert|move: Toxic Spikes\n|-sideend|p2: StickmenSwampert|Toxic Spikes|[from] move: Mortal Spin|[of] p2b: Flerz\n|-sideend|p2: StickmenSwampert|Stealth Rock|[from] move: Mortal Spin|[of] p2b: Flerz\n|\n|-weather|Snow|[upkeep]\n|-heal|p1b: Glimmora|100\/100|[from] item: Leftovers\n|-damage|p2a: Spencer|0 fnt|[from] psn\n|faint|p2a: Spencer\n|-damage|p1a: Ninetales|81\/100 psn|[from] psn\n|upkeep\n|c|\u2606championjojo|lol\n|\n|t:|1699370198\n|switch|p2a: Pulpo|Toedscruel, F, shiny|100\/100\n|turn|3\n|\n|t:|1699370221\n|switch|p2a: Buff|Tauros-Paldea-Aqua, M|100\/100\n|move|p2b: Flerz|Power Gem|p1a: Ninetales\n|-supereffective|p1a: Ninetales\n|-damage|p1a: Ninetales|28\/100 psn\n|move|p1a: Ninetales|Freeze-Dry|p2a: Buff\n|-supereffective|p2a: Buff\n|-damage|p2a: Buff|21\/100\n|-enditem|p2a: Buff|Starf Berry|[eat]\n|-boost|p2a: Buff|atk|2|[from] item: Starf Berry\n|move|p1b: Glimmora|Stealth Rock|p2b: Flerz\n|-sidestart|p2: StickmenSwampert|move: Stealth Rock\n|\n|-weather|Snow|[upkeep]\n|-damage|p1a: Ninetales|16\/100 psn|[from] psn\n|upkeep\n|turn|4\n|\n|t:|1699370254\n|move|p2a: Buff|Raging Bull|p1b: Glimmora\n|-sideend|p1: championjojo|move: Aurora Veil\n|-supereffective|p1b: Glimmora\n|-damage|p1b: Glimmora|0 fnt\n|-activate|p1b: Glimmora|ability: Toxic Debris\n|-sidestart|p2: StickmenSwampert|move: Toxic Spikes\n|faint|p1b: Glimmora\n|move|p2b: Flerz|Power Gem|p1a: Ninetales\n|-supereffective|p1a: Ninetales\n|-damage|p1a: Ninetales|0 fnt\n|faint|p1a: Ninetales\n|\n|-weather|Snow|[upkeep]\n|-activate|p2a: Buff|ability: Cud Chew\n|-enditem|p2a: Buff|Starf Berry|[eat]\n|-boost|p2a: Buff|atk|2|[from] item: Starf Berry\n|upkeep\n|\n|t:|1699370277\n|switch|p1a: Clefable|Clefable, M|100\/100\n|switch|p1b: Lurantis|Lurantis, F|100\/100\n|turn|5\n|\n|t:|1699370311\n|move|p1a: Clefable|Magic Coat|p1a: Clefable\n|-singleturn|p1a: Clefable|move: Magic Coat\n|move|p2a: Buff|Close Combat|p1b: Lurantis\n|-damage|p1b: Lurantis|0 fnt\n|-unboost|p2a: Buff|def|1\n|-unboost|p2a: Buff|spd|1\n|faint|p1b: Lurantis\n|move|p2b: Flerz|Mortal Spin|p1a: Clefable\n|-supereffective|p1a: Clefable\n|-damage|p1a: Clefable|86\/100\n|-status|p1a: Clefable|psn\n|-sideend|p2: StickmenSwampert|Toxic Spikes|[from] move: Mortal Spin|[of] p2b: Flerz\n|-sideend|p2: StickmenSwampert|Stealth Rock|[from] move: Mortal Spin|[of] p2b: Flerz\n|\n|-weather|none\n|-heal|p1a: Clefable|92\/100 psn|[from] item: Leftovers\n|-sideend|p2: StickmenSwampert|move: Tailwind\n|upkeep\n|c|\u2606StickmenSwampert|Magic coat?\n|c|\u2606StickmenSwampert|what does that do again?\n|c|\u2606championjojo|reflects all non-damaging moves\n|\n|t:|1699370340\n|switch|p1b: Arcanine|Arcanine-Hisui, F|100\/100\n|turn|6\n|c|\u2606StickmenSwampert|like it bounces them back?\n|c|\u2606championjojo|yep\n|\n|t:|1699370357\n|move|p2a: Buff|Raging Bull|p1b: Arcanine\n|-supereffective|p1b: Arcanine\n|-damage|p1b: Arcanine|0 fnt\n|faint|p1b: Arcanine\n|move|p2b: Flerz|Power Gem|p1a: Clefable\n|-crit|p1a: Clefable\n|-damage|p1a: Clefable|54\/100 psn\n|move|p1a: Clefable|Moonblast|p2a: Buff\n|-supereffective|p2a: Buff\n|-damage|p2a: Buff|0 fnt\n|faint|p2a: Buff\n|\n|-heal|p1a: Clefable|60\/100 psn|[from] item: Leftovers\n|upkeep\n|c|\u2606StickmenSwampert|ooh!\n|\n|t:|1699370377\n|switch|p2a: Amber|Armarouge, F|100\/100\n|switch|p1b: Politoed|Politoed, F|100\/100\n|-weather|RainDance|[from] ability: Drizzle|[of] p1b: Politoed\n|turn|7\n|c|\u2606championjojo|insane tauros\n|c|\u2606StickmenSwampert|yeah\n|\n|t:|1699370394\n|switch|p2a: Lotor|Baxcalibur, F|100\/100\n|switch|p2b: Pulpo|Toedscruel, F, shiny|100\/100\n|move|p1a: Clefable|Protect|p1a: Clefable\n|-singleturn|p1a: Clefable|Protect\n|move|p1b: Politoed|Weather Ball|p2a: Lotor\n|-resisted|p2a: Lotor\n|-damage|p2a: Lotor|65\/100\n|\n|-weather|RainDance|[upkeep]\n|-heal|p1a: Clefable|66\/100 psn|[from] item: Leftovers\n|upkeep\n|turn|8\n|c|\u2606StickmenSwampert|Do you by any chance have Unaware on that Clefable?\n|c|\u2606championjojo|no\n|c|\u2606StickmenSwampert|oh\n|c|\u2606championjojo|i gave it magic guard in case of hail damage\n|\n|t:|1699370442\n|move|p2a: Lotor|Dragon Dance|p2a: Lotor\n|-boost|p2a: Lotor|atk|1\n|-boost|p2a: Lotor|spe|1\n|move|p2b: Pulpo|Giga Drain|p1b: Politoed\n|-supereffective|p1b: Politoed\n|-damage|p1b: Politoed|47\/100\n|move|p1b: Politoed|Hyper Voice|p2b: Pulpo|[spread] p2a,p2b\n|-damage|p2a: Lotor|44\/100\n|-damage|p2b: Pulpo|92\/100\n|move|p1a: Clefable|Moonblast|p2a: Lotor\n|-supereffective|p2a: Lotor\n|-damage|p2a: Lotor|0 fnt\n|faint|p2a: Lotor\n|\n|-weather|RainDance|[upkeep]\n|-heal|p1b: Politoed|53\/100|[from] item: Leftovers\n|-heal|p1a: Clefable|73\/100 psn|[from] item: Leftovers\n|upkeep\n|c|\u2606StickmenSwampert|I was 957 atk there and was trying to dance around it\n|c|\u2606championjojo|ohhh i see\n|\n|t:|1699370458\n|switch|p2a: Amber|Armarouge, F|100\/100\n|turn|9\n|\n|t:|1699370479\n|move|p2a: Amber|Energy Ball|p1b: Politoed\n|-supereffective|p1b: Politoed\n|-damage|p1b: Politoed|0 fnt\n|faint|p1b: Politoed\n|move|p2b: Pulpo|Giga Drain|p1a: Clefable\n|-damage|p1a: Clefable|52\/100 psn\n|-heal|p2b: Pulpo|100\/100|[from] drain|[of] p1a: Clefable\n|move|p1a: Clefable|Moonblast|p2b: Pulpo\n|-damage|p2b: Pulpo|86\/100\n|-unboost|p2b: Pulpo|spa|1\n|\n|-weather|RainDance|[upkeep]\n|-heal|p1a: Clefable|58\/100 psn|[from] item: Leftovers\n|upkeep\n|turn|10\n|c|\u2606championjojo|darn i'm screwed\n|c|\u2606StickmenSwampert|My SpD is 558 rn\n|c|\u2606StickmenSwampert|I'm at max Plus Assault vest\n|c|\u2606championjojo|HOLY\n|c|\u2606championjojo|yeah this clefable only has moonblast for an attacking move\n|c|\u2606StickmenSwampert|If only they gave Toedscruel a better ability\n|c|\u2606championjojo|true that\n|\n|t:|1699370556\n|move|p2a: Amber|Shadow Ball|p1a: Clefable\n|-damage|p1a: Clefable|38\/100 psn\n|move|p2b: Pulpo|Flash Cannon|p1a: Clefable\n|-supereffective|p1a: Clefable\n|-damage|p1a: Clefable|20\/100 psn\n|move|p1a: Clefable|Moonblast|p2a: Amber\n|-resisted|p2a: Amber\n|-damage|p2a: Amber|81\/100\n|\n|-weather|RainDance|[upkeep]\n|-heal|p1a: Clefable|26\/100 psn|[from] item: Leftovers\n|upkeep\n|turn|11\n|c|\u2606championjojo|god i always forget fire resists fairy\n|c|\u2606StickmenSwampert|yeah\n|c|\u2606StickmenSwampert|I always forget dark is weak to bug\n|\n|t:|1699370603\n|move|p2a: Amber|Armor Cannon|p1a: Clefable\n|-damage|p1a: Clefable|4\/100 psn\n|-unboost|p2a: Amber|def|1\n|-unboost|p2a: Amber|spd|1\n|move|p2b: Pulpo|Flash Cannon|p1a: Clefable\n|-supereffective|p1a: Clefable\n|-damage|p1a: Clefable|0 fnt\n|faint|p1a: Clefable\n|\n|win|StickmenSwampert\n|c|\u2606StickmenSwampert|gg\n|c|\u2606championjojo|gg\n","uploadtime":1699370612,"views":5,"p1id":"championjojo","p2id":"stickmenswampert","formatid":"gen9nationaldexdoubles","rating":0,"private":0,"password":""}