{"id":"gen9nationaldexdoubles-1993585044","p1":"Shiny_Hero64","p2":"NoseHairs420","format":"[Gen 9] National Dex Doubles","log":"|j|\u2606Shiny_Hero64\n|j|\u2606NoseHairs420\n|t:|1700334498\n|gametype|doubles\n|player|p1|Shiny_Hero64|n-masters3|\n|player|p2|NoseHairs420|drayden|\n|teamsize|p1|6\n|teamsize|p2|6\n|gen|9\n|tier|[Gen 9] National Dex Doubles\n|rule|HP Percentage Mod: HP is shown in percentages\n|rule|Endless Battle Clause: Forcing endless battles is banned\n|rule|OHKO Clause: OHKO moves are banned\n|rule|Evasion Moves Clause: Evasion moves are banned\n|rule|Evasion Abilities Clause: Evasion abilities are banned\n|rule|Species Clause: Limit one of each Pok\u00e9mon\n|rule|Gravity Sleep Clause: The combination of sleep-inducing moves with imperfect accuracy and Gravity or Gigantamax Orbeetle are banned\n|clearpoke\n|poke|p1|Indeedee-F, F|\n|poke|p1|Chien-Pao|\n|poke|p1|Alakazam, M|\n|poke|p1|Sneasler, F|\n|poke|p1|Ursaluna-Bloodmoon, M|\n|poke|p1|Deoxys-Attack|\n|poke|p2|Kartana|\n|poke|p2|Kommo-o, F|\n|poke|p2|Gardevoir, F|\n|poke|p2|Ogerpon-Hearthflame, F|\n|poke|p2|Ursaluna-Bloodmoon, M|\n|poke|p2|Landorus-Therian, M|\n|teampreview\n|j| TheMoistFetus\n|j| Eliminathan\n|c|\u2606Shiny_Hero64|So I may have ran into a problem\n|c|\u2606Shiny_Hero64|the first replay vanished\n|c|\u2606NoseHairs420|Its cool no one watches them anyway\n|c| Eliminathan|i still have it open\n|c| Eliminathan|i can grab it\n|c|\u2606NoseHairs420|we'll still have 2\n|c| Eliminathan|if you want it\n|c|\u2606Shiny_Hero64|Actually never mind\n|c|\u2606Shiny_Hero64|It\u2019s still there\n|c|\u2606NoseHairs420|oh ok thats cool\n|c| TheMoistFetus|save it rn\n|c| Eliminathan|bruh\n|c|\u2606Shiny_Hero64|I did\n|\n|t:|1700334580\n|start\n|switch|p1a: Indeedee|Indeedee-F, F|100\/100\n|switch|p1b: Ursaluna|Ursaluna-Bloodmoon, M|100\/100\n|switch|p2a: Therion|Landorus-Therian, M|100\/100\n|switch|p2b: Hikari|Kartana, shiny|100\/100\n|-ability|p2a: Therion|Intimidate|boost\n|-unboost|p1a: Indeedee|atk|1\n|-unboost|p1b: Ursaluna|atk|1\n|-fieldstart|move: Psychic Terrain|[from] ability: Psychic Surge|[of] p1a: Indeedee\n|turn|1\n|c|\u2606NoseHairs420|O Cholera\n|c|\u2606NoseHairs420|Czy to Freddy Fazbear?\n|c| TheMoistFetus|stop talking\n|\n|t:|1700334618\n|move|p1b: Ursaluna|Protect|p1b: Ursaluna\n|-singleturn|p1b: Ursaluna|Protect\n|move|p2b: Hikari|Tailwind|p2b: Hikari\n|-sidestart|p2: NoseHairs420|move: Tailwind\n|move|p2a: Therion|U-turn|p1a: Indeedee\n|-supereffective|p1a: Indeedee\n|-damage|p1a: Indeedee|51\/100\n|c| TheMoistFetus|shiny wins these\n|\n|t:|1700334638\n|switch|p2a: Kuna|Kommo-o, F|100\/100|[from] U-turn\n|move|p1a: Indeedee|Trick Room|p1a: Indeedee\n|-fieldstart|move: Trick Room|[of] p1a: Indeedee\n|\n|upkeep\n|turn|2\n|c|\u2606Shiny_Hero64|So that may have been a bad decision on your part\n|c|\u2606NoseHairs420|Erm guys, is this Freddy Fazbear?\n|c|\u2606NoseHairs420|hor how hor hor hor\n|\n|t:|1700334682\n|move|p2a: Kuna|Protect|p2a: Kuna\n|-singleturn|p2a: Kuna|Protect\n|move|p1b: Ursaluna|Earth Power|p2b: Hikari\n|-enditem|p2b: Hikari|Focus Sash\n|-damage|p2b: Hikari|1\/100\n|move|p1a: Indeedee|Expanding Force|p2b: Hikari|[spread] p2b\n|-activate|p2a: Kuna|move: Protect\n|-resisted|p2b: Hikari\n|-damage|p2b: Hikari|0 fnt\n|faint|p2b: Hikari\n|\n|upkeep\n|\n|t:|1700334714\n|switch|p2b: Point of the Mask|Ogerpon-Hearthflame, F|100\/100\n|-ability|p2b: Point of the Mask|Mold Breaker\n|turn|3\n|\n|t:|1700334759\n|switch|p2a: Therion|Landorus-Therian, M|100\/100\n|-ability|p2a: Therion|Intimidate|boost\n|-unboost|p1a: Indeedee|atk|1\n|-unboost|p1b: Ursaluna|atk|1\n|move|p1b: Ursaluna|Earth Power|p2b: Point of the Mask\n|-damage|p2b: Point of the Mask|41\/100\n|move|p1a: Indeedee|Expanding Force|p2b: Point of the Mask|[spread] p2a,p2b\n|-damage|p2a: Therion|51\/100\n|-damage|p2b: Point of the Mask|0 fnt\n|faint|p2b: Point of the Mask\n|\n|upkeep\n|c| TheMoistFetus|bro has made every single correct call\n|\n|t:|1700334776\n|switch|p2b: Freddy Fazbear|Ursaluna-Bloodmoon, M|100\/100\n|turn|4\n|\n|t:|1700334788\n|move|p1a: Indeedee|Helping Hand|p1b: Ursaluna\n|-singleturn|p1b: Ursaluna|Helping Hand|[of] p1a: Indeedee\n|move|p2b: Freddy Fazbear|Protect|p2b: Freddy Fazbear\n|-singleturn|p2b: Freddy Fazbear|Protect\n|move|p1b: Ursaluna|Blood Moon|p2b: Freddy Fazbear\n|-activate|p2b: Freddy Fazbear|move: Protect\n|move|p2a: Therion|Knock Off|p1a: Indeedee\n|-supereffective|p1a: Indeedee\n|-damage|p1a: Indeedee|0 fnt\n|-enditem|p1a: Indeedee|Terrain Extender|[from] move: Knock Off|[of] p2a: Therion\n|faint|p1a: Indeedee\n|\n|-sideend|p2: NoseHairs420|move: Tailwind\n|upkeep\n|c| Eliminathan|me when trick room\n|\n|t:|1700334801\n|switch|p1a: Chien-Pao|Chien-Pao|100\/100\n|-ability|p1a: Chien-Pao|Sword of Ruin\n|turn|5\n|\n|t:|1700334826\n|move|p1a: Chien-Pao|Protect|p1a: Chien-Pao\n|-singleturn|p1a: Chien-Pao|Protect\n|move|p1b: Ursaluna|Earth Power|p2b: Freddy Fazbear\n|-damage|p2b: Freddy Fazbear|50\/100\n|-unboost|p2b: Freddy Fazbear|spd|1\n|move|p2b: Freddy Fazbear|Blood Moon|p1a: Chien-Pao\n|-activate|p1a: Chien-Pao|move: Protect\n|move|p2a: Therion|Rock Slide|p1a: Chien-Pao|[spread] \n|-activate|p1a: Chien-Pao|move: Protect\n|-miss|p2a: Therion|p1b: Ursaluna\n|\n|-heal|p2b: Freddy Fazbear|56\/100|[from] item: Leftovers\n|-fieldend|move: Trick Room\n|upkeep\n|turn|6\n|\n|t:|1700334855\n|move|p2b: Freddy Fazbear|Protect|p2b: Freddy Fazbear\n|-singleturn|p2b: Freddy Fazbear|Protect\n|move|p1a: Chien-Pao|Ice Spinner|p2a: Therion\n|-supereffective|p2a: Therion\n|-damage|p2a: Therion|0 fnt\n|-fieldend|move: Psychic Terrain\n|faint|p2a: Therion\n|move|p1b: Ursaluna|Calm Mind|p1b: Ursaluna\n|-boost|p1b: Ursaluna|spa|1\n|-boost|p1b: Ursaluna|spd|1\n|\n|-heal|p2b: Freddy Fazbear|62\/100|[from] item: Leftovers\n|upkeep\n|\n|t:|1700334864\n|switch|p2a: Kuna|Kommo-o, F|100\/100\n|turn|7\n|c| Eliminathan|its time\n|\n|t:|1700334876\n|move|p1a: Chien-Pao|Protect|p1a: Chien-Pao\n|-singleturn|p1a: Chien-Pao|Protect\n|move|p2b: Freddy Fazbear|Vacuum Wave|p1a: Chien-Pao\n|-activate|p1a: Chien-Pao|move: Protect\n|-zpower|p2a: Kuna\n|move|p2a: Kuna|Clangorous Soulblaze|p1b: Ursaluna|[zeffect]|[spread] p1a,p1b\n|-zbroken|p1a: Chien-Pao\n|-damage|p1a: Chien-Pao|79\/100\n|-damage|p1b: Ursaluna|56\/100\n|-boost|p2a: Kuna|atk|1\n|-boost|p2a: Kuna|def|1\n|-boost|p2a: Kuna|spa|1\n|-boost|p2a: Kuna|spd|1\n|-boost|p2a: Kuna|spe|1\n|move|p1b: Ursaluna|Blood Moon|p2a: Kuna\n|-crit|p2a: Kuna\n|-damage|p2a: Kuna|0 fnt\n|faint|p2a: Kuna\n|\n|-heal|p2b: Freddy Fazbear|68\/100|[from] item: Leftovers\n|-heal|p1b: Ursaluna|62\/100|[from] item: Leftovers\n|upkeep\n|c| TheMoistFetus|cringe unleashed\n|c|\u2606NoseHairs420|O Cholera, Czy to Freddy fazbear?\n|c| Eliminathan|aw hell naw\n|c| TheMoistFetus|god bless\n|\n|t:|1700334897\n|switch|p2a: Timerra|Gardevoir, F, shiny|100\/100\n|turn|8\n|c|\u2606Shiny_Hero64|LMAO\n|c| TheMoistFetus|it was not freddy fazbear\n|\n|t:|1700334916\n|switch|p1a: Sneasler|Sneasler, F|100\/100\n|detailschange|p2a: Timerra|Gardevoir-Mega, F, shiny\n|-mega|p2a: Timerra|Gardevoir|Gardevoirite\n|move|p1b: Ursaluna|Protect|p1b: Ursaluna\n|-singleturn|p1b: Ursaluna|Protect\n|move|p2b: Freddy Fazbear|Vacuum Wave|p1a: Sneasler\n|-resisted|p1a: Sneasler\n|-damage|p1a: Sneasler|91\/100\n|move|p2a: Timerra|Hyper Voice|p1a: Sneasler|[spread] p1a\n|-activate|p1b: Ursaluna|move: Protect\n|-damage|p1a: Sneasler|13\/100\n|\n|-heal|p2b: Freddy Fazbear|74\/100|[from] item: Leftovers\n|-heal|p1b: Ursaluna|68\/100|[from] item: Leftovers\n|upkeep\n|turn|9\n|c| TheMoistFetus|the final tally has been drawn\n|\n|t:|1700334940\n|move|p2b: Freddy Fazbear|Vacuum Wave|p1a: Sneasler\n|-resisted|p1a: Sneasler\n|-damage|p1a: Sneasler|3\/100\n|move|p1a: Sneasler|Dire Claw|p2a: Timerra\n|-supereffective|p2a: Timerra\n|-damage|p2a: Timerra|0 fnt\n|faint|p2a: Timerra\n|move|p1b: Ursaluna|Earth Power|p2b: Freddy Fazbear\n|-damage|p2b: Freddy Fazbear|0 fnt\n|faint|p2b: Freddy Fazbear\n|\n|win|Shiny_Hero64\n|c|\u2606Shiny_Hero64|Ggs\n|c| TheMoistFetus|goat\n|c|\u2606NoseHairs420|ggs\n|c| Eliminathan|its a tragedy\n|l|\u2606NoseHairs420\n|l|\u2606Shiny_Hero64\n|l| TheMoistFetus\n","uploadtime":1700335015,"views":32,"p1id":"shinyhero64","p2id":"nosehairs420","formatid":"gen9nationaldexdoubles","rating":0,"private":0,"password":""}