{"id":"gen9nationaldexdoubles-1949119280","p1":"ICAC10","p2":"pokemon tu","format":"[Gen 9] National Dex Doubles","log":"|j|\u2606ICAC10\n|j|\u2606pokemon tu\n|t:|1695327417\n|gametype|doubles\n|player|p1|ICAC10|ingo|1132\n|player|p2|pokemon tu|crasherwake|1060\n|teamsize|p1|6\n|teamsize|p2|6\n|gen|9\n|tier|[Gen 9] National Dex Doubles\n|rated|\n|rule|HP Percentage Mod: HP is shown in percentages\n|rule|Endless Battle Clause: Forcing endless battles is banned\n|rule|OHKO Clause: OHKO moves are banned\n|rule|Evasion Moves Clause: Evasion moves are banned\n|rule|Evasion Abilities Clause: Evasion abilities are banned\n|rule|Species Clause: Limit one of each Pok\u00e9mon\n|rule|Gravity Sleep Clause: The combination of sleep-inducing moves with imperfect accuracy and Gravity or Gigantamax Orbeetle are banned\n|clearpoke\n|poke|p1|Regigigas|\n|poke|p1|Hawlucha, M|\n|poke|p1|Amoonguss, F|\n|poke|p1|Comfey, F|\n|poke|p1|Volcarona, F|\n|poke|p1|Chien-Pao|\n|poke|p2|Toxapex, F|\n|poke|p2|Dragapult, F|\n|poke|p2|Grimmsnarl, M|\n|poke|p2|Arcanine, F|\n|poke|p2|Conkeldurr, M|\n|poke|p2|Scizor, F|\n|teampreview\n|\n|t:|1695327432\n|start\n|switch|p1a: regigagaga|Regigigas, shiny|100\/100\n|switch|p1b: bird??|Hawlucha, M, shiny|100\/100\n|switch|p2a: Toxapex|Toxapex, F, shiny|100\/100\n|switch|p2b: Arcanine|Arcanine, F, shiny|100\/100\n|-start|p1a: regigagaga|ability: Slow Start\n|-ability|p2b: Arcanine|Intimidate|boost\n|-unboost|p1a: regigagaga|atk|1\n|-unboost|p1b: bird??|atk|1\n|turn|1\n|\n|t:|1695327459\n|move|p1b: bird??|Entrainment|p1a: regigagaga\n|-end|p1a: regigagaga|Slow Start|[silent]\n|-endability|p1a: regigagaga|Slow Start|[from] move: Entrainment\n|-ability|p1a: regigagaga|Unburden|[from] move: Entrainment\n|move|p1a: regigagaga|Body Slam|p2b: Arcanine\n|-enditem|p1a: regigagaga|Normal Gem|[from] gem\n|-crit|p2b: Arcanine\n|-damage|p2b: Arcanine|0 fnt\n|faint|p2b: Arcanine\n|move|p2a: Toxapex|Toxic Spikes|p1a: regigagaga\n|-sidestart|p1: ICAC10|move: Toxic Spikes\n|\n|upkeep\n|\n|t:|1695327471\n|switch|p2b: Conkeldurr|Conkeldurr, M, shiny|100\/100\n|turn|2\n|\n|t:|1695327481\n|move|p1a: regigagaga|High Horsepower|p2a: Toxapex\n|-supereffective|p2a: Toxapex\n|-damage|p2a: Toxapex|61\/100\n|move|p1b: bird??|Coaching|p1a: regigagaga\n|-boost|p1a: regigagaga|atk|1\n|-boost|p1a: regigagaga|def|1\n|move|p2b: Conkeldurr|Drain Punch|p1a: regigagaga\n|-supereffective|p1a: regigagaga\n|-damage|p1a: regigagaga|46\/100\n|move|p2a: Toxapex|Scald|p1b: bird??\n|-damage|p1b: bird??|58\/100\n|\n|upkeep\n|turn|3\n|\n|t:|1695327502\n|move|p1a: regigagaga|Drain Punch|p2b: Conkeldurr\n|-damage|p2b: Conkeldurr|72\/100\n|-heal|p1a: regigagaga|60\/100|[from] drain|[of] p2b: Conkeldurr\n|move|p1b: bird??|Coaching|p1a: regigagaga\n|-boost|p1a: regigagaga|atk|1\n|-boost|p1a: regigagaga|def|1\n|move|p2b: Conkeldurr|Drain Punch|p1a: regigagaga\n|-supereffective|p1a: regigagaga\n|-damage|p1a: regigagaga|15\/100\n|-heal|p2b: Conkeldurr|95\/100|[from] drain|[of] p1a: regigagaga\n|move|p2a: Toxapex|Scald|p1b: bird??\n|-damage|p1b: bird??|16\/100\n|-status|p1b: bird??|brn\n|\n|-damage|p1b: bird??|10\/100 brn|[from] brn\n|upkeep\n|turn|4\n|\n|t:|1695327524\n|move|p2b: Conkeldurr|Mach Punch|p1a: regigagaga\n|-supereffective|p1a: regigagaga\n|-damage|p1a: regigagaga|0 fnt\n|faint|p1a: regigagaga\n|move|p1b: bird??|Coaching|p1: regigagaga|[notarget]\n|-fail|p1b: bird??\n|move|p2a: Toxapex|Toxic Spikes|p1b: bird??\n|-sidestart|p1: ICAC10|move: Toxic Spikes\n|\n|-damage|p1b: bird??|4\/100 brn|[from] brn\n|upkeep\n|\n|t:|1695327535\n|switch|p1a: Blue sus|Amoonguss, F, shiny|100\/100\n|-sideend|p1: ICAC10|move: Toxic Spikes|[of] p1a: Blue sus\n|turn|5\n|\n|t:|1695327546\n|move|p1a: Blue sus|Protect|p1a: Blue sus\n|-singleturn|p1a: Blue sus|Protect\n|move|p1b: bird??|Acrobatics|p2b: Conkeldurr\n|-supereffective|p2b: Conkeldurr\n|-damage|p2b: Conkeldurr|79\/100\n|move|p2b: Conkeldurr|Fire Punch|p1a: Blue sus\n|-activate|p1a: Blue sus|move: Protect\n|move|p2a: Toxapex|Toxic Spikes|p1b: bird??\n|-sidestart|p1: ICAC10|move: Toxic Spikes\n|\n|-damage|p1b: bird??|0 fnt|[from] brn\n|faint|p1b: bird??\n|upkeep\n|\n|t:|1695327576\n|switch|p1b: Chien-Pao|Chien-Pao|100\/100\n|-status|p1b: Chien-Pao|psn\n|-ability|p1b: Chien-Pao|Sword of Ruin\n|turn|6\n|\n|t:|1695327591\n|move|p1b: Chien-Pao|Ice Spinner|p2b: Conkeldurr\n|-damage|p2b: Conkeldurr|26\/100\n|move|p2b: Conkeldurr|Fire Punch|p1a: Blue sus\n|-supereffective|p1a: Blue sus\n|-damage|p1a: Blue sus|13\/100\n|move|p1a: Blue sus|Spore|p2a: Toxapex\n|-status|p2a: Toxapex|slp|[from] move: Spore\n|cant|p2a: Toxapex|slp\n|\n|-heal|p1a: Blue sus|19\/100|[from] item: Leftovers\n|-damage|p1b: Chien-Pao|88\/100 psn|[from] psn\n|upkeep\n|turn|7\n|\n|t:|1695327610\n|switch|p1a: h e a l .|Comfey, F, shiny|100\/100\n|-status|p1a: h e a l .|psn\n|cant|p2a: Toxapex|slp\n|move|p1b: Chien-Pao|Sucker Punch|p2b: Conkeldurr\n|-resisted|p2b: Conkeldurr\n|-damage|p2b: Conkeldurr|3\/100\n|move|p2b: Conkeldurr|Mach Punch|p1b: Chien-Pao\n|-supereffective|p1b: Chien-Pao\n|-damage|p1b: Chien-Pao|0 fnt\n|faint|p1b: Chien-Pao\n|\n|-damage|p1a: h e a l .|88\/100 psn|[from] psn\n|upkeep\n|\n|t:|1695327622\n|switch|p1b: Blue sus|Amoonguss, F, shiny|52\/100\n|-sideend|p1: ICAC10|move: Toxic Spikes|[of] p1b: Blue sus\n|turn|8\n|\n|t:|1695327655\n|move|p1a: h e a l .|Draining Kiss|p2b: Conkeldurr\n|-supereffective|p2b: Conkeldurr\n|-damage|p2b: Conkeldurr|0 fnt\n|-heal|p1a: h e a l .|90\/100 psn|[from] drain|[of] p2b: Conkeldurr\n|faint|p2b: Conkeldurr\n|move|p1b: Blue sus|Pollen Puff|p2a: Toxapex\n|-resisted|p2a: Toxapex\n|-damage|p2a: Toxapex|54\/100 slp\n|cant|p2a: Toxapex|slp\n|\n|-heal|p1a: h e a l .|96\/100 psn|[from] item: Leftovers\n|-heal|p1b: Blue sus|58\/100|[from] item: Leftovers\n|-damage|p1a: h e a l .|84\/100 psn|[from] psn\n|upkeep\n|\n|t:|1695327671\n|switch|p2b: Scizor|Scizor, F|100\/100\n|turn|9\n|\n|t:|1695327681\n|-terastallize|p2a: Toxapex|Poison\n|move|p1b: Blue sus|Rage Powder|p1b: Blue sus\n|-singleturn|p1b: Blue sus|move: Rage Powder\n|move|p2b: Scizor|Bullet Punch|p1b: Blue sus\n|-damage|p1b: Blue sus|23\/100\n|move|p1a: h e a l .|Heal Bell|p1a: h e a l .\n|-activate|p1a: h e a l .|move: Heal Bell\n|-curestatus|p1a: h e a l .|psn|[msg]\n|-curestatus|p2a: Toxapex|slp|[msg]\n|move|p2a: Toxapex|Toxic Spikes|p1b: Blue sus\n|-sidestart|p1: ICAC10|move: Toxic Spikes\n|\n|-heal|p1a: h e a l .|90\/100|[from] item: Leftovers\n|-heal|p1b: Blue sus|29\/100|[from] item: Leftovers\n|upkeep\n|turn|10\n|\n|t:|1695327713\n|switch|p1b: M\u00f6th|Volcarona, F, shiny|100\/100\n|-status|p1b: M\u00f6th|psn\n|detailschange|p2b: Scizor|Scizor-Mega, F\n|-mega|p2b: Scizor|Scizor|Scizorite\n|move|p1a: h e a l .|Protect|p1a: h e a l .\n|-singleturn|p1a: h e a l .|Protect\n|move|p2a: Toxapex|Protect|p2a: Toxapex\n|-singleturn|p2a: Toxapex|Protect\n|move|p2b: Scizor|Bullet Punch|p1a: h e a l .\n|-activate|p1a: h e a l .|move: Protect\n|\n|-heal|p1a: h e a l .|96\/100|[from] item: Leftovers\n|-damage|p1b: M\u00f6th|88\/100 psn|[from] psn\n|upkeep\n|turn|11\n|\n|t:|1695327735\n|-terastallize|p1a: h e a l .|Steel\n|move|p2b: Scizor|Bullet Punch|p1a: h e a l .\n|-resisted|p1a: h e a l .\n|-damage|p1a: h e a l .|74\/100\n|move|p1a: h e a l .|Heal Bell|p1a: h e a l .\n|-activate|p1a: h e a l .|move: Heal Bell\n|-curestatus|p1b: M\u00f6th|psn|[msg]\n|move|p1b: M\u00f6th|Heat Wave|p2a: Toxapex|[spread] p2b\n|-miss|p1b: M\u00f6th|p2a: Toxapex\n|-supereffective|p2b: Scizor\n|-damage|p2b: Scizor|0 fnt\n|faint|p2b: Scizor\n|move|p2a: Toxapex|Scald|p1b: M\u00f6th\n|-supereffective|p1b: M\u00f6th\n|-damage|p1b: M\u00f6th|34\/100\n|\n|-heal|p1a: h e a l .|80\/100|[from] item: Leftovers\n|upkeep\n|\n|t:|1695327756\n|switch|p2b: Dragapult|Dragapult, F, shiny|100\/100\n|turn|12\n|\n|t:|1695327765\n|move|p1a: h e a l .|Floral Healing|p1b: M\u00f6th\n|-heal|p1b: M\u00f6th|84\/100\n|move|p2b: Dragapult|Shadow Ball|p1b: M\u00f6th\n|-damage|p1b: M\u00f6th|46\/100\n|-unboost|p1b: M\u00f6th|spd|1\n|-damage|p2b: Dragapult|91\/100|[from] item: Life Orb\n|move|p1b: M\u00f6th|Bug Buzz|p2b: Dragapult\n|-resisted|p2b: Dragapult\n|-damage|p2b: Dragapult|52\/100\n|move|p2a: Toxapex|Scald|p1b: M\u00f6th\n|-supereffective|p1b: M\u00f6th\n|-damage|p1b: M\u00f6th|0 fnt\n|faint|p1b: M\u00f6th\n|\n|-heal|p1a: h e a l .|86\/100|[from] item: Leftovers\n|upkeep\n|\n|t:|1695327781\n|switch|p1b: Blue sus|Amoonguss, F, shiny|63\/100\n|-sideend|p1: ICAC10|move: Toxic Spikes|[of] p1b: Blue sus\n|turn|13\n|\n|t:|1695327795\n|move|p1a: h e a l .|Draining Kiss|p2b: Dragapult\n|-supereffective|p2b: Dragapult\n|-damage|p2b: Dragapult|10\/100\n|-heal|p1a: h e a l .|100\/100|[from] drain|[of] p2b: Dragapult\n|move|p2b: Dragapult|Shadow Ball|p1b: Blue sus\n|-damage|p1b: Blue sus|36\/100\n|-damage|p2b: Dragapult|0 fnt|[from] item: Life Orb\n|faint|p2b: Dragapult\n|move|p1b: Blue sus|Spore|p2a: Toxapex\n|-status|p2a: Toxapex|slp|[from] move: Spore\n|cant|p2a: Toxapex|slp\n|\n|-heal|p1b: Blue sus|42\/100|[from] item: Leftovers\n|upkeep\n|\n|t:|1695327813\n|switch|p2b: Grimmsnarl|Grimmsnarl, M, shiny|100\/100\n|turn|14\n|\n|t:|1695327823\n|move|p1b: Blue sus|Protect|p1b: Blue sus\n|-singleturn|p1b: Blue sus|Protect\n|move|p1a: h e a l .|Draining Kiss|p2b: Grimmsnarl\n|-supereffective|p2b: Grimmsnarl\n|-damage|p2b: Grimmsnarl|71\/100\n|move|p2b: Grimmsnarl|Spirit Break|p1b: Blue sus\n|-activate|p1b: Blue sus|move: Protect\n|cant|p2a: Toxapex|slp\n|\n|-heal|p1b: Blue sus|49\/100|[from] item: Leftovers\n|upkeep\n|turn|15\n|\n|t:|1695327841\n|move|p1a: h e a l .|Floral Healing|p1b: Blue sus\n|-heal|p1b: Blue sus|99\/100\n|move|p2b: Grimmsnarl|Sucker Punch|p1b: Blue sus\n|-damage|p1b: Blue sus|58\/100\n|move|p1b: Blue sus|Pollen Puff|p2b: Grimmsnarl\n|-damage|p2b: Grimmsnarl|50\/100\n|-curestatus|p2a: Toxapex|slp|[msg]\n|move|p2a: Toxapex|Scald|p1a: h e a l .\n|-damage|p1a: h e a l .|72\/100\n|\n|-heal|p1a: h e a l .|78\/100|[from] item: Leftovers\n|-heal|p1b: Blue sus|65\/100|[from] item: Leftovers\n|upkeep\n|turn|16\n|\n|t:|1695327864\n|move|p1a: h e a l .|Draining Kiss|p2b: Grimmsnarl\n|-supereffective|p2b: Grimmsnarl\n|-damage|p2b: Grimmsnarl|19\/100\n|-heal|p1a: h e a l .|100\/100|[from] drain|[of] p2b: Grimmsnarl\n|move|p2b: Grimmsnarl|Sucker Punch||[still]\n|-fail|p2b: Grimmsnarl\n|move|p1b: Blue sus|Spore|p2a: Toxapex\n|-status|p2a: Toxapex|slp|[from] move: Spore\n|cant|p2a: Toxapex|slp\n|\n|-heal|p1b: Blue sus|71\/100|[from] item: Leftovers\n|upkeep\n|turn|17\n|\n|t:|1695327884\n|move|p1a: h e a l .|Draining Kiss|p2b: Grimmsnarl\n|-supereffective|p2b: Grimmsnarl\n|-damage|p2b: Grimmsnarl|0 fnt\n|faint|p2b: Grimmsnarl\n|move|p1b: Blue sus|Rage Powder|p1b: Blue sus\n|-singleturn|p1b: Blue sus|move: Rage Powder\n|-curestatus|p2a: Toxapex|slp|[msg]\n|move|p2a: Toxapex|Hydro Pump|p1b: Blue sus\n|-resisted|p1b: Blue sus\n|-damage|p1b: Blue sus|58\/100\n|\n|-heal|p1b: Blue sus|65\/100|[from] item: Leftovers\n|upkeep\n|turn|18\n|\n|t:|1695327908\n|move|p1a: h e a l .|Draining Kiss|p2a: Toxapex\n|-resisted|p2a: Toxapex\n|-damage|p2a: Toxapex|48\/100\n|move|p1b: Blue sus|Spore|p2a: Toxapex\n|-status|p2a: Toxapex|slp|[from] move: Spore\n|cant|p2a: Toxapex|slp\n|\n|-heal|p1b: Blue sus|71\/100|[from] item: Leftovers\n|upkeep\n|turn|19\n|-message|pokemon tu forfeited.\n|\n|win|ICAC10\n|raw|ICAC10's rating: 1132 &rarr; <strong>1152<\/strong><br \/>(+20 for winning)\n|raw|pokemon tu's rating: 1060 &rarr; <strong>1045<\/strong><br \/>(-15 for losing)\n|l|\u2606pokemon tu\n|l|\u2606ICAC10\n|j|\u2606ICAC10\n|player|p1|ICAC10|ingo\n|l|\u2606ICAC10\n|player|p1|\n|j|\u2606ICAC10\n|player|p1|ICAC10|ingo\n","uploadtime":1695328083,"views":9,"p1id":"icac10","p2id":"pokemontu","formatid":"gen9nationaldexdoubles","rating":1045,"private":0,"password":""}