{"id":"gen9nationaldexdoubles-1968724060","p1":"Miiirza","p2":"AdvancedDigit","format":"[Gen 9] National Dex Doubles","log":"|j|\u2606Miiirza\n|j|\u2606AdvancedDigit\n|t:|1697458305\n|gametype|doubles\n|player|p1|Miiirza|saturn|1625\n|player|p2|AdvancedDigit|hilbert|1340\n|teamsize|p1|6\n|teamsize|p2|6\n|gen|9\n|tier|[Gen 9] National Dex Doubles\n|rated|\n|rule|HP Percentage Mod: HP is shown in percentages\n|rule|Endless Battle Clause: Forcing endless battles is banned\n|rule|OHKO Clause: OHKO moves are banned\n|rule|Evasion Moves Clause: Evasion moves are banned\n|rule|Evasion Abilities Clause: Evasion abilities are banned\n|rule|Species Clause: Limit one of each Pok\u00e9mon\n|rule|Gravity Sleep Clause: The combination of sleep-inducing moves with imperfect accuracy and Gravity or Gigantamax Orbeetle are banned\n|clearpoke\n|poke|p1|Incineroar, M|\n|poke|p1|Gastrodon-East, M|\n|poke|p1|Rillaboom, M|\n|poke|p1|Zygarde|\n|poke|p1|Amoonguss, M|\n|poke|p1|Chien-Pao|\n|poke|p2|Lopunny, M|\n|poke|p2|Volbeat, M|\n|poke|p2|Ogerpon-Wellspring, F|\n|poke|p2|Greninja-*, M|\n|poke|p2|Maushold-Four|\n|poke|p2|Indeedee-F, F|\n|teampreview\n|inactive|Battle timer is ON: inactive players will automatically lose when time's up. (requested by Miiirza)\n|j| xiaoqing three\n|inactive|Miiirza has 120 seconds left.\n|\n|t:|1697458354\n|start\n|switch|p1a: Chien-Pao|Chien-Pao|100\/100\n|switch|p1b: Incineroar|Incineroar, M, shiny|100\/100\n|switch|p2a: Lopunny|Lopunny, M|100\/100\n|switch|p2b: Volbeat|Volbeat, M|100\/100\n|-ability|p1a: Chien-Pao|Sword of Ruin\n|-ability|p1b: Incineroar|Intimidate|boost\n|-unboost|p2a: Lopunny|atk|1\n|-unboost|p2b: Volbeat|atk|1\n|turn|1\n|j| Metool B\n|\n|t:|1697458371\n|switch|p1b: Amoonguss|Amoonguss, M|100\/100\n|move|p1a: Chien-Pao|Protect|p1a: Chien-Pao\n|-singleturn|p1a: Chien-Pao|Protect\n|move|p2a: Lopunny|Fake Out|p1a: Chien-Pao\n|-activate|p1a: Chien-Pao|move: Protect\n|move|p2b: Volbeat|Tail Glow|p2b: Volbeat\n|-boost|p2b: Volbeat|spa|3\n|\n|upkeep\n|turn|2\n|\n|t:|1697458383\n|move|p1b: Amoonguss|Rage Powder|p1b: Amoonguss\n|-singleturn|p1b: Amoonguss|move: Rage Powder\n|move|p2b: Volbeat|Baton Pass|p2b: Volbeat\n|\n|t:|1697458386\n|switch|p2b: Greninja|Greninja, M|100\/100|[from] Baton Pass\n|move|p1a: Chien-Pao|Ice Spinner|p2b: Greninja\n|-resisted|p2b: Greninja\n|-damage|p2b: Greninja|60\/100\n|move|p2a: Lopunny|Switcheroo|p1b: Amoonguss\n|-activate|p2a: Lopunny|move: Trick|[of] p1b: Amoonguss\n|-item|p1b: Amoonguss|Assault Vest|[from] move: Switcheroo\n|-item|p2a: Lopunny|Leftovers|[from] move: Switcheroo\n|\n|upkeep\n|turn|3\n|\n|t:|1697458410\n|-terastallize|p2b: Greninja|Water\n|move|p1a: Chien-Pao|Protect|p1a: Chien-Pao\n|-singleturn|p1a: Chien-Pao|Protect\n|move|p2b: Greninja|Surf|p1a: Chien-Pao|[spread] p2a,p1b\n|-activate|p1a: Chien-Pao|move: Protect\n|-resisted|p1b: Amoonguss\n|-damage|p2a: Lopunny|0 fnt\n|-damage|p1b: Amoonguss|74\/100\n|faint|p2a: Lopunny\n|-ability|p2b: Greninja|Battle Bond|boost\n|-boost|p2b: Greninja|atk|1\n|-boost|p2b: Greninja|spa|1\n|-boost|p2b: Greninja|spe|1\n|-activate|p2b: Greninja|ability: Battle Bond\n|move|p1b: Amoonguss|Pollen Puff|p2b: Greninja\n|-damage|p2b: Greninja|29\/100\n|\n|upkeep\n|\n|t:|1697458419\n|switch|p2a: Ogerpon|Ogerpon-Wellspring, F|100\/100\n|turn|4\n|\n|t:|1697458433\n|move|p2b: Greninja|Surf|p1a: Chien-Pao|[spread] p1a,p1b\n|-immune|p2a: Ogerpon|[from] ability: Water Absorb\n|-resisted|p1b: Amoonguss\n|-enditem|p1a: Chien-Pao|Focus Sash\n|-damage|p1a: Chien-Pao|1\/100\n|-damage|p1b: Amoonguss|41\/100\n|move|p1a: Chien-Pao|Ice Spinner|p2a: Ogerpon\n|-damage|p2a: Ogerpon|33\/100\n|move|p2a: Ogerpon|Ivy Cudgel|p1b: Amoonguss\n|-resisted|p1b: Amoonguss\n|-damage|p1b: Amoonguss|8\/100\n|move|p1b: Amoonguss|Clear Smog|p2b: Greninja\n|-damage|p2b: Greninja|5\/100\n|-clearboost|p2b: Greninja\n|\n|upkeep\n|turn|5\n|\n|t:|1697458448\n|switch|p1b: Gastrodon|Gastrodon-East, M, shiny|100\/100\n|move|p1a: Chien-Pao|Protect|p1a: Chien-Pao\n|-singleturn|p1a: Chien-Pao|Protect\n|move|p2b: Greninja|Surf|p1b: Gastrodon|[spread] \n|-activate|p1a: Chien-Pao|move: Protect\n|-heal|p2a: Ogerpon|58\/100|[from] ability: Water Absorb|[of] p2b: Greninja\n|-ability|p1b: Gastrodon|Storm Drain|boost\n|-boost|p1b: Gastrodon|spa|1\n|move|p2a: Ogerpon|Ivy Cudgel|p1b: Gastrodon\n|-ability|p1b: Gastrodon|Storm Drain|boost\n|-boost|p1b: Gastrodon|spa|1\n|\n|upkeep\n|turn|6\n|\n|t:|1697458468\n|switch|p1a: Rillaboom|Rillaboom, M|100\/100\n|-fieldstart|move: Grassy Terrain|[from] ability: Grassy Surge|[of] p1a: Rillaboom\n|-terastallize|p1b: Gastrodon|Fire\n|move|p2b: Greninja|Surf|p1b: Gastrodon|[spread] p1a\n|-heal|p2a: Ogerpon|83\/100|[from] ability: Water Absorb|[of] p2b: Greninja\n|-ability|p1b: Gastrodon|Storm Drain|boost\n|-boost|p1b: Gastrodon|spa|1\n|-resisted|p1a: Rillaboom\n|-damage|p1a: Rillaboom|82\/100\n|move|p2a: Ogerpon|Horn Leech|p1b: Gastrodon\n|-resisted|p1b: Gastrodon\n|-damage|p1b: Gastrodon|74\/100\n|-heal|p2a: Ogerpon|100\/100|[from] drain|[of] p1b: Gastrodon\n|move|p1b: Gastrodon|Ice Beam|p2a: Ogerpon\n|-damage|p2a: Ogerpon|26\/100\n|\n|-heal|p2b: Greninja|11\/100|[from] Grassy Terrain\n|-heal|p2a: Ogerpon|32\/100|[from] Grassy Terrain\n|-heal|p1a: Rillaboom|88\/100|[from] Grassy Terrain\n|-heal|p1b: Gastrodon|80\/100|[from] Grassy Terrain\n|-heal|p1b: Gastrodon|86\/100|[from] item: Leftovers\n|upkeep\n|turn|7\n|\n|t:|1697458492\n|switch|p2b: Maushold|Maushold-Four|100\/100\n|move|p1b: Gastrodon|Protect|p1b: Gastrodon\n|-singleturn|p1b: Gastrodon|Protect\n|move|p2a: Ogerpon|Knock Off|p1b: Gastrodon\n|-activate|p1b: Gastrodon|move: Protect\n|move|p1a: Rillaboom|U-turn|p2a: Ogerpon\n|-supereffective|p2a: Ogerpon\n|-damage|p2a: Ogerpon|0 fnt\n|faint|p2a: Ogerpon\n|\n|t:|1697458501\n|switch|p1a: Incineroar|Incineroar, M, shiny|100\/100|[from] U-turn\n|-ability|p1a: Incineroar|Intimidate|boost\n|-unboost|p2b: Maushold|atk|1\n|\n|-heal|p1b: Gastrodon|92\/100|[from] Grassy Terrain\n|-heal|p1b: Gastrodon|98\/100|[from] item: Leftovers\n|upkeep\n|\n|t:|1697458513\n|switch|p2a: Volbeat|Volbeat, M|100\/100\n|turn|8\n|\n|t:|1697458519\n|move|p1a: Incineroar|Fake Out|p2b: Maushold\n|-damage|p2b: Maushold|82\/100\n|move|p2a: Volbeat|Taunt|p1a: Incineroar\n|-hint|Since gen 7, Dark is immune to Prankster moves.\n|-immune|p1a: Incineroar\n|cant|p2b: Maushold|flinch\n|move|p1b: Gastrodon|Muddy Water|p2a: Volbeat|[spread] p2a,p2b\n|-damage|p2a: Volbeat|56\/100\n|-damage|p2b: Maushold|0 fnt\n|-unboost|p2a: Volbeat|accuracy|1\n|faint|p2b: Maushold\n|\n|-heal|p2a: Volbeat|62\/100|[from] Grassy Terrain\n|-heal|p2a: Volbeat|68\/100|[from] item: Leftovers\n|-heal|p1b: Gastrodon|100\/100|[from] Grassy Terrain\n|upkeep\n|-message|AdvancedDigit forfeited.\n|\n|win|Miiirza\n|raw|Miiirza's rating: 1625 &rarr; <strong>1631<\/strong><br \/>(+6 for winning)\n|raw|AdvancedDigit's rating: 1340 &rarr; <strong>1334<\/strong><br \/>(-6 for losing)\n|l|\u2606AdvancedDigit\n|l| Metool B\n|l| xiaoqing three\n","uploadtime":1697458537,"views":4,"p1id":"miiirza","p2id":"advanceddigit","formatid":"gen9nationaldexdoubles","rating":1334,"private":0,"password":""}