{"id":"gen9nationaldexdoubles-1978343521","p1":"Championjolteons","p2":"Telimonster0608","format":"[Gen 9] National Dex Doubles","log":"|j|\u2606Championjolteons\n|j|\u2606Telimonster0608\n|t:|1698527371\n|gametype|doubles\n|player|p1|Championjolteons|steven|\n|player|p2|Telimonster0608|clair|\n|teamsize|p1|6\n|teamsize|p2|6\n|gen|9\n|tier|[Gen 9] National Dex Doubles\n|rule|HP Percentage Mod: HP is shown in percentages\n|rule|Endless Battle Clause: Forcing endless battles is banned\n|rule|OHKO Clause: OHKO moves are banned\n|rule|Evasion Moves Clause: Evasion moves are banned\n|rule|Evasion Abilities Clause: Evasion abilities are banned\n|rule|Species Clause: Limit one of each Pok\u00e9mon\n|rule|Gravity Sleep Clause: The combination of sleep-inducing moves with imperfect accuracy and Gravity or Gigantamax Orbeetle are banned\n|clearpoke\n|poke|p1|Delphox, M|\n|poke|p1|Hariyama, M|\n|poke|p1|Braviary, M|\n|poke|p1|Dipplin, F|\n|poke|p1|Sandslash-Alola, F|\n|poke|p1|Vaporeon, M|\n|poke|p2|Skeledirge, M|\n|poke|p2|Weezing-Galar, F|\n|poke|p2|Articuno-Galar|\n|poke|p2|Ursaluna, F|\n|poke|p2|Ogerpon-Wellspring, F|\n|poke|p2|Goodra-Hisui, M|\n|teampreview\n|\n|t:|1698527387\n|start\n|switch|p1a: Dipplin|Dipplin, F, shiny|100\/100\n|switch|p1b: Braviary|Braviary, M|100\/100\n|switch|p2a: Ursaluna|Ursaluna, F|100\/100\n|switch|p2b: Gary\ud83d\udc0c|Goodra-Hisui, M|100\/100\n|-ability|p1a: Dipplin|Supersweet Syrup\n|-ability|p1a: Dipplin|Supersweet Syrup|boost\n|-unboost|p2a: Ursaluna|evasion|1\n|-unboost|p2b: Gary\ud83d\udc0c|evasion|1\n|turn|1\n|\n|t:|1698527433\n|move|p1b: Braviary|Close Combat|p2b: Gary\ud83d\udc0c\n|-supereffective|p2b: Gary\ud83d\udc0c\n|-damage|p2b: Gary\ud83d\udc0c|31\/100\n|-unboost|p1b: Braviary|def|1\n|-unboost|p1b: Braviary|spd|1\n|move|p2b: Gary\ud83d\udc0c|Ice Beam|p1b: Braviary\n|-supereffective|p1b: Braviary\n|-damage|p1b: Braviary|15\/100\n|move|p2a: Ursaluna|Play Rough|p1a: Dipplin|[miss]\n|-miss|p2a: Ursaluna|p1a: Dipplin\n|move|p1a: Dipplin|Leaf Storm|p2a: Ursaluna\n|-supereffective|p2a: Ursaluna\n|-damage|p2a: Ursaluna|1\/100\n|-unboost|p1a: Dipplin|spa|2\n|\n|-heal|p2b: Gary\ud83d\udc0c|37\/100|[from] item: Leftovers\n|-status|p2a: Ursaluna|brn|[from] item: Flame Orb\n|upkeep\n|turn|2\n|\n|t:|1698527485\n|move|p1b: Braviary|Close Combat|p2b: Gary\ud83d\udc0c\n|-supereffective|p2b: Gary\ud83d\udc0c\n|-damage|p2b: Gary\ud83d\udc0c|0 fnt\n|-unboost|p1b: Braviary|def|1\n|-unboost|p1b: Braviary|spd|1\n|faint|p2b: Gary\ud83d\udc0c\n|move|p2a: Ursaluna|Crunch|p1a: Dipplin\n|-damage|p1a: Dipplin|57\/100\n|-unboost|p1a: Dipplin|def|1\n|move|p1a: Dipplin|Leaf Storm|p2a: Ursaluna\n|-supereffective|p2a: Ursaluna\n|-damage|p2a: Ursaluna|0 fnt\n|-unboost|p1a: Dipplin|spa|2\n|faint|p2a: Ursaluna\n|\n|upkeep\n|\n|t:|1698527513\n|switch|p2b: Ogerpon|Ogerpon-Wellspring, F|100\/100\n|switch|p2a: Doug Dimadome\ud83e\uddda\u200d\u2640\ufe0f|Weezing-Galar, F|100\/100\n|-ability|p2a: Doug Dimadome\ud83e\uddda\u200d\u2640\ufe0f|Neutralizing Gas\n|turn|3\n|\n|t:|1698527545\n|move|p2b: Ogerpon|Ivy Cudgel|p1a: Dipplin\n|-resisted|p1a: Dipplin\n|-damage|p1a: Dipplin|37\/100\n|move|p1b: Braviary|Roost|p1b: Braviary\n|-heal|p1b: Braviary|66\/100\n|-singleturn|p1b: Braviary|move: Roost\n|move|p2a: Doug Dimadome\ud83e\uddda\u200d\u2640\ufe0f|Strange Steam|p1b: Braviary\n|-damage|p1b: Braviary|0 fnt\n|faint|p1b: Braviary\n|move|p1a: Dipplin|Leaf Storm|p2a: Doug Dimadome\ud83e\uddda\u200d\u2640\ufe0f\n|-resisted|p2a: Doug Dimadome\ud83e\uddda\u200d\u2640\ufe0f\n|-damage|p2a: Doug Dimadome\ud83e\uddda\u200d\u2640\ufe0f|87\/100\n|-unboost|p1a: Dipplin|spa|2\n|\n|upkeep\n|\n|t:|1698527563\n|switch|p1b: Delphox|Delphox, M|100\/100\n|turn|4\n|\n|t:|1698527588\n|move|p2b: Ogerpon|Play Rough|p1a: Dipplin\n|-supereffective|p1a: Dipplin\n|-damage|p1a: Dipplin|0 fnt\n|faint|p1a: Dipplin\n|move|p1b: Delphox|Grass Knot|p2b: Ogerpon\n|-damage|p2b: Ogerpon|78\/100\n|move|p2a: Doug Dimadome\ud83e\uddda\u200d\u2640\ufe0f|Strange Steam|p1b: Delphox\n|-resisted|p1b: Delphox\n|-damage|p1b: Delphox|85\/100\n|\n|upkeep\n|\n|t:|1698527606\n|switch|p1a: Sandslash|Sandslash-Alola, F|100\/100\n|turn|5\n|\n|t:|1698527641\n|move|p2b: Ogerpon|Play Rough|p1b: Delphox\n|-resisted|p1b: Delphox\n|-damage|p1b: Delphox|57\/100\n|-unboost|p1b: Delphox|atk|1\n|move|p1b: Delphox|Fire Blast|p2a: Doug Dimadome\ud83e\uddda\u200d\u2640\ufe0f|[miss]\n|-miss|p1b: Delphox|p2a: Doug Dimadome\ud83e\uddda\u200d\u2640\ufe0f\n|move|p1a: Sandslash|Icicle Spear|p2b: Ogerpon\n|-damage|p2b: Ogerpon|62\/100\n|-damage|p2b: Ogerpon|47\/100\n|-damage|p2b: Ogerpon|32\/100\n|-damage|p2b: Ogerpon|17\/100\n|-damage|p2b: Ogerpon|2\/100\n|-hitcount|p2b: Ogerpon|5\n|move|p2a: Doug Dimadome\ud83e\uddda\u200d\u2640\ufe0f|Strange Steam|p1b: Delphox\n|-resisted|p1b: Delphox\n|-damage|p1b: Delphox|41\/100\n|\n|upkeep\n|turn|6\n|\n|t:|1698527675\n|move|p2b: Ogerpon|Play Rough|p1b: Delphox\n|-resisted|p1b: Delphox\n|-damage|p1b: Delphox|14\/100\n|-unboost|p1b: Delphox|atk|1\n|move|p1b: Delphox|Fire Blast|p2a: Doug Dimadome\ud83e\uddda\u200d\u2640\ufe0f\n|-damage|p2a: Doug Dimadome\ud83e\uddda\u200d\u2640\ufe0f|22\/100\n|move|p1a: Sandslash|Tera Blast|p2b: Ogerpon\n|-crit|p2b: Ogerpon\n|-damage|p2b: Ogerpon|0 fnt\n|faint|p2b: Ogerpon\n|move|p2a: Doug Dimadome\ud83e\uddda\u200d\u2640\ufe0f|Strange Steam|p1b: Delphox\n|-resisted|p1b: Delphox\n|-damage|p1b: Delphox|0 fnt\n|faint|p1b: Delphox\n|\n|upkeep\n|\n|t:|1698527703\n|switch|p2b: Articuno|Articuno-Galar|100\/100\n|switch|p1b: Vaporeon|Vaporeon, M|100\/100\n|turn|7\n|\n|t:|1698527720\n|move|p2b: Articuno|Future Sight|p1b: Vaporeon\n|-start|p2b: Articuno|move: Future Sight\n|move|p1b: Vaporeon|Hail|p1b: Vaporeon\n|-weather|Hail\n|move|p1a: Sandslash|Icicle Spear|p2a: Doug Dimadome\ud83e\uddda\u200d\u2640\ufe0f\n|-damage|p2a: Doug Dimadome\ud83e\uddda\u200d\u2640\ufe0f|14\/100\n|-damage|p2a: Doug Dimadome\ud83e\uddda\u200d\u2640\ufe0f|5\/100\n|-damage|p2a: Doug Dimadome\ud83e\uddda\u200d\u2640\ufe0f|0 fnt\n|faint|p2a: Doug Dimadome\ud83e\uddda\u200d\u2640\ufe0f\n|-end|p2a: Doug Dimadome\ud83e\uddda\u200d\u2640\ufe0f|ability: Neutralizing Gas\n|-hitcount|p2: Doug Dimadome\ud83e\uddda\u200d\u2640\ufe0f|3\n|\n|-weather|Hail|[upkeep]\n|-damage|p2b: Articuno|94\/100|[from] Hail\n|-damage|p1b: Vaporeon|94\/100|[from] Hail\n|-heal|p1b: Vaporeon|100\/100|[from] item: Leftovers\n|upkeep\n|\n|t:|1698527734\n|switch|p2a: Skeledirge|Skeledirge, M|100\/100\n|turn|8\n|j| monopolygo\n|\n|t:|1698527770\n|-terastallize|p1a: Sandslash|Ghost\n|move|p1a: Sandslash|Tera Blast|p2a: Skeledirge|[anim] Tera Blast Ghost\n|-supereffective|p2a: Skeledirge\n|-damage|p2a: Skeledirge|39\/100\n|move|p2b: Articuno|Air Slash|p1b: Vaporeon\n|-damage|p1b: Vaporeon|70\/100\n|move|p2a: Skeledirge|Earth Power|p1a: Sandslash\n|-damage|p1a: Sandslash|61\/100\n|move|p1b: Vaporeon|Scald|p2a: Skeledirge\n|-supereffective|p2a: Skeledirge\n|-damage|p2a: Skeledirge|0 fnt\n|faint|p2a: Skeledirge\n|\n|-weather|Hail|[upkeep]\n|-damage|p1a: Sandslash|55\/100|[from] Hail\n|-damage|p2b: Articuno|88\/100|[from] Hail\n|-damage|p1b: Vaporeon|64\/100|[from] Hail\n|-heal|p1b: Vaporeon|70\/100|[from] item: Leftovers\n|upkeep\n|turn|9\n|\n|t:|1698527809\n|move|p1a: Sandslash|Tera Blast|p2b: Articuno|[anim] Tera Blast Ghost\n|-supereffective|p2b: Articuno\n|-damage|p2b: Articuno|8\/100\n|move|p2b: Articuno|Shadow Ball|p1a: Sandslash\n|-supereffective|p1a: Sandslash\n|-damage|p1a: Sandslash|0 fnt\n|faint|p1a: Sandslash\n|move|p1b: Vaporeon|Scald|p2b: Articuno\n|-damage|p2b: Articuno|0 fnt\n|faint|p2b: Articuno\n|\n|win|Championjolteons\n|l|\u2606Telimonster0608\n|l| monopolygo\n","uploadtime":1698528005,"views":19,"p1id":"championjolteons","p2id":"telimonster0608","formatid":"gen9nationaldexdoubles","rating":0,"private":0,"password":""}