{"id":"gen9nationaldexdoubles-1973702856","p1":"omegashenronone","p2":"VGCMarrell","format":"[Gen 9] National Dex Doubles","log":"|j|\u2606omegashenronone\n|j|\u2606VGCMarrell\n|t:|1698004950\n|gametype|doubles\n|player|p1|omegashenronone|hugh|\n|player|p2|VGCMarrell|266|\n|teamsize|p1|6\n|teamsize|p2|6\n|gen|9\n|tier|[Gen 9] National Dex Doubles\n|rule|HP Percentage Mod: HP is shown in percentages\n|rule|Endless Battle Clause: Forcing endless battles is banned\n|rule|OHKO Clause: OHKO moves are banned\n|rule|Evasion Moves Clause: Evasion moves are banned\n|rule|Evasion Abilities Clause: Evasion abilities are banned\n|rule|Species Clause: Limit one of each Pok\u00e9mon\n|rule|Gravity Sleep Clause: The combination of sleep-inducing moves with imperfect accuracy and Gravity or Gigantamax Orbeetle are banned\n|clearpoke\n|poke|p1|Pelipper, F|\n|poke|p1|Gyarados, M|\n|poke|p1|Greninja-*, M|\n|poke|p1|Dracovish|\n|poke|p1|Walking Wake|\n|poke|p1|Rotom-Wash|\n|poke|p2|Torterra, F|\n|poke|p2|Garchomp, F|\n|poke|p2|Talonflame, M|\n|poke|p2|Gholdengo|\n|poke|p2|Iron Valiant|\n|poke|p2|Blissey, F|\n|teampreview\n|inactive|Battle timer is ON: inactive players will automatically lose when time's up. (requested by omegashenronone)\n|j| YaBoiCrim\n|\n|t:|1698004963\n|start\n|switch|p1a: Happy|Pelipper, F|100\/100\n|switch|p1b: Waking walk|Walking Wake|100\/100\n|switch|p2a: KJ-9|Iron Valiant|100\/100\n|switch|p2b: Bowser|Torterra, F|100\/100\n|-weather|RainDance|[from] ability: Drizzle|[of] p1a: Happy\n|-enditem|p1b: Waking walk|Booster Energy\n|-activate|p1b: Waking walk|ability: Protosynthesis|[fromitem]\n|-start|p1b: Waking walk|protosynthesisspa\n|turn|1\n|\n|t:|1698004986\n|move|p2a: KJ-9|Thunderbolt|p1a: Happy\n|-supereffective|p1a: Happy\n|-damage|p1a: Happy|0 fnt\n|faint|p1a: Happy\n|move|p1b: Waking walk|Hydro Steam|p2b: Bowser\n|-damage|p2b: Bowser|1\/100\n|move|p2b: Bowser|Shell Smash|p2b: Bowser\n|-unboost|p2b: Bowser|def|1\n|-unboost|p2b: Bowser|spd|1\n|-boost|p2b: Bowser|atk|2\n|-boost|p2b: Bowser|spa|2\n|-boost|p2b: Bowser|spe|2\n|\n|-weather|RainDance|[upkeep]\n|upkeep\n|\n|t:|1698004996\n|switch|p1a: Former rotom phone|Rotom-Wash, shiny|100\/100\n|turn|2\n|\n|t:|1698005022\n|-end|p1b: Waking walk|Protosynthesis|[silent]\n|switch|p1b: CHERRY|Gyarados, M, shiny|100\/100\n|-ability|p1b: CHERRY|Intimidate|boost\n|-unboost|p2a: KJ-9|atk|1\n|-unboost|p2b: Bowser|atk|1\n|move|p2a: KJ-9|Thunderbolt|p1b: CHERRY\n|-supereffective|p1b: CHERRY\n|-damage|p1b: CHERRY|0 fnt\n|faint|p1b: CHERRY\n|move|p2b: Bowser|Bullet Seed|p1a: Former rotom phone\n|-supereffective|p1a: Former rotom phone\n|-crit|p1a: Former rotom phone\n|-damage|p1a: Former rotom phone|30\/100\n|-supereffective|p1a: Former rotom phone\n|-damage|p1a: Former rotom phone|0 fnt\n|faint|p1a: Former rotom phone\n|-hitcount|p1: Former rotom phone|2\n|\n|-weather|RainDance|[upkeep]\n|upkeep\n|c|\u2606omegashenronone|Crit mattered\n|inactive|omegashenronone has 270 seconds left.\n|\n|t:|1698005052\n|switch|p1b: Genji|Greninja, M, shiny|100\/100\n|switch|p1a: Ze Fish?|Dracovish|100\/100\n|turn|3\n|\n|t:|1698005065\n|move|p2a: KJ-9|Thunderbolt|p1b: Genji\n|-supereffective|p1b: Genji\n|-damage|p1b: Genji|9\/100\n|move|p2b: Bowser|Bullet Seed|p1a: Ze Fish?\n|-damage|p1a: Ze Fish?|80\/100\n|-damage|p1a: Ze Fish?|60\/100\n|-damage|p1a: Ze Fish?|39\/100\n|-damage|p1a: Ze Fish?|20\/100\n|-damage|p1a: Ze Fish?|0 fnt\n|faint|p1a: Ze Fish?\n|-hitcount|p1: Ze Fish?|5\n|move|p1b: Genji|U-turn|p2b: Bowser\n|-start|p1b: Genji|typechange|Bug|[from] ability: Protean\n|-supereffective|p2b: Bowser\n|-damage|p2b: Bowser|0 fnt\n|faint|p2b: Bowser\n|\n|t:|1698005070\n|switch|p1b: Waking walk|Walking Wake|100\/100|[from] U-turn\n|\n|-weather|RainDance|[upkeep]\n|upkeep\n|\n|t:|1698005075\n|switch|p1a: Genji|Greninja, M, shiny|9\/100\n|switch|p2b: IRS|Gholdengo|100\/100\n|turn|4\n|c| YaBoiCrim|DAYUM\n|c| YaBoiCrim|that junk gon crazy\n|c|\u2606omegashenronone|Why are you being so lucky?\n|inactive|omegashenronone has 270 seconds left.\n|\n|t:|1698005111\n|switch|p2b: Toriel|Blissey, F|100\/100\n|move|p2a: KJ-9|Thunderbolt|p1b: Waking walk\n|-damage|p1b: Waking walk|64\/100\n|move|p1a: Genji|Scald|p2a: KJ-9\n|-start|p1a: Genji|typechange|Water|[from] ability: Protean\n|-crit|p2a: KJ-9\n|-damage|p2a: KJ-9|0 fnt\n|faint|p2a: KJ-9\n|-end|p2a: KJ-9|Quark Drive|[silent]\n|move|p1b: Waking walk|Hydro Steam|p2b: Toriel\n|-damage|p2b: Toriel|81\/100\n|\n|-weather|RainDance|[upkeep]\n|upkeep\n|\n|t:|1698005115\n|switch|p2a: Overkill|Garchomp, F|100\/100\n|turn|5\n|c| YaBoiCrim|luck is on both sides :)\n|\n|t:|1698005132\n|detailschange|p2a: Overkill|Garchomp-Mega, F\n|-mega|p2a: Overkill|Garchomp|Garchompite\n|move|p1a: Genji|Scald|p2a: Overkill\n|-crit|p2a: Overkill\n|-damage|p2a: Overkill|0 fnt\n|faint|p2a: Overkill\n|move|p1b: Waking walk|Hydro Steam|p2b: Toriel\n|-crit|p2b: Toriel\n|-damage|p2b: Toriel|50\/100\n|move|p2b: Toriel|Toxic|p1b: Waking walk\n|-status|p1b: Waking walk|tox\n|\n|-weather|RainDance|[upkeep]\n|-damage|p1b: Waking walk|58\/100 tox|[from] psn\n|upkeep\n|\n|t:|1698005136\n|switch|p2a: Phoenix|Talonflame, M|100\/100\n|turn|6\n|c| YaBoiCrim|bro\n|c| YaBoiCrim|luck is defo on both sides\n|\n|t:|1698005156\n|move|p1a: Genji|Scald|p2a: Phoenix\n|-supereffective|p2a: Phoenix\n|-damage|p2a: Phoenix|0 fnt\n|faint|p2a: Phoenix\n|move|p1b: Waking walk|Hydro Steam|p2b: Toriel\n|-damage|p2b: Toriel|28\/100\n|move|p2b: Toriel|Soft-Boiled|p2b: Toriel\n|-heal|p2b: Toriel|78\/100\n|\n|-weather|RainDance|[upkeep]\n|-damage|p1b: Waking walk|45\/100 tox|[from] psn\n|upkeep\n|\n|t:|1698005157\n|switch|p2a: IRS|Gholdengo|100\/100\n|turn|7\n|c|\u2606omegashenronone|Im lucky with every mistake you make\n|\n|t:|1698005183\n|-terastallize|p1a: Genji|Water\n|-terastallize|p2a: IRS|Ghost\n|move|p1a: Genji|Scald|p2b: Toriel\n|-damage|p2b: Toriel|46\/100\n|move|p1b: Waking walk|Hydro Steam|p2b: Toriel\n|-damage|p2b: Toriel|26\/100\n|move|p2a: IRS|Make It Rain|p1a: Genji|[spread] p1a,p1b\n|-resisted|p1a: Genji\n|-resisted|p1b: Waking walk\n|-damage|p1a: Genji|0 fnt\n|-damage|p1b: Waking walk|22\/100 tox\n|-unboost|p2a: IRS|spa|1\n|faint|p1a: Genji\n|move|p2b: Toriel|Seismic Toss|p1b: Waking walk\n|-damage|p1b: Waking walk|0 fnt\n|faint|p1b: Waking walk\n|-end|p1b: Waking walk|Protosynthesis|[silent]\n|\n|win|VGCMarrell\n|c| YaBoiCrim|omega im going to be honest u were sounding really salty when u were losing\n|c| YaBoiCrim|that was a crazy comeback\n|c|\u2606omegashenronone|Nah he got a crit with tortera and 5hits with bullet seed\n|c|\u2606VGCMarrell|um-\n|c|\u2606omegashenronone|Thats luck if ive ever seen one\n|c|\u2606VGCMarrell|true.\n|c|\u2606omegashenronone|And why did he mega evolve garchomp?\n|c|\u2606omegashenronone|Even if i didnt crit he wouldvw gone done because of that\n|c| YaBoiCrim|it was a gg\n|c|\u2606omegashenronone|He lowered his speed enough for WWake to outspeed and finish him\n|c| YaBoiCrim|both of yall say it then go to disc\n|l|\u2606VGCMarrell\n|c| YaBoiCrim|wow\n|l| YaBoiCrim\n","uploadtime":1698005205,"views":13,"p1id":"omegashenronone","p2id":"vgcmarrell","formatid":"gen9nationaldexdoubles","rating":0,"private":0,"password":""}