{"id":"gen9nationaldexdoubles-1956187134","p1":"annoying oranje","p2":"Green133","format":"[Gen 9] National Dex Doubles","log":"|j|\u2606annoying oranje\n|j|\u2606Green133\n|t:|1696083285\n|gametype|doubles\n|player|p1|annoying oranje|lyra|\n|player|p2|Green133|blue|\n|teamsize|p1|6\n|teamsize|p2|6\n|gen|9\n|tier|[Gen 9] National Dex Doubles\n|rule|HP Percentage Mod: HP is shown in percentages\n|rule|Endless Battle Clause: Forcing endless battles is banned\n|rule|OHKO Clause: OHKO moves are banned\n|rule|Evasion Moves Clause: Evasion moves are banned\n|rule|Evasion Abilities Clause: Evasion abilities are banned\n|rule|Species Clause: Limit one of each Pok\u00e9mon\n|rule|Gravity Sleep Clause: The combination of sleep-inducing moves with imperfect accuracy and Gravity or Gigantamax Orbeetle are banned\n|clearpoke\n|poke|p1|Maushold-Four|\n|poke|p1|Landorus-Therian, M|\n|poke|p1|Whimsicott, M|\n|poke|p1|Marshadow|\n|poke|p1|Virizion|\n|poke|p1|Terrakion|\n|poke|p2|Rillaboom, F|\n|poke|p2|Lucario, F|\n|poke|p2|Maushold-Four|\n|poke|p2|Ceruledge, M|\n|poke|p2|Torkoal, M|\n|poke|p2|Walking Wake|\n|teampreview\n|l|\u2606Green133\n|player|p2|\n|j|\u2606Green133\n|player|p2|Green133|blue\n|\n|t:|1696083352\n|start\n|switch|p1a: Dugtrio mice|Maushold-Four|100\/100\n|switch|p1b: Yummy in my tummy|Marshadow|100\/100\n|switch|p2a: The Pretender|Lucario, F|100\/100\n|switch|p2b: Ohio is for Lovers|Maushold-Four|100\/100\n|turn|1\n|\n|t:|1696083435\n|detailschange|p2a: The Pretender|Lucario-Mega, F\n|-mega|p2a: The Pretender|Lucario|Lucarionite\n|-terastallize|p2b: Ohio is for Lovers|Ghost\n|move|p2b: Ohio is for Lovers|Follow Me|p2b: Ohio is for Lovers\n|-singleturn|p2b: Ohio is for Lovers|move: Follow Me\n|move|p1b: Yummy in my tummy|Close Combat|p2b: Ohio is for Lovers\n|-immune|p2b: Ohio is for Lovers\n|move|p1a: Dugtrio mice|Population Bomb|p2b: Ohio is for Lovers\n|-immune|p2b: Ohio is for Lovers\n|move|p2a: The Pretender|Close Combat|p1a: Dugtrio mice\n|-supereffective|p1a: Dugtrio mice\n|-damage|p1a: Dugtrio mice|0 fnt\n|-unboost|p2a: The Pretender|def|1\n|-unboost|p2a: The Pretender|spd|1\n|faint|p1a: Dugtrio mice\n|\n|upkeep\n|j| JKogut\n|\n|t:|1696083463\n|switch|p1a: Lando Calrissian|Landorus-Therian, M|100\/100\n|-ability|p1a: Lando Calrissian|Intimidate|boost\n|-unboost|p2a: The Pretender|atk|1\n|-unboost|p2b: Ohio is for Lovers|atk|1\n|turn|2\n|\n|t:|1696083502\n|switch|p1b: NeighborhoodThreat|Whimsicott, M|100\/100\n|switch|p2a: Clint Eastwood|Rillaboom, F|100\/100\n|-fieldstart|move: Grassy Terrain|[from] ability: Grassy Surge|[of] p2a: Clint Eastwood\n|move|p2b: Ohio is for Lovers|U-turn|p1b: NeighborhoodThreat\n|-damage|p1b: NeighborhoodThreat|90\/100\n|\n|t:|1696083514\n|switch|p2b: The Pretender|Lucario-Mega, F|100\/100|[from] U-turn\n|move|p1a: Lando Calrissian|Taunt|p2b: The Pretender\n|-start|p2b: The Pretender|move: Taunt\n|\n|-heal|p1b: NeighborhoodThreat|96\/100|[from] Grassy Terrain\n|upkeep\n|turn|3\n|\n|t:|1696083552\n|move|p2a: Clint Eastwood|Fake Out|p1b: NeighborhoodThreat\n|-damage|p1b: NeighborhoodThreat|80\/100\n|cant|p1b: NeighborhoodThreat|flinch\n|move|p2b: The Pretender|Bullet Punch|p1b: NeighborhoodThreat\n|-supereffective|p1b: NeighborhoodThreat\n|-damage|p1b: NeighborhoodThreat|2\/100\n|move|p1a: Lando Calrissian|U-turn|p2a: Clint Eastwood\n|-supereffective|p2a: Clint Eastwood\n|-crit|p2a: Clint Eastwood\n|-damage|p2a: Clint Eastwood|34\/100\n|\n|t:|1696083574\n|switch|p1a: Honse|Virizion|100\/100|[from] U-turn\n|\n|-heal|p1b: NeighborhoodThreat|9\/100|[from] Grassy Terrain\n|-heal|p2a: Clint Eastwood|40\/100|[from] Grassy Terrain\n|upkeep\n|turn|4\n|l| JKogut\n|j| JKogut\n|\n|t:|1696083644\n|switch|p1b: Lando Calrissian|Landorus-Therian, M|100\/100\n|-ability|p1b: Lando Calrissian|Intimidate|boost\n|-unboost|p2a: Clint Eastwood|atk|1\n|-unboost|p2b: The Pretender|atk|1\n|move|p2b: The Pretender|Bullet Punch|p1b: Lando Calrissian\n|-damage|p1b: Lando Calrissian|75\/100\n|move|p1a: Honse|X-Scissor|p2a: Clint Eastwood\n|-supereffective|p2a: Clint Eastwood\n|-damage|p2a: Clint Eastwood|0 fnt\n|faint|p2a: Clint Eastwood\n|\n|-end|p2b: The Pretender|move: Taunt\n|upkeep\n|\n|t:|1696083662\n|switch|p2a: Ohio is for Lovers|Maushold-Four, tera:Ghost|100\/100\n|turn|5\n|\n|t:|1696083730\n|switch|p2b: Chop Suey|Walking Wake|100\/100\n|move|p2a: Ohio is for Lovers|U-turn|p1a: Honse\n|-damage|p1a: Honse|83\/100\n|\n|t:|1696083742\n|switch|p2a: The Pretender|Lucario-Mega, F|100\/100|[from] U-turn\n|move|p1a: Honse|Leaf Blade|p2a: The Pretender\n|-resisted|p2a: The Pretender\n|-damage|p2a: The Pretender|69\/100\n|move|p1b: Lando Calrissian|U-turn|p2a: The Pretender\n|-resisted|p2a: The Pretender\n|-damage|p2a: The Pretender|60\/100\n|\n|t:|1696083813\n|switch|p1b: Yummy in my tummy|Marshadow|100\/100|[from] U-turn\n|\n|-heal|p2a: The Pretender|66\/100|[from] Grassy Terrain\n|-heal|p1a: Honse|89\/100|[from] Grassy Terrain\n|upkeep\n|turn|6\n|\n|t:|1696083835\n|-end|p2b: Chop Suey|Protosynthesis|[silent]\n|switch|p2b: Pompeii|Torkoal, M|100\/100\n|-weather|SunnyDay|[from] ability: Drought|[of] p2b: Pompeii\n|move|p2a: The Pretender|Protect|p2a: The Pretender\n|-singleturn|p2a: The Pretender|Protect\n|move|p1b: Yummy in my tummy|Spectral Thief|p2b: Pompeii\n|-damage|p2b: Pompeii|45\/100\n|move|p1a: Honse|Leaf Blade|p2b: Pompeii\n|-resisted|p2b: Pompeii\n|-damage|p2b: Pompeii|28\/100\n|\n|-weather|SunnyDay|[upkeep]\n|-heal|p2a: The Pretender|72\/100|[from] Grassy Terrain\n|-heal|p1a: Honse|96\/100|[from] Grassy Terrain\n|-heal|p2b: Pompeii|34\/100|[from] Grassy Terrain\n|-heal|p2b: Pompeii|40\/100|[from] item: Leftovers\n|-fieldend|move: Grassy Terrain\n|upkeep\n|turn|7\n|\n|t:|1696083883\n|move|p2a: The Pretender|Bullet Punch|p1b: Yummy in my tummy\n|-damage|p1b: Yummy in my tummy|60\/100\n|move|p1b: Yummy in my tummy|Spectral Thief|p2b: Pompeii\n|-damage|p2b: Pompeii|0 fnt\n|faint|p2b: Pompeii\n|move|p1a: Honse|Leaf Blade|p2a: The Pretender\n|-resisted|p2a: The Pretender\n|-damage|p2a: The Pretender|48\/100\n|\n|-weather|SunnyDay|[upkeep]\n|upkeep\n|\n|t:|1696083899\n|switch|p2b: The Ghost of You|Ceruledge, M|100\/100\n|turn|8\n|\n|t:|1696083923\n|move|p2a: The Pretender|Bullet Punch|p1b: Yummy in my tummy\n|-damage|p1b: Yummy in my tummy|20\/100\n|move|p1b: Yummy in my tummy|Spectral Thief|p2b: The Ghost of You\n|-supereffective|p2b: The Ghost of You\n|-damage|p2b: The Ghost of You|0 fnt\n|faint|p2b: The Ghost of You\n|move|p1a: Honse|Leaf Blade|p2a: The Pretender\n|-resisted|p2a: The Pretender\n|-damage|p2a: The Pretender|22\/100\n|\n|-weather|SunnyDay|[upkeep]\n|upkeep\n|\n|t:|1696083939\n|switch|p2b: Ohio is for Lovers|Maushold-Four, tera:Ghost|100\/100\n|turn|9\n|\n|t:|1696083950\n|switch|p1b: Lando Calrissian|Landorus-Therian, M|75\/100\n|-ability|p1b: Lando Calrissian|Intimidate|boost\n|-unboost|p2a: The Pretender|atk|1\n|-unboost|p2b: Ohio is for Lovers|atk|1\n|move|p2b: Ohio is for Lovers|Follow Me|p2b: Ohio is for Lovers\n|-singleturn|p2b: Ohio is for Lovers|move: Follow Me\n|move|p2a: The Pretender|Bullet Punch|p1b: Lando Calrissian\n|-damage|p1b: Lando Calrissian|50\/100\n|-enditem|p1b: Lando Calrissian|Sitrus Berry|[eat]\n|-heal|p1b: Lando Calrissian|74\/100|[from] item: Sitrus Berry\n|move|p1a: Honse|Leaf Blade|p2b: Ohio is for Lovers\n|-damage|p2b: Ohio is for Lovers|53\/100\n|-damage|p1a: Honse|79\/100|[from] item: Rocky Helmet|[of] p2b: Ohio is for Lovers\n|\n|-weather|SunnyDay|[upkeep]\n|upkeep\n|turn|10\n|\n|t:|1696083977\n|move|p2b: Ohio is for Lovers|U-turn|p1a: Honse\n|-damage|p1a: Honse|68\/100\n|\n|t:|1696083980\n|switch|p2b: Chop Suey|Walking Wake|100\/100|[from] U-turn\n|-activate|p2b: Chop Suey|ability: Protosynthesis\n|-start|p2b: Chop Suey|protosynthesisspe\n|move|p2a: The Pretender|Close Combat|p1a: Honse\n|-damage|p1a: Honse|0 fnt\n|-unboost|p2a: The Pretender|def|1\n|-unboost|p2a: The Pretender|spd|1\n|faint|p1a: Honse\n|move|p1b: Lando Calrissian|Taunt|p2b: Chop Suey\n|-start|p2b: Chop Suey|move: Taunt\n|\n|-weather|none\n|-end|p2b: Chop Suey|Protosynthesis\n|upkeep\n|l| JKogut\n|\n|t:|1696084010\n|switch|p1a: Yummy in my tummy|Marshadow|20\/100\n|turn|11\n|j| JKogut\n|\n|t:|1696084022\n|move|p1a: Yummy in my tummy|Shadow Sneak|p2a: The Pretender\n|-damage|p2a: The Pretender|0 fnt\n|faint|p2a: The Pretender\n|move|p2b: Chop Suey|Hydro Steam|p1b: Lando Calrissian\n|-supereffective|p1b: Lando Calrissian\n|-damage|p1b: Lando Calrissian|0 fnt\n|faint|p1b: Lando Calrissian\n|\n|upkeep\n|\n|t:|1696084033\n|switch|p2a: Ohio is for Lovers|Maushold-Four, tera:Ghost|53\/100\n|switch|p1b: Millhouse|Terrakion|100\/100\n|turn|12\n|l| JKogut\n|\n|t:|1696084051\n|move|p1b: Millhouse|Protect|p1b: Millhouse\n|-singleturn|p1b: Millhouse|Protect\n|move|p2a: Ohio is for Lovers|Follow Me|p2a: Ohio is for Lovers\n|-singleturn|p2a: Ohio is for Lovers|move: Follow Me\n|move|p1a: Yummy in my tummy|Shadow Sneak|p2a: Ohio is for Lovers\n|-supereffective|p2a: Ohio is for Lovers\n|-damage|p2a: Ohio is for Lovers|0 fnt\n|-damage|p1a: Yummy in my tummy|3\/100|[from] item: Rocky Helmet|[of] p2a: Ohio is for Lovers\n|faint|p2a: Ohio is for Lovers\n|move|p2b: Chop Suey|Hydro Steam|p1a: Yummy in my tummy\n|-damage|p1a: Yummy in my tummy|0 fnt\n|faint|p1a: Yummy in my tummy\n|\n|-end|p2b: Chop Suey|move: Taunt\n|upkeep\n|\n|t:|1696084067\n|switch|p1a: NeighborhoodThreat|Whimsicott, M|9\/100\n|turn|13\n|\n|t:|1696084081\n|-terastallize|p1b: Millhouse|Steel\n|move|p1a: NeighborhoodThreat|Beat Up|p1b: Millhouse\n|-damage|p1b: Millhouse|99\/100\n|-ability|p1b: Millhouse|Justified|boost\n|-boost|p1b: Millhouse|atk|1\n|-damage|p1b: Millhouse|96\/100\n|-ability|p1b: Millhouse|Justified|boost\n|-boost|p1b: Millhouse|atk|1\n|-hitcount|p1b: Millhouse|2\n|move|p2b: Chop Suey|Hydro Steam|p1b: Millhouse\n|-damage|p1b: Millhouse|48\/100\n|-enditem|p1b: Millhouse|Sitrus Berry|[eat]\n|-heal|p1b: Millhouse|73\/100|[from] item: Sitrus Berry\n|move|p1b: Millhouse|Iron Head|p2b: Chop Suey\n|-resisted|p2b: Chop Suey\n|-damage|p2b: Chop Suey|55\/100\n|\n|upkeep\n|turn|14\n|\n|t:|1696084104\n|move|p1a: NeighborhoodThreat|Dazzling Gleam|p2b: Chop Suey\n|-supereffective|p2b: Chop Suey\n|-damage|p2b: Chop Suey|2\/100\n|move|p2b: Chop Suey|Hydro Steam|p1b: Millhouse\n|-damage|p1b: Millhouse|23\/100\n|move|p1b: Millhouse|Close Combat|p2b: Chop Suey\n|-damage|p2b: Chop Suey|0 fnt\n|-unboost|p1b: Millhouse|def|1\n|-unboost|p1b: Millhouse|spd|1\n|faint|p2b: Chop Suey\n|-end|p2b: Chop Suey|Protosynthesis|[silent]\n|\n|win|annoying oranje\n","uploadtime":1696084118,"views":11,"p1id":"annoyingoranje","p2id":"green133","formatid":"gen9nationaldexdoubles","rating":0,"private":0,"password":""}