{"id":"gen9nationaldexdoubles-1962310955","p1":"LionPro23333","p2":"MirzaMirzaMirza","format":"[Gen 9] National Dex Doubles","log":"|j|\u2606LionPro23333\n|j|\u2606MirzaMirzaMirza\n|t:|1696729832\n|gametype|doubles\n|player|p1|LionPro23333|1|1000\n|player|p2|MirzaMirzaMirza|169|1168\n|teamsize|p1|6\n|teamsize|p2|6\n|gen|9\n|tier|[Gen 9] National Dex Doubles\n|rated|\n|rule|HP Percentage Mod: HP is shown in percentages\n|rule|Endless Battle Clause: Forcing endless battles is banned\n|rule|OHKO Clause: OHKO moves are banned\n|rule|Evasion Moves Clause: Evasion moves are banned\n|rule|Evasion Abilities Clause: Evasion abilities are banned\n|rule|Species Clause: Limit one of each Pok\u00e9mon\n|rule|Gravity Sleep Clause: The combination of sleep-inducing moves with imperfect accuracy and Gravity or Gigantamax Orbeetle are banned\n|clearpoke\n|poke|p1|Ambipom, F|\n|poke|p1|Dragapult, F|\n|poke|p1|Zapdos-Galar|\n|poke|p1|Garganacl, M|\n|poke|p1|Gallade, M|\n|poke|p1|Dragonite, F|\n|poke|p2|Volcarona, F|\n|poke|p2|Smeargle, F|\n|poke|p2|Tapu Lele|\n|poke|p2|Tapu Fini|\n|poke|p2|Suicune|\n|poke|p2|Chien-Pao|\n|teampreview\n|inactive|Battle timer is ON: inactive players will automatically lose when time's up. (requested by MirzaMirzaMirza)\n|\n|t:|1696729843\n|start\n|switch|p1a: Dragapult|Dragapult, F, shiny|100\/100\n|switch|p1b: Gallade|Gallade, M|100\/100\n|switch|p2a: Miami Terror|Volcarona, F|100\/100\n|switch|p2b: Bobby Lee|Smeargle, F|100\/100\n|turn|1\n|\n|t:|1696729854\n|-terastallize|p1a: Dragapult|Ghost\n|move|p2b: Bobby Lee|King's Shield|p2b: Bobby Lee\n|-singleturn|p2b: Bobby Lee|Protect\n|move|p2a: Miami Terror|Protect|p2a: Miami Terror\n|-singleturn|p2a: Miami Terror|Protect\n|move|p1a: Dragapult|Phantom Force||[still]\n|-prepare|p1a: Dragapult|Phantom Force\n|move|p1b: Gallade|Drain Punch|p2b: Bobby Lee\n|-activate|p2b: Bobby Lee|move: Protect\n|-unboost|p1b: Gallade|atk|1\n|\n|-ability|p2b: Bobby Lee|Moody|boost\n|-boost|p2b: Bobby Lee|atk|2\n|-unboost|p2b: Bobby Lee|spd|1\n|upkeep\n|turn|2\n|\n|t:|1696729874\n|detailschange|p1b: Gallade|Gallade-Mega, M\n|-mega|p1b: Gallade|Gallade|Galladite\n|move|p2b: Bobby Lee|Follow Me|p2b: Bobby Lee\n|-singleturn|p2b: Bobby Lee|move: Follow Me\n|move|p1a: Dragapult|Phantom Force|p2b: Bobby Lee|[from]lockedmove\n|-immune|p2b: Bobby Lee\n|move|p1b: Gallade|Drain Punch|p2b: Bobby Lee\n|-supereffective|p2b: Bobby Lee\n|-enditem|p2b: Bobby Lee|Focus Sash\n|-damage|p2b: Bobby Lee|1\/100\n|move|p2a: Miami Terror|Quiver Dance|p2a: Miami Terror\n|-boost|p2a: Miami Terror|spa|1\n|-boost|p2a: Miami Terror|spd|1\n|-boost|p2a: Miami Terror|spe|1\n|\n|-ability|p2b: Bobby Lee|Moody|boost\n|-boost|p2b: Bobby Lee|spd|2\n|-unboost|p2b: Bobby Lee|atk|1\n|upkeep\n|turn|3\n|\n|t:|1696729892\n|move|p1a: Dragapult|Protect|p1a: Dragapult\n|-singleturn|p1a: Dragapult|Protect\n|move|p2b: Bobby Lee|Wide Guard|p2b: Bobby Lee\n|-singleturn|p2b: Bobby Lee|Wide Guard\n|move|p2a: Miami Terror|Quiver Dance|p2a: Miami Terror\n|-boost|p2a: Miami Terror|spa|1\n|-boost|p2a: Miami Terror|spd|1\n|-boost|p2a: Miami Terror|spe|1\n|move|p1b: Gallade|Aqua Cutter|p2a: Miami Terror\n|-supereffective|p2a: Miami Terror\n|-damage|p2a: Miami Terror|61\/100\n|\n|-heal|p2a: Miami Terror|67\/100|[from] item: Leftovers\n|-ability|p2b: Bobby Lee|Moody|boost\n|-boost|p2b: Bobby Lee|atk|2\n|-unboost|p2b: Bobby Lee|spe|1\n|upkeep\n|turn|4\n|\n|t:|1696729911\n|switch|p1a: Dragonite|Dragonite, F|100\/100\n|switch|p1b: Ambipom|Ambipom, F|100\/100\n|move|p2a: Miami Terror|Heat Wave|p1b: Ambipom|[spread] p1a,p1b\n|-resisted|p1a: Dragonite\n|-damage|p1a: Dragonite|86\/100\n|-damage|p1b: Ambipom|0 fnt\n|faint|p1b: Ambipom\n|move|p2b: Bobby Lee|Spore|p1a: Dragonite\n|-status|p1a: Dragonite|slp|[from] move: Spore\n|\n|-heal|p2a: Miami Terror|73\/100|[from] item: Leftovers\n|-ability|p2b: Bobby Lee|Moody|boost\n|-boost|p2b: Bobby Lee|atk|2\n|-unboost|p2b: Bobby Lee|spe|1\n|upkeep\n|\n|t:|1696729922\n|switch|p1b: Zapdos|Zapdos-Galar, shiny|100\/100\n|turn|5\n|\n|t:|1696729931\n|cant|p1a: Dragonite|slp\n|move|p2b: Bobby Lee|Follow Me|p2b: Bobby Lee\n|-singleturn|p2b: Bobby Lee|move: Follow Me\n|move|p2a: Miami Terror|Heat Wave|p1b: Zapdos|[spread] p1a,p1b\n|-resisted|p1a: Dragonite\n|-damage|p1a: Dragonite|55\/100 slp\n|-damage|p1b: Zapdos|30\/100\n|move|p1b: Zapdos|Brave Bird|p2b: Bobby Lee\n|-damage|p2b: Bobby Lee|0 fnt\n|faint|p2b: Bobby Lee\n|-damage|p1b: Zapdos|30\/100|[from] Recoil\n|-damage|p1b: Zapdos|20\/100|[from] item: Life Orb\n|\n|-heal|p2a: Miami Terror|79\/100|[from] item: Leftovers\n|upkeep\n|\n|t:|1696729943\n|switch|p2b: Phoebe|Tapu Lele|100\/100\n|-fieldstart|move: Psychic Terrain|[from] ability: Psychic Surge|[of] p2b: Phoebe\n|turn|6\n|\n|t:|1696729956\n|move|p2a: Miami Terror|Protect|p2a: Miami Terror\n|-singleturn|p2a: Miami Terror|Protect\n|-curestatus|p1a: Dragonite|slp|[msg]\n|move|p1a: Dragonite|Extreme Speed|p2a: Miami Terror\n|-activate|p2a: Miami Terror|move: Psychic Terrain\n|move|p1b: Zapdos|Brave Bird|p2a: Miami Terror\n|-activate|p2a: Miami Terror|move: Protect\n|move|p2b: Phoebe|Psych Up|p2a: Miami Terror\n|-copyboost|p2b: Phoebe|p2a: Miami Terror|[from] move: Psych Up\n|\n|-heal|p2a: Miami Terror|86\/100|[from] item: Leftovers\n|upkeep\n|turn|7\n|\n|t:|1696729972\n|move|p1a: Dragonite|Extreme Speed|p2a: Miami Terror\n|-activate|p2a: Miami Terror|move: Psychic Terrain\n|move|p2a: Miami Terror|Heat Wave|p1b: Zapdos|[spread] p1b\n|-miss|p2a: Miami Terror|p1a: Dragonite\n|-damage|p1b: Zapdos|0 fnt\n|faint|p1b: Zapdos\n|move|p2b: Phoebe|Dazzling Gleam|p1a: Dragonite\n|-supereffective|p1a: Dragonite\n|-damage|p1a: Dragonite|0 fnt\n|faint|p1a: Dragonite\n|\n|-heal|p2a: Miami Terror|92\/100|[from] item: Leftovers\n|upkeep\n|\n|t:|1696729983\n|switch|p1b: Dragapult|Dragapult, F, shiny, tera:Ghost|100\/100\n|switch|p1a: Gallade|Gallade-Mega, M|100\/100\n|turn|8\n|\n|t:|1696729997\n|move|p2a: Miami Terror|Heat Wave|p1a: Gallade|[spread] p1a,p1b\n|-damage|p1a: Gallade|36\/100\n|-damage|p1b: Dragapult|10\/100\n|move|p2b: Phoebe|Dazzling Gleam|p1a: Gallade|[spread] p1a,p1b\n|-supereffective|p1a: Gallade\n|-crit|p1a: Gallade\n|-damage|p1a: Gallade|0 fnt\n|-damage|p1b: Dragapult|0 fnt\n|faint|p1a: Gallade\n|faint|p1b: Dragapult\n|\n|-heal|p2a: Miami Terror|98\/100|[from] item: Leftovers\n|upkeep\n|\n|t:|1696730003\n|switch|p1b: Garganacl|Garganacl, M|100\/100\n|turn|9\n|\n|t:|1696730010\n|-terastallize|p2a: Miami Terror|Grass\n|move|p2a: Miami Terror|Giga Drain|p1b: Garganacl\n|-supereffective|p1b: Garganacl\n|-damage|p1b: Garganacl|0 fnt\n|-heal|p2a: Miami Terror|100\/100|[from] drain|[of] p1b: Garganacl\n|faint|p1b: Garganacl\n|\n|win|MirzaMirzaMirza\n|raw|LionPro23333's rating: 1000 &rarr; <strong>1000<\/strong><br \/>(+0 for losing)\n|raw|MirzaMirzaMirza's rating: 1168 &rarr; <strong>1182<\/strong><br \/>(+14 for winning)\n|l|\u2606LionPro23333\n","uploadtime":1696730019,"views":4,"p1id":"lionpro23333","p2id":"mirzamirzamirza","formatid":"gen9nationaldexdoubles","rating":1000,"private":0,"password":""}