{"id":"gen9nationaldexdoubles-1987033978","p1":"among is sus","p2":"the maraculous","format":"[Gen 9] National Dex Doubles","log":"|j|\u2606among is sus\n|j|\u2606the maraculous\n|t:|1699550697\n|gametype|doubles\n|player|p1|among is sus|jogger|1345\n|player|p2|the maraculous|dragontamer|1364\n|teamsize|p1|6\n|teamsize|p2|6\n|gen|9\n|tier|[Gen 9] National Dex Doubles\n|rated|\n|rule|HP Percentage Mod: HP is shown in percentages\n|rule|Endless Battle Clause: Forcing endless battles is banned\n|rule|OHKO Clause: OHKO moves are banned\n|rule|Evasion Moves Clause: Evasion moves are banned\n|rule|Evasion Abilities Clause: Evasion abilities are banned\n|rule|Species Clause: Limit one of each Pok\u00e9mon\n|rule|Gravity Sleep Clause: The combination of sleep-inducing moves with imperfect accuracy and Gravity or Gigantamax Orbeetle are banned\n|clearpoke\n|poke|p1|Froslass, F|\n|poke|p1|Thundurus, M|\n|poke|p1|Cresselia, F|\n|poke|p1|Scizor, M|\n|poke|p1|Chi-Yu|\n|poke|p1|Iron Hands|\n|poke|p2|Xurkitree|\n|poke|p2|Iron Valiant|\n|poke|p2|Chandelure, F|\n|poke|p2|Landorus-Therian, M|\n|poke|p2|Kartana|\n|poke|p2|Farigiraf, F|\n|teampreview\n|inactive|Battle timer is ON: inactive players will automatically lose when time's up. (requested by among is sus)\n|\n|t:|1699550726\n|start\n|switch|p1a: Froslass|Froslass, F|100\/100\n|switch|p1b: Thundurus|Thundurus, M|100\/100\n|switch|p2a: Chandelure|Chandelure, F|100\/100\n|switch|p2b: Landorus|Landorus-Therian, M|100\/100\n|-ability|p2b: Landorus|Intimidate|boost\n|-unboost|p1a: Froslass|atk|1\n|-unboost|p1b: Thundurus|atk|1\n|-item|p2a: Chandelure|Air Balloon\n|turn|1\n|\n|t:|1699550743\n|switch|p2b: Farigiraf|Farigiraf, F|100\/100\n|move|p1b: Thundurus|Rain Dance|p1b: Thundurus\n|-weather|RainDance\n|move|p1a: Froslass|Ice Beam|p2b: Farigiraf\n|-damage|p2b: Farigiraf|71\/100\n|move|p2a: Chandelure|Trick Room|p2a: Chandelure\n|-fieldstart|move: Trick Room|[of] p2a: Chandelure\n|\n|-weather|RainDance|[upkeep]\n|-heal|p2b: Farigiraf|77\/100|[from] item: Leftovers\n|upkeep\n|turn|2\n|\n|t:|1699550761\n|switch|p1a: Cresselia|Cresselia, F|100\/100\n|move|p2b: Farigiraf|Nasty Plot|p2b: Farigiraf\n|-boost|p2b: Farigiraf|spa|2\n|move|p2a: Chandelure|Imprison|p2a: Chandelure\n|-start|p2a: Chandelure|move: Imprison\n|move|p1b: Thundurus|Thunderbolt|p2b: Farigiraf\n|-damage|p2b: Farigiraf|28\/100\n|\n|-weather|RainDance|[upkeep]\n|-heal|p2b: Farigiraf|34\/100|[from] item: Leftovers\n|upkeep\n|turn|3\n|\n|t:|1699550780\n|move|p2b: Farigiraf|Twin Beam|p1b: Thundurus\n|-damage|p1b: Thundurus|57\/100\n|-damage|p1b: Thundurus|12\/100\n|-hitcount|p1b: Thundurus|2\n|move|p1a: Cresselia|Lunar Blessing|p1a: Cresselia|[spread] p1a,p1b\n|-heal|p1b: Thundurus|36\/100\n|move|p2a: Chandelure|Shadow Ball|p1a: Cresselia\n|-supereffective|p1a: Cresselia\n|-damage|p1a: Cresselia|39\/100\n|-unboost|p1a: Cresselia|spd|1\n|move|p1b: Thundurus|Thunderbolt|p2b: Farigiraf\n|-damage|p2b: Farigiraf|0 fnt\n|faint|p2b: Farigiraf\n|\n|-weather|RainDance|[upkeep]\n|-heal|p1a: Cresselia|45\/100|[from] item: Leftovers\n|upkeep\n|\n|t:|1699550793\n|switch|p2b: Xurkitree|Xurkitree|100\/100\n|turn|4\n|\n|t:|1699550805\n|move|p1a: Cresselia|Protect|p1a: Cresselia\n|-singleturn|p1a: Cresselia|Protect\n|move|p1b: Thundurus|Thunder Wave|p2a: Chandelure\n|-status|p2a: Chandelure|par\n|cant|p2a: Chandelure|par\n|move|p2b: Xurkitree|Dazzling Gleam|p1b: Thundurus|[spread] p1b\n|-activate|p1a: Cresselia|move: Protect\n|-damage|p1b: Thundurus|7\/100\n|\n|-weather|RainDance|[upkeep]\n|-heal|p1a: Cresselia|51\/100|[from] item: Leftovers\n|upkeep\n|turn|5\n|\n|t:|1699550823\n|switch|p1a: Scizor|Scizor, M|100\/100\n|move|p2a: Chandelure|Shadow Ball|p1a: Scizor\n|-damage|p1a: Scizor|44\/100\n|move|p1b: Thundurus|Thunderbolt|p2a: Chandelure\n|-damage|p2a: Chandelure|42\/100 par\n|-enditem|p2a: Chandelure|Air Balloon\n|move|p2b: Xurkitree|Dazzling Gleam|p1a: Scizor|[spread] p1a,p1b\n|-resisted|p1a: Scizor\n|-damage|p1a: Scizor|29\/100\n|-damage|p1b: Thundurus|0 fnt\n|faint|p1b: Thundurus\n|-ability|p2b: Xurkitree|Beast Boost|boost\n|-boost|p2b: Xurkitree|spa|1\n|\n|-weather|none\n|-fieldend|move: Trick Room\n|upkeep\n|\n|t:|1699550842\n|switch|p1b: Chi-Yu|Chi-Yu|100\/100\n|-ability|p1b: Chi-Yu|Beads of Ruin\n|turn|6\n|\n|t:|1699550862\n|move|p1a: Scizor|Bullet Punch|p2a: Chandelure\n|-resisted|p2a: Chandelure\n|-damage|p2a: Chandelure|12\/100 par\n|move|p1b: Chi-Yu|Heat Wave|p2a: Chandelure|[spread] p2b\n|-start|p2a: Chandelure|ability: Flash Fire\n|-damage|p2b: Xurkitree|0 fnt\n|faint|p2b: Xurkitree\n|cant|p2a: Chandelure|par\n|\n|upkeep\n|\n|t:|1699550880\n|switch|p2b: Iron Valiant|Iron Valiant|100\/100\n|turn|7\n|\n|t:|1699550887\n|move|p1a: Scizor|Bullet Punch|p2b: Iron Valiant\n|-supereffective|p2b: Iron Valiant\n|-damage|p2b: Iron Valiant|0 fnt\n|faint|p2b: Iron Valiant\n|-end|p2b: Iron Valiant|Quark Drive|[silent]\n|move|p1b: Chi-Yu|Heat Wave|p2a: Chandelure\n|-immune|p2a: Chandelure|[from] ability: Flash Fire\n|move|p2a: Chandelure|Flamethrower|p1a: Scizor\n|-supereffective|p1a: Scizor\n|-damage|p1a: Scizor|0 fnt\n|faint|p1a: Scizor\n|\n|upkeep\n|\n|t:|1699550895\n|switch|p2b: Landorus|Landorus-Therian, M|100\/100\n|switch|p1a: Froslass|Froslass, F|100\/100\n|-ability|p2b: Landorus|Intimidate|boost\n|-unboost|p1a: Froslass|atk|1\n|-unboost|p1b: Chi-Yu|atk|1\n|turn|8\n|\n|t:|1699550911\n|-terastallize|p2b: Landorus|Ground\n|move|p1a: Froslass|Ice Beam|p2b: Landorus\n|-supereffective|p2b: Landorus\n|-damage|p2b: Landorus|55\/100\n|move|p1b: Chi-Yu|Heat Wave|p2b: Landorus|[spread] p2b\n|-immune|p2a: Chandelure|[from] ability: Flash Fire\n|-damage|p2b: Landorus|0 fnt\n|faint|p2b: Landorus\n|cant|p2a: Chandelure|par\n|\n|upkeep\n|-message|the maraculous forfeited.\n|\n|win|among is sus\n|raw|among is sus's rating: 1345 &rarr; <strong>1366<\/strong><br \/>(+21 for winning)\n|raw|the maraculous's rating: 1364 &rarr; <strong>1343<\/strong><br \/>(-21 for losing)\n|l|\u2606among is sus\n","uploadtime":1699550927,"views":10,"p1id":"amongissus","p2id":"themaraculous","formatid":"gen9nationaldexdoubles","rating":1343,"private":0,"password":""}