{"id":"gen9nationaldexdoubles-1948015323","p1":"HungAtHalfMast","p2":"SchmooMaster","format":"[Gen 9] National Dex Doubles","log":"|j|\u2606HungAtHalfMast\n|j|\u2606SchmooMaster\n|t:|1695224187\n|gametype|doubles\n|player|p1|HungAtHalfMast|1|1107\n|player|p2|SchmooMaster|hilbert|1196\n|teamsize|p1|6\n|teamsize|p2|6\n|gen|9\n|tier|[Gen 9] National Dex Doubles\n|rated|\n|rule|HP Percentage Mod: HP is shown in percentages\n|rule|Endless Battle Clause: Forcing endless battles is banned\n|rule|OHKO Clause: OHKO moves are banned\n|rule|Evasion Moves Clause: Evasion moves are banned\n|rule|Evasion Abilities Clause: Evasion abilities are banned\n|rule|Species Clause: Limit one of each Pok\u00e9mon\n|rule|Gravity Sleep Clause: The combination of sleep-inducing moves with imperfect accuracy and Gravity or Gigantamax Orbeetle are banned\n|clearpoke\n|poke|p1|Clefable, M|\n|poke|p1|Qwilfish-Hisui, F|\n|poke|p1|Goodra-Hisui, F|\n|poke|p1|Conkeldurr, M|\n|poke|p1|Morpeko, M|\n|poke|p1|Shaymin-Sky|\n|poke|p2|Politoed, F|\n|poke|p2|Kingdra, F|\n|poke|p2|Ferrothorn, M|\n|poke|p2|Thundurus, M|\n|poke|p2|Conkeldurr, F|\n|poke|p2|Metagross|\n|teampreview\n|\n|t:|1695224215\n|start\n|switch|p1a: Morpeko|Morpeko, M|100\/100\n|switch|p1b: Qwilfish|Qwilfish-Hisui, F|100\/100\n|switch|p2a: Thundurus|Thundurus, M|100\/100\n|switch|p2b: Metagross|Metagross, shiny|100\/100\n|-ability|p1b: Qwilfish|Intimidate|boost\n|-unboost|p2a: Thundurus|atk|1\n|-fail|p2b: Metagross|unboost|[from] ability: Clear Body|[of] p2b: Metagross\n|turn|1\n|\n|t:|1695224262\n|move|p2a: Thundurus|Substitute|p2a: Thundurus\n|-start|p2a: Thundurus|Substitute\n|-damage|p2a: Thundurus|75\/100\n|move|p1a: Morpeko|Brick Break|p2b: Metagross\n|-damage|p2b: Metagross|75\/100\n|move|p1b: Qwilfish|Acupressure|p1a: Morpeko\n|-boost|p1a: Morpeko|atk|2\n|move|p2b: Metagross|Earthquake|p1a: Morpeko|[spread] p1a,p1b\n|-immune|p2a: Thundurus\n|-supereffective|p1a: Morpeko\n|-supereffective|p1b: Qwilfish\n|-crit|p1b: Qwilfish\n|-damage|p1a: Morpeko|0 fnt\n|-damage|p1b: Qwilfish|34\/100\n|faint|p1a: Morpeko\n|\n|upkeep\n|\n|t:|1695224285\n|switch|p1a: Conkeldurr|Conkeldurr, M|100\/100\n|turn|2\n|\n|t:|1695224298\n|move|p2a: Thundurus|Thunder Wave|p1a: Conkeldurr\n|-status|p1a: Conkeldurr|par\n|move|p1b: Qwilfish|Barb Barrage|p2a: Thundurus\n|-end|p2a: Thundurus|Substitute\n|move|p2b: Metagross|Earthquake|p1a: Conkeldurr|[spread] p1a,p1b\n|-immune|p2a: Thundurus\n|-supereffective|p1b: Qwilfish\n|-damage|p1a: Conkeldurr|76\/100 par\n|-damage|p1b: Qwilfish|0 fnt\n|faint|p1b: Qwilfish\n|move|p1a: Conkeldurr|Power-Up Punch|p2b: Metagross\n|-damage|p2b: Metagross|54\/100\n|-boost|p1a: Conkeldurr|atk|1\n|\n|upkeep\n|\n|t:|1695224318\n|switch|p1b: Shaymin|Shaymin-Sky|100\/100\n|turn|3\n|\n|t:|1695224329\n|move|p2b: Metagross|Protect|p2b: Metagross\n|-singleturn|p2b: Metagross|Protect\n|move|p2a: Thundurus|Thunder|p1b: Shaymin\n|-damage|p1b: Shaymin|27\/100\n|move|p1b: Shaymin|Tailwind|p1b: Shaymin\n|-sidestart|p1: HungAtHalfMast|move: Tailwind\n|move|p1a: Conkeldurr|Power-Up Punch|p2b: Metagross\n|-activate|p2b: Metagross|move: Protect\n|\n|upkeep\n|turn|4\n|\n|t:|1695224358\n|move|p1b: Shaymin|Seed Flare|p2b: Metagross\n|-resisted|p2b: Metagross\n|-damage|p2b: Metagross|12\/100\n|move|p2a: Thundurus|Hidden Power|p1b: Shaymin\n|-supereffective|p1b: Shaymin\n|-damage|p1b: Shaymin|0 fnt\n|faint|p1b: Shaymin\n|move|p2b: Metagross|Meteor Mash|p1a: Conkeldurr|[miss]\n|-miss|p2b: Metagross|p1a: Conkeldurr\n|move|p1a: Conkeldurr|Ice Punch|p2a: Thundurus\n|-supereffective|p2a: Thundurus\n|-enditem|p2a: Thundurus|Yache Berry|[eat]\n|-enditem|p2a: Thundurus|Yache Berry|[weaken]\n|-damage|p2a: Thundurus|0 fnt\n|faint|p2a: Thundurus\n|\n|upkeep\n|\n|t:|1695224377\n|switch|p2a: Politoed|Politoed, F|100\/100\n|switch|p1b: Clefable|Clefable, M|100\/100\n|-weather|RainDance|[from] ability: Drizzle|[of] p2a: Politoed\n|turn|5\n|\n|t:|1695224390\n|move|p2b: Metagross|Bullet Punch|p1b: Clefable\n|-supereffective|p1b: Clefable\n|-damage|p1b: Clefable|60\/100\n|move|p1a: Conkeldurr|Mach Punch|p2b: Metagross\n|-damage|p2b: Metagross|0 fnt\n|faint|p2b: Metagross\n|move|p1b: Clefable|Solar Beam||[still]\n|-prepare|p1b: Clefable|Solar Beam\n|-enditem|p1b: Clefable|Power Herb\n|-anim|p1b: Clefable|Solar Beam|p2a: Politoed\n|-supereffective|p2a: Politoed\n|-damage|p2a: Politoed|80\/100\n|move|p2a: Politoed|Hydro Pump|p1a: Conkeldurr\n|-damage|p1a: Conkeldurr|6\/100 par\n|\n|-weather|RainDance|[upkeep]\n|upkeep\n|\n|t:|1695224405\n|switch|p2b: Ferrothorn|Ferrothorn, M|100\/100\n|turn|6\n|\n|t:|1695224443\n|move|p2a: Politoed|Protect|p2a: Politoed\n|-singleturn|p2a: Politoed|Protect\n|move|p1a: Conkeldurr|Mach Punch|p2a: Politoed\n|-activate|p2a: Politoed|move: Protect\n|move|p1b: Clefable|Recycle|p1b: Clefable\n|-item|p1b: Clefable|Power Herb|[from] move: Recycle\n|move|p2b: Ferrothorn|Gyro Ball|p1b: Clefable\n|-supereffective|p1b: Clefable\n|-damage|p1b: Clefable|0 fnt\n|faint|p1b: Clefable\n|\n|-weather|RainDance|[upkeep]\n|-sideend|p1: HungAtHalfMast|move: Tailwind\n|upkeep\n|\n|t:|1695224457\n|switch|p1b: Goodra|Goodra-Hisui, F|100\/100\n|turn|7\n|\n|t:|1695224470\n|move|p1a: Conkeldurr|Mach Punch|p2b: Ferrothorn\n|-supereffective|p2b: Ferrothorn\n|-damage|p2b: Ferrothorn|42\/100\n|move|p2a: Politoed|Icy Wind|p1a: Conkeldurr|[spread] p1a,p1b\n|-damage|p1a: Conkeldurr|0 fnt\n|-damage|p1b: Goodra|94\/100\n|-unboost|p1b: Goodra|spe|1\n|faint|p1a: Conkeldurr\n|move|p1b: Goodra|Acid Spray|p2a: Politoed\n|-damage|p2a: Politoed|70\/100\n|-unboost|p2a: Politoed|spd|2\n|-damage|p1b: Goodra|85\/100|[from] item: Life Orb\n|move|p2b: Ferrothorn|Leech Seed|p1b: Goodra\n|-ability|p1b: Goodra|Sap Sipper|boost\n|-boost|p1b: Goodra|atk|1\n|\n|-weather|RainDance|[upkeep]\n|-heal|p2b: Ferrothorn|48\/100|[from] item: Leftovers\n|upkeep\n|turn|8\n|\n|t:|1695224502\n|switch|p2b: Conkeldurr|Conkeldurr, F|100\/100\n|move|p2a: Politoed|Protect|p2a: Politoed\n|-singleturn|p2a: Politoed|Protect\n|move|p1b: Goodra|Dragon Pulse|p2a: Politoed\n|-activate|p2a: Politoed|move: Protect\n|\n|-weather|RainDance|[upkeep]\n|-status|p2b: Conkeldurr|brn|[from] item: Flame Orb\n|upkeep\n|turn|9\n|\n|t:|1695224521\n|move|p2a: Politoed|Hydro Pump|p1b: Goodra|[miss]\n|-miss|p2a: Politoed|p1b: Goodra\n|move|p1b: Goodra|Dragon Pulse|p2a: Politoed\n|-damage|p2a: Politoed|0 fnt\n|faint|p2a: Politoed\n|-damage|p1b: Goodra|75\/100|[from] item: Life Orb\n|move|p2b: Conkeldurr|Drain Punch|p1b: Goodra\n|-supereffective|p1b: Goodra\n|-damage|p1b: Goodra|0 fnt\n|faint|p1b: Goodra\n|\n|win|SchmooMaster\n|raw|HungAtHalfMast's rating: 1107 &rarr; <strong>1088<\/strong><br \/>(-19 for losing)\n|raw|SchmooMaster's rating: 1196 &rarr; <strong>1215<\/strong><br \/>(+19 for winning)\n|c|\u2606SchmooMaster|ggwp\n|l|\u2606HungAtHalfMast\n","uploadtime":1695224542,"views":19,"p1id":"hungathalfmast","p2id":"schmoomaster","formatid":"gen9nationaldexdoubles","rating":1088,"private":0,"password":""}