{"id":"gen9nationaldexdoubles-1994351555","p1":"xephos223","p2":"Vican259","format":"[Gen 9] National Dex Doubles","log":"|j|\u2606xephos223\n|j|\u2606Vican259\n|t:|1700434106\n|gametype|doubles\n|player|p1|xephos223|gambler|\n|player|p2|Vican259|bellelba|\n|teamsize|p1|6\n|teamsize|p2|6\n|gen|9\n|tier|[Gen 9] National Dex Doubles\n|rule|HP Percentage Mod: HP is shown in percentages\n|rule|Endless Battle Clause: Forcing endless battles is banned\n|rule|OHKO Clause: OHKO moves are banned\n|rule|Evasion Moves Clause: Evasion moves are banned\n|rule|Evasion Abilities Clause: Evasion abilities are banned\n|rule|Species Clause: Limit one of each Pok\u00e9mon\n|rule|Gravity Sleep Clause: The combination of sleep-inducing moves with imperfect accuracy and Gravity or Gigantamax Orbeetle are banned\n|clearpoke\n|poke|p1|Gallade, M|\n|poke|p1|Garchomp, F|\n|poke|p1|Magnezone|\n|poke|p1|Gastrodon, M|\n|poke|p1|Togekiss, F|\n|poke|p1|Lucario, M|\n|poke|p2|Stakataka|\n|poke|p2|Araquanid, F|\n|poke|p2|Buzzwole|\n|poke|p2|Guzzlord|\n|poke|p2|Blacephalon|\n|poke|p2|Celesteela|\n|teampreview\n|\n|t:|1700434117\n|start\n|switch|p1a: OU|Garchomp, F|100\/100\n|switch|p1b: Beep Boop|Magnezone|100\/100\n|switch|p2a: Araquanid|Araquanid, F|100\/100\n|switch|p2b: Blacephalon|Blacephalon|100\/100\n|turn|1\n|\n|t:|1700434131\n|switch|p1b: :)|Togekiss, F|100\/100\n|move|p2b: Blacephalon|Fire Blast|p1b: :)\n|-damage|p1b: :)|5\/100\n|-enditem|p1b: :)|Salac Berry|[eat]\n|-boost|p1b: :)|spe|1|[from] item: Salac Berry\n|move|p1a: OU|Earthquake|p2a: Araquanid|[spread] p2a,p2b\n|-immune|p1b: :)\n|-resisted|p2a: Araquanid\n|-supereffective|p2b: Blacephalon\n|-damage|p2a: Araquanid|80\/100\n|-damage|p2b: Blacephalon|0 fnt\n|faint|p2b: Blacephalon\n|move|p2a: Araquanid|Liquidation|p1b: :)\n|-damage|p1b: :)|0 fnt\n|faint|p1b: :)\n|\n|upkeep\n|\n|t:|1700434151\n|switch|p2b: Guzzlord|Guzzlord|100\/100\n|switch|p1b: Beep Boop|Magnezone|100\/100\n|turn|2\n|\n|t:|1700434184\n|switch|p2b: Celesteela|Celesteela|100\/100\n|switch|p2a: Stakataka|Stakataka|100\/100\n|-terastallize|p1a: OU|Steel\n|move|p1a: OU|Outrage|p2a: Stakataka\n|-resisted|p2a: Stakataka\n|-damage|p2a: Stakataka|84\/100\n|move|p1b: Beep Boop|Discharge|p2a: Stakataka|[spread] p1a,p2a,p2b\n|-supereffective|p2b: Celesteela\n|-damage|p1a: OU|62\/100\n|-damage|p2a: Stakataka|53\/100\n|-damage|p2b: Celesteela|56\/100\n|-status|p1a: OU|par\n|\n|-heal|p2b: Celesteela|62\/100|[from] item: Leftovers\n|-heal|p2a: Stakataka|59\/100|[from] item: Leftovers\n|upkeep\n|turn|3\n|\n|t:|1700434215\n|move|p2b: Celesteela|Protect|p2b: Celesteela\n|-singleturn|p2b: Celesteela|Protect\n|cant|p1a: OU|par\n|move|p1b: Beep Boop|Reflect|p1b: Beep Boop\n|-sidestart|p1: xephos223|Reflect\n|move|p2a: Stakataka|Body Press|p1b: Beep Boop\n|-supereffective|p1b: Beep Boop\n|-damage|p1b: Beep Boop|53\/100\n|-damage|p2a: Stakataka|43\/100|[from] item: Rocky Helmet|[of] p1b: Beep Boop\n|\n|-heal|p2b: Celesteela|68\/100|[from] item: Leftovers\n|-heal|p2a: Stakataka|49\/100|[from] item: Leftovers\n|upkeep\n|turn|4\n|\n|t:|1700434253\n|switch|p1a: Budget Swampert|Gastrodon, M|100\/100\n|-terastallize|p2b: Celesteela|Steel\n|move|p1b: Beep Boop|Discharge|p2b: Celesteela|[spread] p2a,p2b\n|-immune|p1a: Budget Swampert\n|-damage|p2a: Stakataka|23\/100\n|-damage|p2b: Celesteela|45\/100\n|move|p2b: Celesteela|Flamethrower|p1b: Beep Boop\n|-supereffective|p1b: Beep Boop\n|-damage|p1b: Beep Boop|2\/100\n|move|p2a: Stakataka|Body Press|p1a: Budget Swampert\n|-damage|p1a: Budget Swampert|75\/100\n|\n|-heal|p2b: Celesteela|51\/100|[from] item: Leftovers\n|-heal|p1a: Budget Swampert|81\/100|[from] item: Leftovers\n|-heal|p2a: Stakataka|29\/100|[from] item: Leftovers\n|upkeep\n|turn|5\n|\n|t:|1700434287\n|move|p2b: Celesteela|Protect|p2b: Celesteela\n|-singleturn|p2b: Celesteela|Protect\n|move|p1b: Beep Boop|Discharge|p2b: Celesteela|[spread] p2a\n|-activate|p2b: Celesteela|move: Protect\n|-immune|p1a: Budget Swampert\n|-damage|p2a: Stakataka|1\/100\n|move|p1a: Budget Swampert|Earthquake|p2a: Stakataka|[spread] p1b,p2a\n|-activate|p2b: Celesteela|move: Protect\n|-supereffective|p1b: Beep Boop\n|-supereffective|p2a: Stakataka\n|-damage|p1b: Beep Boop|0 fnt\n|-damage|p2a: Stakataka|0 fnt\n|faint|p1b: Beep Boop\n|faint|p2a: Stakataka\n|\n|-heal|p2b: Celesteela|57\/100|[from] item: Leftovers\n|-heal|p1a: Budget Swampert|87\/100|[from] item: Leftovers\n|upkeep\n|\n|t:|1700434308\n|switch|p1b: Not a Mega|Lucario, M|100\/100\n|switch|p2a: Buzzwole|Buzzwole|100\/100\n|turn|6\n|\n|t:|1700434326\n|detailschange|p1b: Not a Mega|Lucario-Mega, M\n|-mega|p1b: Not a Mega|Lucario|Lucarionite\n|move|p1b: Not a Mega|Close Combat|p2b: Celesteela\n|-supereffective|p2b: Celesteela\n|-damage|p2b: Celesteela|0 fnt\n|-unboost|p1b: Not a Mega|def|1\n|-unboost|p1b: Not a Mega|spd|1\n|faint|p2b: Celesteela\n|move|p2a: Buzzwole|Hammer Arm|p1b: Not a Mega\n|-supereffective|p1b: Not a Mega\n|-damage|p1b: Not a Mega|0 fnt\n|-unboost|p2a: Buzzwole|spe|1\n|faint|p1b: Not a Mega\n|-ability|p2a: Buzzwole|Beast Boost|boost\n|-boost|p2a: Buzzwole|def|1\n|move|p1a: Budget Swampert|Ice Beam|p2a: Buzzwole\n|-damage|p2a: Buzzwole|66\/100\n|\n|-heal|p2a: Buzzwole|72\/100|[from] item: Leftovers\n|-heal|p1a: Budget Swampert|93\/100|[from] item: Leftovers\n|upkeep\n|\n|t:|1700434345\n|switch|p1b: My Boy|Gallade, M|100\/100\n|switch|p2b: Guzzlord|Guzzlord|100\/100\n|turn|7\n|\n|t:|1700434395\n|switch|p2b: Araquanid|Araquanid, F|80\/100\n|move|p1b: My Boy|Sacred Sword|p2b: Araquanid\n|-resisted|p2b: Araquanid\n|-crit|p2b: Araquanid\n|-damage|p2b: Araquanid|31\/100\n|move|p2a: Buzzwole|Roost|p2a: Buzzwole\n|-heal|p2a: Buzzwole|100\/100\n|-singleturn|p2a: Buzzwole|move: Roost\n|move|p1a: Budget Swampert|Ice Beam|p2b: Araquanid\n|-resisted|p2b: Araquanid\n|-damage|p2b: Araquanid|20\/100\n|-enditem|p2b: Araquanid|Figy Berry|[eat]\n|-heal|p2b: Araquanid|53\/100|[from] item: Figy Berry\n|\n|-heal|p1a: Budget Swampert|99\/100|[from] item: Leftovers\n|-sideend|p1: xephos223|Reflect\n|upkeep\n|turn|8\n|\n|t:|1700434427\n|move|p2b: Araquanid|Protect|p2b: Araquanid\n|-singleturn|p2b: Araquanid|Protect\n|move|p1b: My Boy|Sacred Sword|p2b: Araquanid\n|-activate|p2b: Araquanid|move: Protect\n|move|p2a: Buzzwole|Earthquake|p1a: Budget Swampert|[spread] p1a,p1b\n|-activate|p2b: Araquanid|move: Protect\n|-damage|p1a: Budget Swampert|73\/100\n|-damage|p1b: My Boy|58\/100\n|move|p1a: Budget Swampert|Ice Beam|p2b: Araquanid\n|-activate|p2b: Araquanid|move: Protect\n|\n|-heal|p1a: Budget Swampert|79\/100|[from] item: Leftovers\n|upkeep\n|turn|9\n|\n|t:|1700434473\n|move|p1b: My Boy|Sacred Sword|p2b: Araquanid\n|-resisted|p2b: Araquanid\n|-damage|p2b: Araquanid|22\/100\n|move|p2a: Buzzwole|Hammer Arm|p1b: My Boy\n|-resisted|p1b: My Boy\n|-damage|p1b: My Boy|21\/100\n|-unboost|p2a: Buzzwole|spe|1\n|move|p2b: Araquanid|Bug Bite|p1b: My Boy\n|-damage|p1b: My Boy|0 fnt\n|faint|p1b: My Boy\n|move|p1a: Budget Swampert|Ice Beam|p2b: Araquanid\n|-resisted|p2b: Araquanid\n|-damage|p2b: Araquanid|11\/100\n|\n|-heal|p1a: Budget Swampert|85\/100|[from] item: Leftovers\n|upkeep\n|\n|t:|1700434487\n|switch|p1b: OU|Garchomp, F, tera:Steel|62\/100 par\n|turn|10\n|\n|t:|1700434493\n|move|p2b: Araquanid|Protect|p2b: Araquanid\n|-singleturn|p2b: Araquanid|Protect\n|cant|p1b: OU|par\n|move|p1a: Budget Swampert|Ice Beam|p2b: Araquanid\n|-activate|p2b: Araquanid|move: Protect\n|move|p2a: Buzzwole|Earthquake|p1b: OU|[spread] p1a,p1b\n|-activate|p2b: Araquanid|move: Protect\n|-supereffective|p1b: OU\n|-damage|p1a: Budget Swampert|62\/100\n|-damage|p1b: OU|18\/100 par\n|\n|-heal|p1a: Budget Swampert|68\/100|[from] item: Leftovers\n|upkeep\n|turn|11\n|\n|t:|1700434517\n|move|p1b: OU|Outrage|p2a: Buzzwole\n|-damage|p2a: Buzzwole|79\/100\n|move|p2b: Araquanid|Bug Bite|p1a: Budget Swampert\n|-damage|p1a: Budget Swampert|45\/100\n|move|p1a: Budget Swampert|Ice Beam|p2a: Buzzwole\n|-damage|p2a: Buzzwole|45\/100\n|move|p2a: Buzzwole|Earthquake|p1b: OU|[spread] p2b,p1a,p1b\n|-resisted|p2b: Araquanid\n|-supereffective|p1b: OU\n|-damage|p2b: Araquanid|0 fnt\n|-damage|p1a: Budget Swampert|22\/100\n|-damage|p1b: OU|0 fnt\n|faint|p2b: Araquanid\n|faint|p1b: OU\n|-ability|p2a: Buzzwole|Beast Boost|boost\n|-boost|p2a: Buzzwole|def|2\n|\n|-heal|p1a: Budget Swampert|28\/100|[from] item: Leftovers\n|-heal|p2a: Buzzwole|52\/100|[from] item: Leftovers\n|upkeep\n|\n|t:|1700434534\n|switch|p2b: Guzzlord|Guzzlord|100\/100\n|turn|12\n|\n|t:|1700434546\n|-zpower|p2b: Guzzlord\n|move|p2b: Guzzlord|Devastating Drake|p1a: Budget Swampert|[zeffect]\n|-damage|p1a: Budget Swampert|0 fnt\n|faint|p1a: Budget Swampert\n|\n|win|Vican259\n","uploadtime":1700434556,"views":4,"p1id":"xephos223","p2id":"vican259","formatid":"gen9nationaldexdoubles","rating":0,"private":0,"password":""}