{"id":"gen9nationaldexdoubles-1984941272","p1":"aef dgsdrg","p2":"HonorHuawei","format":"[Gen 9] National Dex Doubles","log":"|j|\u2606aef dgsdrg\n|j|\u2606HonorHuawei\n|t:|1699313030\n|gametype|doubles\n|player|p1|aef dgsdrg|lucas|1093\n|player|p2|HonorHuawei|unknown|1038\n|teamsize|p1|6\n|teamsize|p2|6\n|gen|9\n|tier|[Gen 9] National Dex Doubles\n|rated|\n|rule|HP Percentage Mod: HP is shown in percentages\n|rule|Endless Battle Clause: Forcing endless battles is banned\n|rule|OHKO Clause: OHKO moves are banned\n|rule|Evasion Moves Clause: Evasion moves are banned\n|rule|Evasion Abilities Clause: Evasion abilities are banned\n|rule|Species Clause: Limit one of each Pok\u00e9mon\n|rule|Gravity Sleep Clause: The combination of sleep-inducing moves with imperfect accuracy and Gravity or Gigantamax Orbeetle are banned\n|clearpoke\n|poke|p1|Sinistcha-Masterpiece|\n|poke|p1|Rillaboom, M|\n|poke|p1|Jirachi|\n|poke|p1|Ursaluna, F|\n|poke|p1|Oranguru, F|\n|poke|p1|Indeedee-F, F|\n|poke|p2|Venusaur, F|\n|poke|p2|Charizard, F|\n|poke|p2|Greninja-*, M|\n|poke|p2|Politoed, M|\n|poke|p2|Exploud, F|\n|poke|p2|Salazzle, F|\n|teampreview\n|inactive|Battle timer is ON: inactive players will automatically lose when time's up. (requested by HonorHuawei)\n|\n|t:|1699313037\n|start\n|switch|p1a: Rillaboom|Rillaboom, M|100\/100\n|switch|p1b: Sinistcha|Sinistcha-Masterpiece|100\/100\n|switch|p2a: Plant|Venusaur, F|100\/100\n|switch|p2b: Splash|Greninja, M|100\/100\n|-fieldstart|move: Grassy Terrain|[from] ability: Grassy Surge|[of] p1a: Rillaboom\n|turn|1\n|\n|t:|1699313058\n|move|p1a: Rillaboom|Fake Out|p2b: Splash\n|-damage|p2b: Splash|74\/100\n|cant|p2b: Splash|flinch\n|move|p2a: Plant|Sludge Bomb|p1a: Rillaboom\n|-supereffective|p1a: Rillaboom\n|-damage|p1a: Rillaboom|13\/100\n|-zpower|p1b: Sinistcha\n|move|p1b: Sinistcha|Z-Trick Room|p1b: Sinistcha|[anim]Trick Room\n|-boost|p1b: Sinistcha|accuracy|1|[zeffect]\n|-fieldstart|move: Trick Room|[of] p1b: Sinistcha\n|\n|-heal|p1a: Rillaboom|19\/100|[from] Grassy Terrain\n|-heal|p2b: Splash|80\/100|[from] Grassy Terrain\n|upkeep\n|turn|2\n|\n|t:|1699313084\n|detailschange|p2a: Plant|Venusaur-Mega, F\n|-mega|p2a: Plant|Venusaur|Venusaurite\n|-terastallize|p2b: Splash|Dark\n|move|p1b: Sinistcha|Matcha Gotcha|p2b: Splash|[spread] p2a,p2b\n|-resisted|p2a: Plant\n|-damage|p2a: Plant|92\/100\n|-damage|p2b: Splash|15\/100\n|move|p1a: Rillaboom|U-turn|p2a: Plant\n|-damage|p2a: Plant|66\/100\n|\n|t:|1699313092\n|switch|p1a: Ursaluna|Ursaluna, F|100\/100|[from] U-turn\n|move|p2a: Plant|Sludge Bomb|p1b: Sinistcha\n|-damage|p1b: Sinistcha|49\/100\n|move|p2b: Splash|Dark Pulse|p1b: Sinistcha\n|-supereffective|p1b: Sinistcha\n|-damage|p1b: Sinistcha|0 fnt\n|faint|p1b: Sinistcha\n|-damage|p2b: Splash|5\/100|[from] item: Life Orb\n|\n|-heal|p2a: Plant|72\/100|[from] Grassy Terrain\n|-heal|p2b: Splash|11\/100|[from] Grassy Terrain\n|-status|p1a: Ursaluna|brn|[from] item: Flame Orb\n|upkeep\n|\n|t:|1699313108\n|switch|p1b: Oranguru|Oranguru, F|100\/100\n|turn|3\n|\n|t:|1699313114\n|move|p1a: Ursaluna|Facade|p2a: Plant\n|-damage|p2a: Plant|0 fnt\n|faint|p2a: Plant\n|move|p1b: Oranguru|Instruct|p1a: Ursaluna\n|-singleturn|p1a: Ursaluna|move: Instruct|[of] p1b: Oranguru\n|move|p1a: Ursaluna|Facade|p2b: Splash\n|-damage|p2b: Splash|0 fnt\n|faint|p2b: Splash\n|\n|-damage|p1a: Ursaluna|94\/100 brn|[from] brn\n|upkeep\n|\n|t:|1699313125\n|switch|p2a: Burn Baby|Charizard, F|100\/100\n|switch|p2b: Croak|Politoed, M|100\/100\n|-weather|RainDance|[from] ability: Drizzle|[of] p2b: Croak\n|turn|4\n|\n|t:|1699313132\n|move|p1a: Ursaluna|Facade|p2b: Croak\n|-damage|p2b: Croak|0 fnt\n|faint|p2b: Croak\n|move|p1b: Oranguru|Instruct|p1a: Ursaluna\n|-singleturn|p1a: Ursaluna|move: Instruct|[of] p1b: Oranguru\n|move|p1a: Ursaluna|Facade|p2a: Burn Baby\n|-damage|p2a: Burn Baby|0 fnt\n|faint|p2a: Burn Baby\n|\n|-weather|RainDance|[upkeep]\n|-heal|p1a: Ursaluna|100\/100 brn|[from] Grassy Terrain\n|-damage|p1a: Ursaluna|94\/100 brn|[from] brn\n|upkeep\n|\n|t:|1699313147\n|switch|p2b: YouCantHandleThis!|Salazzle, F|100\/100\n|switch|p2a: YourScreamTail?|Exploud, F|100\/100\n|turn|5\n|\n|t:|1699313158\n|move|p1a: Ursaluna|Facade|p2a: YourScreamTail?\n|-damage|p2a: YourScreamTail?|0 fnt\n|faint|p2a: YourScreamTail?\n|move|p1b: Oranguru|Instruct|p1a: Ursaluna\n|-singleturn|p1a: Ursaluna|move: Instruct|[of] p1b: Oranguru\n|move|p1a: Ursaluna|Facade|p2b: YouCantHandleThis!\n|-damage|p2b: YouCantHandleThis!|0 fnt\n|faint|p2b: YouCantHandleThis!\n|\n|win|aef dgsdrg\n|raw|aef dgsdrg's rating: 1093 &rarr; <strong>1115<\/strong><br \/>(+22 for winning)\n|raw|HonorHuawei's rating: 1038 &rarr; <strong>1025<\/strong><br \/>(-13 for losing)\n|l|\u2606HonorHuawei\n","uploadtime":1699313165,"views":5,"p1id":"aefdgsdrg","p2id":"honorhuawei","formatid":"gen9nationaldexdoubles","rating":1025,"private":0,"password":""}