{"id":"gen9nationaldexdoubles-1972730409","p1":"eevee 532","p2":"KingGodzila","format":"[Gen 9] National Dex Doubles","log":"|j|\u203deevee 532\n|j|\u2606KingGodzila\n|t:|1697886097\n|gametype|doubles\n|player|p1|eevee 532|heroine2-conquest|1145\n|player|p2|KingGodzila|bugsy|1294\n|teamsize|p1|6\n|teamsize|p2|6\n|gen|9\n|tier|[Gen 9] National Dex Doubles\n|rated|\n|rule|HP Percentage Mod: HP is shown in percentages\n|rule|Endless Battle Clause: Forcing endless battles is banned\n|rule|OHKO Clause: OHKO moves are banned\n|rule|Evasion Moves Clause: Evasion moves are banned\n|rule|Evasion Abilities Clause: Evasion abilities are banned\n|rule|Species Clause: Limit one of each Pok\u00e9mon\n|rule|Gravity Sleep Clause: The combination of sleep-inducing moves with imperfect accuracy and Gravity or Gigantamax Orbeetle are banned\n|clearpoke\n|poke|p1|Eevee, M|\n|poke|p1|Indeedee-F, F|\n|poke|p1|Krookodile, F|\n|poke|p1|Smeargle, F|\n|poke|p1|Espeon, M|\n|poke|p1|Urshifu-*, F|\n|poke|p2|Vikavolt, M|\n|poke|p2|Lokix, M|\n|poke|p2|Golisopod, M|\n|poke|p2|Cresselia, F|\n|poke|p2|Escavalier, M|\n|poke|p2|Charjabug, M|\n|teampreview\n|inactive|Battle timer is ON: inactive players will automatically lose when time's up. (requested by eevee 532)\n|\n|t:|1697886104\n|start\n|switch|p1a: Eevee|Eevee, M|100\/100\n|switch|p1b: Smeargle|Smeargle, F|100\/100\n|switch|p2a: \u7f8e\u68a6\u8001\u5988|Cresselia, F|100\/100\n|switch|p2b: \u80fd\u8fdb\u80fd\u9000\u65b9\u6b66\u8005|Golisopod, M, shiny|100\/100\n|turn|1\n|\n|t:|1697886133\n|move|p1a: Eevee|Protect|p1a: Eevee\n|-singleturn|p1a: Eevee|Protect\n|move|p2b: \u80fd\u8fdb\u80fd\u9000\u65b9\u6b66\u8005|First Impression|p1a: Eevee\n|-activate|p1a: Eevee|move: Protect\n|move|p1b: Smeargle|Taunt|p2a: \u7f8e\u68a6\u8001\u5988\n|-start|p2a: \u7f8e\u68a6\u8001\u5988|move: Taunt\n|move|p2a: \u7f8e\u68a6\u8001\u5988|Dazzling Gleam|p1b: Smeargle|[spread] p1b\n|-activate|p1a: Eevee|move: Protect\n|-damage|p1b: Smeargle|79\/100\n|\n|-ability|p1b: Smeargle|Moody|boost\n|-boost|p1b: Smeargle|spe|2\n|-unboost|p1b: Smeargle|def|1\n|upkeep\n|turn|2\n|\n|t:|1697886158\n|switch|p2a: \u70c8\u817f\u8757\u4fa0|Lokix, M|100\/100\n|move|p1b: Smeargle|Follow Me|p1b: Smeargle\n|-singleturn|p1b: Smeargle|move: Follow Me\n|-zpower|p1a: Eevee\n|move|p1a: Eevee|Extreme Evoboost|p1a: Eevee\n|-boost|p1a: Eevee|atk|2\n|-boost|p1a: Eevee|def|2\n|-boost|p1a: Eevee|spa|2\n|-boost|p1a: Eevee|spd|2\n|-boost|p1a: Eevee|spe|2\n|move|p2b: \u80fd\u8fdb\u80fd\u9000\u65b9\u6b66\u8005|Knock Off|p1b: Smeargle\n|-damage|p1b: Smeargle|0 fnt\n|-enditem|p1b: Smeargle|Focus Sash|[from] move: Knock Off|[of] p2b: \u80fd\u8fdb\u80fd\u9000\u65b9\u6b66\u8005\n|faint|p1b: Smeargle\n|\n|upkeep\n|\n|t:|1697886169\n|switch|p1b: Indeedee|Indeedee-F, F|100\/100\n|-fieldstart|move: Psychic Terrain|[from] ability: Psychic Surge|[of] p1b: Indeedee\n|-enditem|p1b: Indeedee|Psychic Seed\n|-boost|p1b: Indeedee|spd|1|[from] item: Psychic Seed\n|turn|3\n|\n|t:|1697886188\n|switch|p2a: \u7f8e\u68a6\u8001\u5988|Cresselia, F|100\/100\n|-terastallize|p1b: Indeedee|Fairy\n|move|p1b: Indeedee|Follow Me|p1b: Indeedee\n|-singleturn|p1b: Indeedee|move: Follow Me\n|move|p1a: Eevee|Baton Pass|p1a: Eevee\n|\n|t:|1697886197\n|switch|p1a: Krookodile|Krookodile, F|100\/100|[from] Baton Pass\n|-ability|p1a: Krookodile|Intimidate|boost\n|-unboost|p2a: \u7f8e\u68a6\u8001\u5988|atk|1\n|-unboost|p2b: \u80fd\u8fdb\u80fd\u9000\u65b9\u6b66\u8005|atk|1\n|-zpower|p2b: \u80fd\u8fdb\u80fd\u9000\u65b9\u6b66\u8005\n|move|p2b: \u80fd\u8fdb\u80fd\u9000\u65b9\u6b66\u8005|Savage Spin-Out|p1b: Indeedee|[zeffect]\n|-resisted|p1b: Indeedee\n|-damage|p1b: Indeedee|59\/100\n|\n|upkeep\n|turn|4\n|\n|t:|1697886214\n|-terastallize|p2a: \u7f8e\u68a6\u8001\u5988|Bug\n|move|p1b: Indeedee|Follow Me|p1b: Indeedee\n|-singleturn|p1b: Indeedee|move: Follow Me\n|move|p1a: Krookodile|Crunch|p2a: \u7f8e\u68a6\u8001\u5988\n|-damage|p2a: \u7f8e\u68a6\u8001\u5988|50\/100\n|move|p2b: \u80fd\u8fdb\u80fd\u9000\u65b9\u6b66\u8005|Liquidation|p1b: Indeedee\n|-damage|p1b: Indeedee|21\/100\n|-unboost|p1b: Indeedee|def|1\n|move|p2a: \u7f8e\u68a6\u8001\u5988|Trick Room|p2a: \u7f8e\u68a6\u8001\u5988\n|-fieldstart|move: Trick Room|[of] p2a: \u7f8e\u68a6\u8001\u5988\n|\n|-heal|p2a: \u7f8e\u68a6\u8001\u5988|56\/100|[from] item: Leftovers\n|upkeep\n|turn|5\n|\n|t:|1697886240\n|switch|p2a: \u866b\u7535\u5b9d\u724c\u5145\u7535\u5b9d|Charjabug, M, shiny|100\/100\n|move|p1a: Krookodile|Protect|p1a: Krookodile\n|-singleturn|p1a: Krookodile|Protect\n|move|p2b: \u80fd\u8fdb\u80fd\u9000\u65b9\u6b66\u8005|Liquidation|p1b: Indeedee\n|-damage|p1b: Indeedee|0 fnt\n|faint|p1b: Indeedee\n|\n|upkeep\n|\n|t:|1697886261\n|switch|p1b: Espeon|Espeon, M|100\/100\n|turn|6\n|inactive|KingGodzila has 120 seconds left.\n|\n|t:|1697886300\n|move|p2a: \u866b\u7535\u5b9d\u724c\u5145\u7535\u5b9d|Substitute|p2a: \u866b\u7535\u5b9d\u724c\u5145\u7535\u5b9d\n|-start|p2a: \u866b\u7535\u5b9d\u724c\u5145\u7535\u5b9d|Substitute\n|-damage|p2a: \u866b\u7535\u5b9d\u724c\u5145\u7535\u5b9d|76\/100\n|move|p2b: \u80fd\u8fdb\u80fd\u9000\u65b9\u6b66\u8005|Liquidation|p1a: Krookodile\n|-supereffective|p1a: Krookodile\n|-damage|p1a: Krookodile|58\/100\n|-unboost|p1a: Krookodile|def|1\n|-enditem|p1a: Krookodile|Weakness Policy\n|-boost|p1a: Krookodile|atk|2|[from] item: Weakness Policy\n|-boost|p1a: Krookodile|spa|2|[from] item: Weakness Policy\n|move|p1b: Espeon|Expanding Force|p2b: \u80fd\u8fdb\u80fd\u9000\u65b9\u6b66\u8005|[spread] p2a,p2b\n|-end|p2a: \u866b\u7535\u5b9d\u724c\u5145\u7535\u5b9d|Substitute\n|-damage|p2b: \u80fd\u8fdb\u80fd\u9000\u65b9\u6b66\u8005|42\/100\n|-activate|p2b: \u80fd\u8fdb\u80fd\u9000\u65b9\u6b66\u8005|ability: Emergency Exit\n|\n|t:|1697886314\n|switch|p2b: \u7535\u5149\u8f68\u9053\u70ae|Vikavolt, M|100\/100\n|move|p1a: Krookodile|Rock Slide|p2a: \u866b\u7535\u5b9d\u724c\u5145\u7535\u5b9d|[spread] p2b\n|-miss|p1a: Krookodile|p2a: \u866b\u7535\u5b9d\u724c\u5145\u7535\u5b9d\n|-supereffective|p2b: \u7535\u5149\u8f68\u9053\u70ae\n|-damage|p2b: \u7535\u5149\u8f68\u9053\u70ae|0 fnt\n|faint|p2b: \u7535\u5149\u8f68\u9053\u70ae\n|\n|upkeep\n|\n|t:|1697886332\n|switch|p2b: \u80fd\u8fdb\u80fd\u9000\u65b9\u6b66\u8005|Golisopod, M, shiny|42\/100\n|turn|7\n|inactive|KingGodzila has 120 seconds left.\n|\n|t:|1697886346\n|move|p1a: Krookodile|Protect|p1a: Krookodile\n|-singleturn|p1a: Krookodile|Protect\n|move|p2a: \u866b\u7535\u5b9d\u724c\u5145\u7535\u5b9d|Substitute|p2a: \u866b\u7535\u5b9d\u724c\u5145\u7535\u5b9d\n|-start|p2a: \u866b\u7535\u5b9d\u724c\u5145\u7535\u5b9d|Substitute\n|-damage|p2a: \u866b\u7535\u5b9d\u724c\u5145\u7535\u5b9d|51\/100\n|move|p2b: \u80fd\u8fdb\u80fd\u9000\u65b9\u6b66\u8005|Liquidation|p1a: Krookodile\n|-activate|p1a: Krookodile|move: Protect\n|move|p1b: Espeon|Expanding Force|p2a: \u866b\u7535\u5b9d\u724c\u5145\u7535\u5b9d|[spread] p2a,p2b\n|-end|p2a: \u866b\u7535\u5b9d\u724c\u5145\u7535\u5b9d|Substitute\n|-damage|p2b: \u80fd\u8fdb\u80fd\u9000\u65b9\u6b66\u8005|0 fnt\n|faint|p2b: \u80fd\u8fdb\u80fd\u9000\u65b9\u6b66\u8005\n|\n|-fieldend|move: Psychic Terrain\n|upkeep\n|\n|t:|1697886365\n|switch|p2b: \u70c8\u817f\u8757\u4fa0|Lokix, M|100\/100\n|turn|8\n|\n|t:|1697886371\n|move|p1a: Krookodile|Protect||[still]\n|-fail|p1a: Krookodile\n|move|p2a: \u866b\u7535\u5b9d\u724c\u5145\u7535\u5b9d|Struggle Bug|p1a: Krookodile|[spread] p1a,p1b\n|-supereffective|p1a: Krookodile\n|-supereffective|p1b: Espeon\n|-damage|p1a: Krookodile|47\/100\n|-damage|p1b: Espeon|76\/100\n|-unboost|p1a: Krookodile|spa|1\n|-unboost|p1b: Espeon|spa|1\n|move|p2b: \u70c8\u817f\u8757\u4fa0|Axe Kick|p1a: Krookodile\n|-supereffective|p1a: Krookodile\n|-damage|p1a: Krookodile|0 fnt\n|faint|p1a: Krookodile\n|-damage|p2b: \u70c8\u817f\u8757\u4fa0|91\/100|[from] item: Life Orb\n|move|p1b: Espeon|Dazzling Gleam|p2a: \u866b\u7535\u5b9d\u724c\u5145\u7535\u5b9d|[spread] p2a,p2b\n|-supereffective|p2b: \u70c8\u817f\u8757\u4fa0\n|-damage|p2a: \u866b\u7535\u5b9d\u724c\u5145\u7535\u5b9d|42\/100\n|-damage|p2b: \u70c8\u817f\u8757\u4fa0|50\/100\n|\n|-fieldend|move: Trick Room\n|upkeep\n|\n|t:|1697886383\n|switch|p1a: Urshifu|Urshifu-Rapid-Strike, F|100\/100\n|turn|9\n|\n|t:|1697886412\n|switch|p2b: \u4e00\u592b\u5f53\u5173\u4e3a\u9a91\u58eb|Escavalier, M|100\/100\n|move|p1b: Espeon|Dazzling Gleam|p2b: \u4e00\u592b\u5f53\u5173\u4e3a\u9a91\u58eb|[spread] p2a,p2b\n|-resisted|p2b: \u4e00\u592b\u5f53\u5173\u4e3a\u9a91\u58eb\n|-damage|p2a: \u866b\u7535\u5b9d\u724c\u5145\u7535\u5b9d|33\/100\n|-damage|p2b: \u4e00\u592b\u5f53\u5173\u4e3a\u9a91\u58eb|94\/100\n|move|p1a: Urshifu|Surging Strikes|p2a: \u866b\u7535\u5b9d\u724c\u5145\u7535\u5b9d\n|-crit|p2a: \u866b\u7535\u5b9d\u724c\u5145\u7535\u5b9d\n|-damage|p2a: \u866b\u7535\u5b9d\u724c\u5145\u7535\u5b9d|18\/100\n|-crit|p2a: \u866b\u7535\u5b9d\u724c\u5145\u7535\u5b9d\n|-damage|p2a: \u866b\u7535\u5b9d\u724c\u5145\u7535\u5b9d|2\/100\n|-crit|p2a: \u866b\u7535\u5b9d\u724c\u5145\u7535\u5b9d\n|-damage|p2a: \u866b\u7535\u5b9d\u724c\u5145\u7535\u5b9d|0 fnt\n|faint|p2a: \u866b\u7535\u5b9d\u724c\u5145\u7535\u5b9d\n|-hitcount|p2: \u866b\u7535\u5b9d\u724c\u5145\u7535\u5b9d|3\n|\n|upkeep\n|\n|t:|1697886422\n|switch|p2a: \u7f8e\u68a6\u8001\u5988|Cresselia, F, tera:Bug|56\/100\n|turn|10\n|inactive|KingGodzila has 120 seconds left.\n|\n|t:|1697886457\n|move|p1b: Espeon|Expanding Force|p2a: \u7f8e\u68a6\u8001\u5988\n|-damage|p2a: \u7f8e\u68a6\u8001\u5988|41\/100\n|move|p1a: Urshifu|Surging Strikes|p2a: \u7f8e\u68a6\u8001\u5988\n|-crit|p2a: \u7f8e\u68a6\u8001\u5988\n|-damage|p2a: \u7f8e\u68a6\u8001\u5988|27\/100\n|-crit|p2a: \u7f8e\u68a6\u8001\u5988\n|-damage|p2a: \u7f8e\u68a6\u8001\u5988|13\/100\n|-crit|p2a: \u7f8e\u68a6\u8001\u5988\n|-damage|p2a: \u7f8e\u68a6\u8001\u5988|0 fnt\n|faint|p2a: \u7f8e\u68a6\u8001\u5988\n|-hitcount|p2: \u7f8e\u68a6\u8001\u5988|3\n|move|p2b: \u4e00\u592b\u5f53\u5173\u4e3a\u9a91\u58eb|Close Combat|p1a: Urshifu\n|-damage|p1a: Urshifu|34\/100\n|-unboost|p2b: \u4e00\u592b\u5f53\u5173\u4e3a\u9a91\u58eb|def|1\n|-unboost|p2b: \u4e00\u592b\u5f53\u5173\u4e3a\u9a91\u58eb|spd|1\n|-damage|p2b: \u4e00\u592b\u5f53\u5173\u4e3a\u9a91\u58eb|84\/100|[from] item: Life Orb\n|\n|upkeep\n|\n|t:|1697886471\n|switch|p2a: \u70c8\u817f\u8757\u4fa0|Lokix, M|50\/100\n|turn|11\n|\n|t:|1697886479\n|switch|p1b: Eevee|Eevee, M|100\/100\n|move|p1a: Urshifu|Protect|p1a: Urshifu\n|-singleturn|p1a: Urshifu|Protect\n|move|p2a: \u70c8\u817f\u8757\u4fa0|First Impression|p1a: Urshifu\n|-activate|p1a: Urshifu|move: Protect\n|move|p2b: \u4e00\u592b\u5f53\u5173\u4e3a\u9a91\u58eb|X-Scissor|p1b: Eevee\n|-damage|p1b: Eevee|0 fnt\n|faint|p1b: Eevee\n|-damage|p2b: \u4e00\u592b\u5f53\u5173\u4e3a\u9a91\u58eb|74\/100|[from] item: Life Orb\n|\n|upkeep\n|\n|t:|1697886492\n|switch|p1b: Espeon|Espeon, M|76\/100\n|turn|12\n|\n|t:|1697886518\n|move|p2a: \u70c8\u817f\u8757\u4fa0|Sucker Punch|p1b: Espeon\n|-supereffective|p1b: Espeon\n|-enditem|p1b: Espeon|Colbur Berry|[eat]\n|-enditem|p1b: Espeon|Colbur Berry|[weaken]\n|-damage|p1b: Espeon|0 fnt\n|faint|p1b: Espeon\n|-damage|p2a: \u70c8\u817f\u8757\u4fa0|40\/100|[from] item: Life Orb\n|move|p1a: Urshifu|Drain Punch|p2b: \u4e00\u592b\u5f53\u5173\u4e3a\u9a91\u58eb\n|-damage|p2b: \u4e00\u592b\u5f53\u5173\u4e3a\u9a91\u58eb|22\/100\n|-heal|p1a: Urshifu|60\/100|[from] drain|[of] p2b: \u4e00\u592b\u5f53\u5173\u4e3a\u9a91\u58eb\n|move|p2b: \u4e00\u592b\u5f53\u5173\u4e3a\u9a91\u58eb|Close Combat|p1a: Urshifu\n|-damage|p1a: Urshifu|3\/100\n|-unboost|p2b: \u4e00\u592b\u5f53\u5173\u4e3a\u9a91\u58eb|def|1\n|-unboost|p2b: \u4e00\u592b\u5f53\u5173\u4e3a\u9a91\u58eb|spd|1\n|-damage|p2b: \u4e00\u592b\u5f53\u5173\u4e3a\u9a91\u58eb|12\/100|[from] item: Life Orb\n|\n|upkeep\n|turn|13\n|-message|eevee 532 forfeited.\n|\n|win|KingGodzila\n|raw|eevee 532's rating: 1145 &rarr; <strong>1130<\/strong><br \/>(-15 for losing)\n|raw|KingGodzila's rating: 1294 &rarr; <strong>1309<\/strong><br \/>(+15 for winning)\n|l|\u203deevee 532\n","uploadtime":1697886538,"views":7,"p1id":"eevee532","p2id":"kinggodzila","formatid":"gen9nationaldexdoubles","rating":1130,"private":0,"password":""}