{"id":"gen9nationaldexdoubles-1957123380","p1":"water10122246","p2":"bosspark1737376","format":"[Gen 9] National Dex Doubles","log":"|j|\u2606water10122246\n|j|\u2606bosspark1737376\n|t:|1696188319\n|gametype|doubles\n|player|p1|water10122246|1|1294\n|player|p2|bosspark1737376|n|1376\n|teamsize|p1|6\n|teamsize|p2|6\n|gen|9\n|tier|[Gen 9] National Dex Doubles\n|rated|\n|rule|HP Percentage Mod: HP is shown in percentages\n|rule|Endless Battle Clause: Forcing endless battles is banned\n|rule|OHKO Clause: OHKO moves are banned\n|rule|Evasion Moves Clause: Evasion moves are banned\n|rule|Evasion Abilities Clause: Evasion abilities are banned\n|rule|Species Clause: Limit one of each Pok\u00e9mon\n|rule|Gravity Sleep Clause: The combination of sleep-inducing moves with imperfect accuracy and Gravity or Gigantamax Orbeetle are banned\n|clearpoke\n|poke|p1|Incineroar, M|\n|poke|p1|Iron Hands|\n|poke|p1|Smeargle, M|\n|poke|p1|Urshifu-*, M|\n|poke|p1|Chien-Pao|\n|poke|p1|Whimsicott, M|\n|poke|p2|Rillaboom, F|\n|poke|p2|Incineroar, F|\n|poke|p2|Metagross|\n|poke|p2|Urshifu-*, M|\n|poke|p2|Chien-Pao|\n|poke|p2|Landorus, M|\n|teampreview\n|inactive|Battle timer is ON: inactive players will automatically lose when time's up. (requested by water10122246)\n|\n|t:|1696188337\n|start\n|switch|p1a: Whimsicott|Whimsicott, M, shiny|100\/100\n|switch|p1b: Smeargle|Smeargle, M|100\/100\n|switch|p2a: King|Metagross, shiny|100\/100\n|switch|p2b: Landorus|Landorus, M|100\/100\n|turn|1\n|\n|t:|1696188350\n|detailschange|p2a: King|Metagross-Mega, shiny\n|-mega|p2a: King|Metagross|Metagrossite\n|move|p1a: Whimsicott|Tailwind|p1a: Whimsicott\n|-sidestart|p1: water10122246|move: Tailwind\n|move|p1b: Smeargle|Spore|p2b: Landorus\n|-status|p2b: Landorus|slp|[from] move: Spore\n|move|p2a: King|Iron Head|p1a: Whimsicott\n|-supereffective|p1a: Whimsicott\n|-damage|p1a: Whimsicott|0 fnt\n|faint|p1a: Whimsicott\n|cant|p2b: Landorus|slp\n|\n|-ability|p1b: Smeargle|Moody|boost\n|-boost|p1b: Smeargle|spe|2\n|-unboost|p1b: Smeargle|atk|1\n|upkeep\n|\n|t:|1696188367\n|switch|p1a: Chien-Pao|Chien-Pao|100\/100\n|-ability|p1a: Chien-Pao|Sword of Ruin\n|turn|2\n|\n|t:|1696188380\n|move|p2a: King|Protect|p2a: King\n|-singleturn|p2a: King|Protect\n|move|p1b: Smeargle|Spore|p2a: King\n|-activate|p2a: King|move: Protect\n|move|p1a: Chien-Pao|Ice Spinner|p2b: Landorus\n|-supereffective|p2b: Landorus\n|-damage|p2b: Landorus|0 fnt\n|faint|p2b: Landorus\n|\n|-ability|p1b: Smeargle|Moody|boost\n|-boost|p1b: Smeargle|def|2\n|-unboost|p1b: Smeargle|atk|1\n|upkeep\n|\n|t:|1696188394\n|switch|p2b: supper monke|Rillaboom, F|100\/100\n|-fieldstart|move: Grassy Terrain|[from] ability: Grassy Surge|[of] p2b: supper monke\n|turn|3\n|\n|t:|1696188406\n|move|p2b: supper monke|Fake Out|p1b: Smeargle\n|-damage|p1b: Smeargle|77\/100\n|move|p1b: Smeargle|Spore|p2a: King\n|-status|p2a: King|slp|[from] move: Spore\n|move|p1a: Chien-Pao|Throat Chop|p2a: King\n|-supereffective|p2a: King\n|-damage|p2a: King|10\/100 slp\n|-start|p2a: King|Throat Chop|[silent]\n|cant|p2a: King|slp\n|\n|-heal|p1b: Smeargle|83\/100|[from] Grassy Terrain\n|-heal|p2a: King|16\/100 slp|[from] Grassy Terrain\n|-ability|p1b: Smeargle|Moody|boost\n|-boost|p1b: Smeargle|def|2\n|-unboost|p1b: Smeargle|spe|1\n|upkeep\n|turn|4\n|\n|t:|1696188430\n|move|p2b: supper monke|Grassy Glide|p1b: Smeargle\n|-damage|p1b: Smeargle|41\/100\n|move|p1b: Smeargle|Ruination|p2b: supper monke\n|-damage|p2b: supper monke|50\/100\n|move|p1a: Chien-Pao|Ice Spinner|p2b: supper monke\n|-supereffective|p2b: supper monke\n|-crit|p2b: supper monke\n|-damage|p2b: supper monke|0 fnt\n|-fieldend|move: Grassy Terrain\n|faint|p2b: supper monke\n|cant|p2a: King|slp\n|\n|-end|p2a: King|Throat Chop|[silent]\n|-sideend|p1: water10122246|move: Tailwind\n|-ability|p1b: Smeargle|Moody|boost\n|-boost|p1b: Smeargle|spe|2\n|-unboost|p1b: Smeargle|spa|1\n|upkeep\n|inactive|bosspark1737376 has 120 seconds left.\n|\n|t:|1696188464\n|switch|p2b: pain|Incineroar, F|100\/100\n|-ability|p2b: pain|Intimidate|boost\n|-unboost|p1a: Chien-Pao|atk|1\n|-unboost|p1b: Smeargle|atk|1\n|turn|5\n|inactive|bosspark1737376 has 120 seconds left.\n|\n|t:|1696188477\n|move|p2b: pain|Fake Out|p1b: Smeargle\n|-damage|p1b: Smeargle|24\/100\n|move|p1b: Smeargle|Spore|p2b: pain\n|-status|p2b: pain|slp|[from] move: Spore\n|move|p1a: Chien-Pao|Throat Chop|p2a: King\n|-supereffective|p2a: King\n|-damage|p2a: King|0 fnt\n|faint|p2a: King\n|\n|-ability|p1b: Smeargle|Moody|boost\n|-boost|p1b: Smeargle|def|2\n|-unboost|p1b: Smeargle|spa|1\n|upkeep\n|inactive|bosspark1737376 has 120 seconds left.\n|-message|bosspark1737376 forfeited.\n|\n|win|water10122246\n|raw|water10122246's rating: 1294 &rarr; <strong>1325<\/strong><br \/>(+31 for winning)\n|raw|bosspark1737376's rating: 1376 &rarr; <strong>1351<\/strong><br \/>(-25 for losing)\n|l|\u2606bosspark1737376\n","uploadtime":1696188511,"views":12,"p1id":"water10122246","p2id":"bosspark1737376","formatid":"gen9nationaldexdoubles","rating":1325,"private":0,"password":""}