{"id":"gen9nationaldexdoubles-1982739969","p1":"TheBosses27","p2":"UltraVapor","format":"[Gen 9] National Dex Doubles","log":"|j|\u2606TheBosses27\n|j|\u2606UltraVapor\n|t:|1699040446\n|gametype|doubles\n|player|p1|TheBosses27|bruno|1186\n|player|p2|UltraVapor|shelly|1154\n|teamsize|p1|6\n|teamsize|p2|6\n|gen|9\n|tier|[Gen 9] National Dex Doubles\n|rated|\n|rule|HP Percentage Mod: HP is shown in percentages\n|rule|Endless Battle Clause: Forcing endless battles is banned\n|rule|OHKO Clause: OHKO moves are banned\n|rule|Evasion Moves Clause: Evasion moves are banned\n|rule|Evasion Abilities Clause: Evasion abilities are banned\n|rule|Species Clause: Limit one of each Pok\u00e9mon\n|rule|Gravity Sleep Clause: The combination of sleep-inducing moves with imperfect accuracy and Gravity or Gigantamax Orbeetle are banned\n|clearpoke\n|poke|p1|Uxie|\n|poke|p1|Malamar, M|\n|poke|p1|Flutter Mane|\n|poke|p1|Farigiraf, M|\n|poke|p1|Landorus, M|\n|poke|p1|Espeon, F|\n|poke|p2|Pelipper, F|\n|poke|p2|Vaporeon, M|\n|poke|p2|Walking Wake|\n|poke|p2|Basculegion-F, F|\n|poke|p2|Ogerpon-Wellspring, F|\n|poke|p2|Urshifu-*, M|\n|teampreview\n|inactive|Battle timer is ON: inactive players will automatically lose when time's up. (requested by TheBosses27)\n|\n|t:|1699040457\n|start\n|switch|p1a: Uxie|Uxie|100\/100\n|switch|p1b: Farigiraf|Farigiraf, M|100\/100\n|switch|p2a: Pelipper|Pelipper, F|100\/100\n|switch|p2b: Ogerpon|Ogerpon-Wellspring, F|100\/100\n|-weather|RainDance|[from] ability: Drizzle|[of] p2a: Pelipper\n|turn|1\n|\n|t:|1699040475\n|move|p2b: Ogerpon|Ivy Cudgel|p1a: Uxie\n|-damage|p1a: Uxie|44\/100\n|move|p1a: Uxie|Nasty Plot|p1a: Uxie\n|-boost|p1a: Uxie|spa|2\n|move|p2a: Pelipper|Tailwind|p2a: Pelipper\n|-sidestart|p2: UltraVapor|move: Tailwind\n|move|p1b: Farigiraf|Trick Room|p1b: Farigiraf\n|-fieldstart|move: Trick Room|[of] p1b: Farigiraf\n|\n|-weather|RainDance|[upkeep]\n|upkeep\n|turn|2\n|\n|t:|1699040503\n|move|p1b: Farigiraf|Foul Play|p2b: Ogerpon\n|-damage|p2b: Ogerpon|52\/100\n|move|p1a: Uxie|Baton Pass|p1a: Uxie\n|\n|t:|1699040512\n|switch|p1a: Flutter Mane|Flutter Mane|100\/100|[from] Baton Pass\n|-enditem|p1a: Flutter Mane|Booster Energy\n|-activate|p1a: Flutter Mane|ability: Protosynthesis|[fromitem]\n|-start|p1a: Flutter Mane|protosynthesisspa\n|move|p2a: Pelipper|Toxic|p1b: Farigiraf\n|-status|p1b: Farigiraf|tox\n|move|p2b: Ogerpon|U-turn|p1a: Flutter Mane\n|-resisted|p1a: Flutter Mane\n|-damage|p1a: Flutter Mane|86\/100\n|\n|t:|1699040531\n|switch|p2b: Vaporeon|Vaporeon, M|100\/100|[from] U-turn\n|\n|-weather|RainDance|[upkeep]\n|-damage|p1b: Farigiraf|94\/100 tox|[from] psn\n|upkeep\n|turn|3\n|\n|t:|1699040550\n|switch|p1b: Espeon|Espeon, F|100\/100\n|switch|p2a: Ogerpon|Ogerpon-Wellspring, F|52\/100\n|move|p1a: Flutter Mane|Protect|p1a: Flutter Mane\n|-singleturn|p1a: Flutter Mane|Protect\n|move|p2b: Vaporeon|Shadow Ball|p1a: Flutter Mane\n|-activate|p1a: Flutter Mane|move: Protect\n|\n|-weather|RainDance|[upkeep]\n|upkeep\n|turn|4\n|\n|t:|1699040569\n|-terastallize|p1a: Flutter Mane|Fighting\n|move|p1b: Espeon|Dazzling Gleam|p2a: Ogerpon|[spread] p2a,p2b\n|-damage|p2a: Ogerpon|32\/100\n|-damage|p2b: Vaporeon|87\/100\n|move|p2b: Vaporeon|Aqua Ring|p2b: Vaporeon\n|-start|p2b: Vaporeon|Aqua Ring\n|move|p1a: Flutter Mane|Dazzling Gleam|p2a: Ogerpon|[spread] p2a,p2b\n|-damage|p2a: Ogerpon|0 fnt\n|-damage|p2b: Vaporeon|25\/100\n|faint|p2a: Ogerpon\n|\n|-weather|RainDance|[upkeep]\n|-heal|p2b: Vaporeon|31\/100|[from] item: Leftovers\n|-heal|p2b: Vaporeon|38\/100|[from] Aqua Ring\n|-sideend|p2: UltraVapor|move: Tailwind\n|upkeep\n|\n|t:|1699040585\n|switch|p2a: Basculegion|Basculegion-F, F|100\/100\n|turn|5\n|\n|t:|1699040602\n|-terastallize|p2a: Basculegion|Water\n|move|p1b: Espeon|Detect|p1b: Espeon\n|-singleturn|p1b: Espeon|Protect\n|move|p1a: Flutter Mane|Protect|p1a: Flutter Mane\n|-singleturn|p1a: Flutter Mane|Protect\n|move|p2b: Vaporeon|Shadow Ball|p1b: Espeon\n|-activate|p1b: Espeon|move: Protect\n|move|p2a: Basculegion|Surf|p1a: Flutter Mane|[spread] \n|-activate|p1a: Flutter Mane|move: Protect\n|-activate|p1b: Espeon|move: Protect\n|-heal|p2b: Vaporeon|63\/100|[from] ability: Water Absorb|[of] p2a: Basculegion\n|\n|-weather|RainDance|[upkeep]\n|-heal|p2b: Vaporeon|69\/100|[from] item: Leftovers\n|-heal|p2b: Vaporeon|75\/100|[from] Aqua Ring\n|-fieldend|move: Trick Room\n|upkeep\n|turn|6\n|\n|t:|1699040623\n|move|p2a: Basculegion|Surf|p1b: Espeon|[spread] p1a,p1b\n|-heal|p2b: Vaporeon|99\/100|[from] ability: Water Absorb|[of] p2a: Basculegion\n|-damage|p1a: Flutter Mane|15\/100\n|-damage|p1b: Espeon|6\/100\n|-enditem|p1b: Espeon|Sitrus Berry|[eat]\n|-heal|p1b: Espeon|31\/100|[from] item: Sitrus Berry\n|-damage|p2a: Basculegion|91\/100|[from] item: Life Orb\n|move|p1a: Flutter Mane|Dazzling Gleam|p2a: Basculegion|[spread] p2a,p2b\n|-damage|p2a: Basculegion|8\/100\n|-damage|p2b: Vaporeon|42\/100\n|move|p1b: Espeon|Dazzling Gleam|p2a: Basculegion|[spread] p2a,p2b\n|-damage|p2a: Basculegion|0 fnt\n|-damage|p2b: Vaporeon|29\/100\n|faint|p2a: Basculegion\n|move|p2b: Vaporeon|Shadow Ball|p1a: Flutter Mane\n|-damage|p1a: Flutter Mane|0 fnt\n|faint|p1a: Flutter Mane\n|-end|p1a: Flutter Mane|Protosynthesis|[silent]\n|\n|-weather|RainDance|[upkeep]\n|-heal|p2b: Vaporeon|35\/100|[from] item: Leftovers\n|-heal|p2b: Vaporeon|41\/100|[from] Aqua Ring\n|upkeep\n|\n|t:|1699040645\n|switch|p1a: Malamar|Malamar, M|100\/100\n|switch|p2a: Pelipper|Pelipper, F|100\/100\n|turn|7\n|\n|t:|1699040665\n|move|p1a: Malamar|Protect|p1a: Malamar\n|-singleturn|p1a: Malamar|Protect\n|move|p1b: Espeon|Yawn|p2b: Vaporeon\n|-start|p2b: Vaporeon|move: Yawn|[of] p1b: Espeon\n|move|p2b: Vaporeon|Shadow Ball|p1b: Espeon\n|-supereffective|p1b: Espeon\n|-damage|p1b: Espeon|0 fnt\n|faint|p1b: Espeon\n|move|p2a: Pelipper|Tailwind|p2a: Pelipper\n|-sidestart|p2: UltraVapor|move: Tailwind\n|\n|-weather|RainDance|[upkeep]\n|-heal|p2b: Vaporeon|47\/100|[from] item: Leftovers\n|-heal|p2b: Vaporeon|54\/100|[from] Aqua Ring\n|upkeep\n|\n|t:|1699040678\n|switch|p1b: Uxie|Uxie|44\/100\n|turn|8\n|\n|t:|1699040695\n|switch|p2b: Walking Wake|Walking Wake|100\/100\n|-enditem|p2b: Walking Wake|Booster Energy\n|-activate|p2b: Walking Wake|ability: Protosynthesis|[fromitem]\n|-start|p2b: Walking Wake|protosynthesisspa\n|move|p2a: Pelipper|U-turn|p1a: Malamar\n|-supereffective|p1a: Malamar\n|-damage|p1a: Malamar|75\/100\n|\n|t:|1699040704\n|switch|p2a: Vaporeon|Vaporeon, M|54\/100|[from] U-turn\n|move|p1b: Uxie|Nasty Plot|p1b: Uxie\n|-boost|p1b: Uxie|spa|2\n|move|p1a: Malamar|Acupressure|p1b: Uxie\n|-boost|p1b: Uxie|spe|2\n|\n|-weather|none\n|-heal|p2a: Vaporeon|60\/100|[from] item: Leftovers\n|upkeep\n|turn|9\n|inactive|TheBosses27 has 120 seconds left.\n|\n|t:|1699040750\n|move|p1b: Uxie|Protect|p1b: Uxie\n|-singleturn|p1b: Uxie|Protect\n|move|p2b: Walking Wake|Dragon Pulse|p1b: Uxie\n|-activate|p1b: Uxie|move: Protect\n|move|p2a: Vaporeon|Aqua Ring|p2a: Vaporeon\n|-start|p2a: Vaporeon|Aqua Ring\n|move|p1a: Malamar|Acupressure|p1b: Uxie\n|-boost|p1b: Uxie|def|2\n|\n|-heal|p2a: Vaporeon|66\/100|[from] item: Leftovers\n|-heal|p2a: Vaporeon|72\/100|[from] Aqua Ring\n|upkeep\n|turn|10\n|inactive|TheBosses27 has 120 seconds left.\n|\n|t:|1699040775\n|switch|p1a: Farigiraf|Farigiraf, M|94\/100 tox\n|move|p2b: Walking Wake|Rain Dance|p2b: Walking Wake\n|-weather|RainDance\n|move|p1b: Uxie|Baton Pass|p1b: Uxie\n|\n|t:|1699040778\n|switch|p1b: Landorus|Landorus, M|100\/100|[from] Baton Pass\n|move|p2a: Vaporeon|Shadow Ball|p1b: Landorus\n|-damage|p1b: Landorus|72\/100\n|-unboost|p1b: Landorus|spd|1\n|\n|-weather|RainDance|[upkeep]\n|-heal|p2a: Vaporeon|79\/100|[from] item: Leftovers\n|-heal|p1a: Farigiraf|100\/100 tox|[from] item: Leftovers\n|-heal|p2a: Vaporeon|85\/100|[from] Aqua Ring\n|-damage|p1a: Farigiraf|94\/100 tox|[from] psn\n|-sideend|p2: UltraVapor|move: Tailwind\n|upkeep\n|turn|11\n|\n|t:|1699040801\n|move|p1b: Landorus|Psychic|p2b: Walking Wake\n|-damage|p2b: Walking Wake|7\/100\n|move|p2b: Walking Wake|Hydro Steam|p1a: Farigiraf\n|-damage|p1a: Farigiraf|21\/100 tox\n|move|p2a: Vaporeon|Ice Beam|p1b: Landorus\n|-supereffective|p1b: Landorus\n|-damage|p1b: Landorus|0 fnt\n|faint|p1b: Landorus\n|move|p1a: Farigiraf|Trick Room|p1a: Farigiraf\n|-fieldstart|move: Trick Room|[of] p1a: Farigiraf\n|\n|-weather|RainDance|[upkeep]\n|-heal|p1a: Farigiraf|27\/100 tox|[from] item: Leftovers\n|-heal|p2a: Vaporeon|91\/100|[from] item: Leftovers\n|-heal|p2a: Vaporeon|97\/100|[from] Aqua Ring\n|-damage|p1a: Farigiraf|15\/100 tox|[from] psn\n|upkeep\n|\n|t:|1699040806\n|switch|p1b: Malamar|Malamar, M|75\/100\n|turn|12\n|\n|t:|1699040829\n|move|p1a: Farigiraf|Foul Play|p2b: Walking Wake\n|-damage|p2b: Walking Wake|0 fnt\n|faint|p2b: Walking Wake\n|-end|p2b: Walking Wake|Protosynthesis|[silent]\n|move|p2a: Vaporeon|Scald|p1b: Malamar\n|-damage|p1b: Malamar|4\/100\n|move|p1b: Malamar|Superpower|p2a: Vaporeon\n|-damage|p2a: Vaporeon|69\/100\n|-boost|p1b: Malamar|atk|1\n|-boost|p1b: Malamar|def|1\n|\n|-weather|RainDance|[upkeep]\n|-heal|p1a: Farigiraf|21\/100 tox|[from] item: Leftovers\n|-heal|p2a: Vaporeon|76\/100|[from] item: Leftovers\n|-heal|p2a: Vaporeon|82\/100|[from] Aqua Ring\n|-damage|p1a: Farigiraf|3\/100 tox|[from] psn\n|upkeep\n|-message|TheBosses27 forfeited.\n|\n|win|UltraVapor\n|raw|TheBosses27's rating: 1186 &rarr; <strong>1159<\/strong><br \/>(-27 for losing)\n|raw|UltraVapor's rating: 1154 &rarr; <strong>1181<\/strong><br \/>(+27 for winning)\n|l|\u2606TheBosses27\n|c|\u2606UltraVapor|gg\n","uploadtime":1699040852,"views":8,"p1id":"thebosses27","p2id":"ultravapor","formatid":"gen9nationaldexdoubles","rating":1159,"private":0,"password":""}