{"id":"gen9nationaldexdoubles-1953519317","p1":"exclam","p2":"Moonysloony","format":"[Gen 9] National Dex Doubles","log":"|j|\u2606exclam\n|j|\u2606Moonysloony\n|t:|1695799442\n|gametype|doubles\n|player|p1|exclam|ingo|1098\n|player|p2|Moonysloony|102|1061\n|teamsize|p1|6\n|teamsize|p2|6\n|gen|9\n|tier|[Gen 9] National Dex Doubles\n|rated|\n|rule|HP Percentage Mod: HP is shown in percentages\n|rule|Endless Battle Clause: Forcing endless battles is banned\n|rule|OHKO Clause: OHKO moves are banned\n|rule|Evasion Moves Clause: Evasion moves are banned\n|rule|Evasion Abilities Clause: Evasion abilities are banned\n|rule|Species Clause: Limit one of each Pok\u00e9mon\n|rule|Gravity Sleep Clause: The combination of sleep-inducing moves with imperfect accuracy and Gravity or Gigantamax Orbeetle are banned\n|clearpoke\n|poke|p1|Zeraora|\n|poke|p1|Blacephalon|\n|poke|p1|Comfey, M|\n|poke|p1|Indeedee-F, F|\n|poke|p1|Diancie|\n|poke|p1|Landorus, M|\n|poke|p2|Espeon, F|\n|poke|p2|Glaceon, F|\n|poke|p2|Umbreon, M|\n|poke|p2|Liepard, F|\n|poke|p2|Abomasnow, M|\n|poke|p2|Meowscarada, M|\n|teampreview\n|inactive|Battle timer is ON: inactive players will automatically lose when time's up. (requested by exclam)\n|\n|t:|1695799451\n|start\n|switch|p1a: Zeraora|Zeraora, shiny|100\/100\n|switch|p1b: Blacephalon|Blacephalon, shiny|100\/100\n|switch|p2a: Abomasnow|Abomasnow, M|100\/100\n|switch|p2b: Frosty|Glaceon, F, shiny|100\/100\n|-weather|Snow|[from] ability: Snow Warning|[of] p2a: Abomasnow\n|turn|1\n|inactive|Moonysloony has 120 seconds left.\n|\n|t:|1695799508\n|switch|p2a: Umbreon|Umbreon, M, shiny|100\/100\n|-terastallize|p1a: Zeraora|Ghost\n|move|p1a: Zeraora|Fling|p1b: Blacephalon\n|-supereffective|p1b: Blacephalon\n|-damage|p1b: Blacephalon|83\/100\n|-boost|p1b: Blacephalon|spe|1|[from] item: Salac Berry\n|-enditem|p1b: Blacephalon|Weakness Policy\n|-boost|p1b: Blacephalon|atk|2|[from] item: Weakness Policy\n|-boost|p1b: Blacephalon|spa|2|[from] item: Weakness Policy\n|-enditem|p1a: Zeraora|Salac Berry|[from] move: Fling\n|move|p1b: Blacephalon|Mind Blown|p2a: Umbreon|[spread] p1a,p2a,p2b\n|-supereffective|p2b: Frosty\n|-damage|p1a: Zeraora|0 fnt\n|-damage|p2a: Umbreon|38\/100\n|-damage|p2b: Frosty|0 fnt\n|-damage|p1b: Blacephalon|33\/100|[from] mindblown\n|faint|p1a: Zeraora\n|faint|p2b: Frosty\n|-ability|p1b: Blacephalon|Beast Boost|boost\n|-boost|p1b: Blacephalon|spa|2\n|\n|-weather|Snow|[upkeep]\n|-heal|p2a: Umbreon|44\/100|[from] item: Leftovers\n|upkeep\n|inactive|Moonysloony has 90 seconds left.\n|\n|t:|1695799545\n|switch|p1a: Comfey|Comfey, M|100\/100\n|switch|p2b: Lisa^_^|Liepard, F, shiny|100\/100\n|turn|2\n|inactive|Moonysloony has 90 seconds left.\n|\n|t:|1695799572\n|move|p2a: Umbreon|Protect|p2a: Umbreon\n|-singleturn|p2a: Umbreon|Protect\n|move|p1a: Comfey|Floral Healing|p1b: Blacephalon\n|-heal|p1b: Blacephalon|83\/100\n|move|p2b: Lisa^_^|Fake Out|p1a: Comfey\n|-damage|p1a: Comfey|87\/100\n|move|p1b: Blacephalon|Heat Wave|p2b: Lisa^_^|[spread] p2b\n|-activate|p2a: Umbreon|move: Protect\n|-enditem|p2b: Lisa^_^|Focus Sash\n|-damage|p2b: Lisa^_^|1\/100\n|\n|-weather|Snow|[upkeep]\n|-heal|p2a: Umbreon|50\/100|[from] item: Leftovers\n|upkeep\n|turn|3\n|inactive|Moonysloony has 90 seconds left.\n|\n|t:|1695799601\n|move|p1a: Comfey|Floral Healing|p1b: Blacephalon\n|-heal|p1b: Blacephalon|100\/100\n|move|p2b: Lisa^_^|Thunder Wave|p1b: Blacephalon\n|-status|p1b: Blacephalon|par\n|move|p1b: Blacephalon|Heat Wave|p2b: Lisa^_^|[spread] p2a\n|-miss|p1b: Blacephalon|p2b: Lisa^_^\n|-damage|p2a: Umbreon|0 fnt\n|faint|p2a: Umbreon\n|-ability|p1b: Blacephalon|Beast Boost|boost\n|-boost|p1b: Blacephalon|spa|1\n|\n|-weather|Snow|[upkeep]\n|upkeep\n|inactive|Moonysloony has 90 seconds left.\n|\n|t:|1695799614\n|switch|p2a: Meowdoriya|Meowscarada, M, shiny|100\/100\n|turn|4\n|inactive|Moonysloony has 90 seconds left.\n|\n|t:|1695799634\n|move|p1a: Comfey|Draining Kiss|p2a: Meowdoriya\n|-supereffective|p2a: Meowdoriya\n|-damage|p2a: Meowdoriya|55\/100\n|-heal|p1a: Comfey|100\/100|[from] drain|[of] p2a: Meowdoriya\n|move|p2a: Meowdoriya|Sucker Punch|p1b: Blacephalon\n|-start|p2a: Meowdoriya|typechange|Dark|[from] ability: Protean\n|-supereffective|p1b: Blacephalon\n|-damage|p1b: Blacephalon|0 fnt\n|faint|p1b: Blacephalon\n|move|p2b: Lisa^_^|Thunder Wave|p1a: Comfey\n|-status|p1a: Comfey|par\n|\n|-weather|Snow|[upkeep]\n|upkeep\n|\n|t:|1695799652\n|switch|p1b: Diancie|Diancie|100\/100\n|turn|5\n|inactive|Moonysloony has 90 seconds left.\n|\n|t:|1695799685\n|detailschange|p1b: Diancie|Diancie-Mega\n|-mega|p1b: Diancie|Diancie|Diancite\n|move|p1a: Comfey|Draining Kiss|p2b: Lisa^_^\n|-supereffective|p2b: Lisa^_^\n|-damage|p2b: Lisa^_^|0 fnt\n|faint|p2b: Lisa^_^\n|move|p2a: Meowdoriya|Sucker Punch||[still]\n|-fail|p2a: Meowdoriya\n|move|p1b: Diancie|Mystical Fire|p2a: Meowdoriya\n|-damage|p2a: Meowdoriya|8\/100\n|-unboost|p2a: Meowdoriya|spa|1\n|\n|-weather|none\n|upkeep\n|inactive|Moonysloony has 90 seconds left.\n|\n|t:|1695799700\n|switch|p2b: Abomasnow|Abomasnow, M|100\/100\n|-weather|Snow|[from] ability: Snow Warning|[of] p2b: Abomasnow\n|turn|6\n|\n|t:|1695799709\n|move|p1a: Comfey|Draining Kiss|p2a: Meowdoriya\n|-supereffective|p2a: Meowdoriya\n|-crit|p2a: Meowdoriya\n|-damage|p2a: Meowdoriya|0 fnt\n|faint|p2a: Meowdoriya\n|move|p1b: Diancie|Mystical Fire|p2b: Abomasnow\n|-supereffective|p2b: Abomasnow\n|-damage|p2b: Abomasnow|0 fnt\n|faint|p2b: Abomasnow\n|\n|-weather|Snow|[upkeep]\n|upkeep\n|\n|t:|1695799722\n|switch|p2a: Espeon|Espeon, F|100\/100\n|turn|7\n|inactive|Moonysloony has 120 seconds left.\n|\n|t:|1695799733\n|move|p1a: Comfey|Helping Hand|p1b: Diancie\n|-singleturn|p1b: Diancie|Helping Hand|[of] p1a: Comfey\n|move|p1b: Diancie|Diamond Storm|p2a: Espeon\n|-damage|p2a: Espeon|0 fnt\n|-boost|p1b: Diancie|def|2\n|faint|p2a: Espeon\n|\n|win|exclam\n|raw|exclam's rating: 1098 &rarr; <strong>1121<\/strong><br \/>(+23 for winning)\n|raw|Moonysloony's rating: 1061 &rarr; <strong>1044<\/strong><br \/>(-17 for losing)\n","uploadtime":1695799746,"views":20,"p1id":"exclam","p2id":"moonysloony","formatid":"gen9nationaldexdoubles","rating":1044,"private":0,"password":""}