{"id":"gen9nationaldexdoubles-1976130523","p1":"ShrimpTheShrimp","p2":"Beyond Subzero","format":"[Gen 9] National Dex Doubles","log":"|j|\u2606ShrimpTheShrimp\n|j|\u2606Beyond Subzero\n|t:|1698266308\n|gametype|doubles\n|player|p1|ShrimpTheShrimp|ltsurge|\n|player|p2|Beyond Subzero|bruno|\n|teamsize|p1|6\n|teamsize|p2|6\n|gen|9\n|tier|[Gen 9] National Dex Doubles\n|rated|Tournament battle\n|rule|HP Percentage Mod: HP is shown in percentages\n|rule|Endless Battle Clause: Forcing endless battles is banned\n|rule|OHKO Clause: OHKO moves are banned\n|rule|Evasion Moves Clause: Evasion moves are banned\n|rule|Evasion Abilities Clause: Evasion abilities are banned\n|rule|Species Clause: Limit one of each Pok\u00e9mon\n|rule|Gravity Sleep Clause: The combination of sleep-inducing moves with imperfect accuracy and Gravity or Gigantamax Orbeetle are banned\n|clearpoke\n|poke|p1|Rillaboom, F|\n|poke|p1|Entei|\n|poke|p1|Charizard, F|\n|poke|p1|Lilligant-Hisui, F|\n|poke|p1|Walking Wake|\n|poke|p1|Chi-Yu|\n|poke|p2|Blaziken, M|\n|poke|p2|Kingambit, F|\n|poke|p2|Tapu Koko|\n|poke|p2|Landorus-Therian, M|\n|poke|p2|Kyurem-Black|\n|poke|p2|Tapu Fini|\n|teampreview\n|inactive|Battle timer is ON: inactive players will automatically lose when time's up. (requested by Beyond Subzero)\n|j| eragon11145\n|c|\u2606Beyond Subzero|glhf\n|c|\u2606ShrimpTheShrimp|u2\n|\n|t:|1698266336\n|start\n|switch|p1a: Charizard|Charizard, F, shiny|100\/100\n|switch|p1b: Chi-Yu|Chi-Yu|100\/100\n|switch|p2a: Tapu Fini|Tapu Fini|100\/100\n|switch|p2b: Landorus|Landorus-Therian, M|100\/100\n|-ability|p1b: Chi-Yu|Beads of Ruin\n|-ability|p2b: Landorus|Intimidate|boost\n|-unboost|p1a: Charizard|atk|1\n|-unboost|p1b: Chi-Yu|atk|1\n|-fieldstart|move: Misty Terrain|[from] ability: Misty Surge|[of] p2a: Tapu Fini\n|turn|1\n|inactive|ShrimpTheShrimp has 120 seconds left.\n|\n|t:|1698266383\n|detailschange|p1a: Charizard|Charizard-Mega-Y, F, shiny\n|-mega|p1a: Charizard|Charizard|Charizardite Y\n|-weather|SunnyDay|[from] ability: Drought|[of] p1a: Charizard\n|-terastallize|p1b: Chi-Yu|Fire\n|move|p1b: Chi-Yu|Heat Wave|p2b: Landorus|[spread] p2a,p2b\n|-resisted|p2a: Tapu Fini\n|-damage|p2a: Tapu Fini|44\/100\n|-damage|p2b: Landorus|0 fnt\n|faint|p2b: Landorus\n|move|p1a: Charizard|Heat Wave|p2a: Tapu Fini|[miss]\n|-miss|p1a: Charizard|p2a: Tapu Fini\n|move|p2a: Tapu Fini|Muddy Water|p1a: Charizard|[spread] p1a,p1b\n|-supereffective|p1a: Charizard\n|-crit|p1a: Charizard\n|-supereffective|p1b: Chi-Yu\n|-damage|p1a: Charizard|52\/100\n|-damage|p1b: Chi-Yu|74\/100\n|-unboost|p1a: Charizard|accuracy|1\n|\n|-weather|SunnyDay|[upkeep]\n|-heal|p2a: Tapu Fini|50\/100|[from] item: Leftovers\n|upkeep\n|inactive|Beyond Subzero has 120 seconds left.\n|\n|t:|1698266416\n|switch|p2b: Tapu Koko|Tapu Koko|100\/100\n|-fieldstart|move: Electric Terrain|[from] ability: Electric Surge|[of] p2b: Tapu Koko\n|turn|2\n|inactive|Beyond Subzero has 120 seconds left.\n|\n|t:|1698266453\n|move|p1a: Charizard|Protect|p1a: Charizard\n|-singleturn|p1a: Charizard|Protect\n|move|p2b: Tapu Koko|Electroweb|p1a: Charizard|[spread] p1b\n|-activate|p1a: Charizard|move: Protect\n|-damage|p1b: Chi-Yu|54\/100\n|-unboost|p1b: Chi-Yu|spe|1\n|move|p1b: Chi-Yu|Heat Wave|p2b: Tapu Koko|[spread] p2a,p2b\n|-resisted|p2a: Tapu Fini\n|-damage|p2a: Tapu Fini|0 fnt\n|-damage|p2b: Tapu Koko|0 fnt\n|faint|p2a: Tapu Fini\n|faint|p2b: Tapu Koko\n|\n|-weather|SunnyDay|[upkeep]\n|upkeep\n|inactive|Beyond Subzero has 90 seconds left.\n|\n|t:|1698266476\n|switch|p2b: Kyurem|Kyurem-Black, shiny|100\/100\n|switch|p2a: Blaziken|Blaziken, M, shiny|100\/100\n|-ability|p2b: Kyurem|Teravolt\n|turn|3\n|inactive|Beyond Subzero has 90 seconds left.\n|\n|t:|1698266510\n|switch|p1a: Rillaboom|Rillaboom, F, shiny|100\/100\n|-fieldstart|move: Grassy Terrain|[from] ability: Grassy Surge|[of] p1a: Rillaboom\n|detailschange|p2a: Blaziken|Blaziken-Mega, M, shiny\n|-mega|p2a: Blaziken|Blaziken|Blazikenite\n|move|p2a: Blaziken|Close Combat|p1b: Chi-Yu\n|-damage|p1b: Chi-Yu|0 fnt\n|-unboost|p2a: Blaziken|def|1\n|-unboost|p2a: Blaziken|spd|1\n|faint|p1b: Chi-Yu\n|move|p2b: Kyurem|Fusion Bolt|p1a: Rillaboom\n|-resisted|p1a: Rillaboom\n|-damage|p1a: Rillaboom|78\/100\n|\n|-weather|SunnyDay|[upkeep]\n|-heal|p1a: Rillaboom|84\/100|[from] Grassy Terrain\n|-ability|p2a: Blaziken|Speed Boost|boost\n|-boost|p2a: Blaziken|spe|1\n|upkeep\n|inactive|ShrimpTheShrimp has 120 seconds left.\n|\n|t:|1698266556\n|switch|p1b: Walking Wake|Walking Wake|100\/100\n|-activate|p1b: Walking Wake|ability: Protosynthesis\n|-start|p1b: Walking Wake|protosynthesisspe\n|turn|4\n|inactive|ShrimpTheShrimp has 120 seconds left.\n|\n|t:|1698266574\n|-terastallize|p2b: Kyurem|Electric\n|move|p2a: Blaziken|Protect|p2a: Blaziken\n|-singleturn|p2a: Blaziken|Protect\n|move|p1a: Rillaboom|Fake Out|p2b: Kyurem\n|-damage|p2b: Kyurem|88\/100\n|move|p1b: Walking Wake|Hydro Steam|p2a: Blaziken\n|-activate|p2a: Blaziken|move: Protect\n|cant|p2b: Kyurem|flinch\n|\n|-weather|SunnyDay|[upkeep]\n|-heal|p2b: Kyurem|94\/100|[from] Grassy Terrain\n|-heal|p1a: Rillaboom|90\/100|[from] Grassy Terrain\n|-ability|p2a: Blaziken|Speed Boost|boost\n|-boost|p2a: Blaziken|spe|1\n|upkeep\n|turn|5\n|inactive|Beyond Subzero has 90 seconds left.\n|\n|t:|1698266608\n|move|p2a: Blaziken|Close Combat|p1b: Walking Wake\n|-damage|p1b: Walking Wake|16\/100\n|-unboost|p2a: Blaziken|def|1\n|-unboost|p2a: Blaziken|spd|1\n|move|p1b: Walking Wake|Hydro Steam|p2a: Blaziken\n|-supereffective|p2a: Blaziken\n|-damage|p2a: Blaziken|0 fnt\n|faint|p2a: Blaziken\n|-damage|p1b: Walking Wake|7\/100|[from] item: Life Orb\n|move|p2b: Kyurem|Fusion Bolt|p1b: Walking Wake\n|-damage|p1b: Walking Wake|0 fnt\n|faint|p1b: Walking Wake\n|-end|p1b: Walking Wake|Protosynthesis|[silent]\n|move|p1a: Rillaboom|Wood Hammer|p2b: Kyurem\n|-damage|p2b: Kyurem|6\/100\n|-damage|p1a: Rillaboom|60\/100|[from] Recoil\n|\n|-weather|none\n|-heal|p2b: Kyurem|12\/100|[from] Grassy Terrain\n|-heal|p1a: Rillaboom|66\/100|[from] Grassy Terrain\n|upkeep\n|\n|t:|1698266631\n|switch|p1b: Charizard|Charizard-Mega-Y, F, shiny|52\/100\n|switch|p2a: Kingambit|Kingambit, F, shiny|100\/100\n|-weather|SunnyDay|[from] ability: Drought|[of] p1b: Charizard\n|turn|6\n|inactive|Beyond Subzero has 120 seconds left.\n|\n|t:|1698266649\n|move|p1b: Charizard|Protect|p1b: Charizard\n|-singleturn|p1b: Charizard|Protect\n|move|p1a: Rillaboom|Grassy Glide|p2b: Kyurem\n|-damage|p2b: Kyurem|0 fnt\n|faint|p2b: Kyurem\n|move|p2a: Kingambit|Sucker Punch||[still]\n|-fail|p2a: Kingambit\n|\n|-weather|SunnyDay|[upkeep]\n|-heal|p1a: Rillaboom|72\/100|[from] Grassy Terrain\n|upkeep\n|turn|7\n|c|\u2606Beyond Subzero|ggs\n|c|\u2606ShrimpTheShrimp|gg\n|\n|t:|1698266664\n|move|p2a: Kingambit|Sucker Punch|p1b: Charizard\n|-damage|p1b: Charizard|0 fnt\n|faint|p1b: Charizard\n|move|p1a: Rillaboom|U-turn|p2a: Kingambit\n|-damage|p2a: Kingambit|82\/100\n|\n|t:|1698266668\n|switch|p1a: Entei|Entei, shiny|100\/100|[from] U-turn\n|\n|-weather|SunnyDay|[upkeep]\n|-heal|p2a: Kingambit|88\/100|[from] Grassy Terrain\n|-fieldend|move: Grassy Terrain\n|upkeep\n|\n|t:|1698266672\n|switch|p1b: Rillaboom|Rillaboom, F, shiny|72\/100\n|-fieldstart|move: Grassy Terrain|[from] ability: Grassy Surge|[of] p1b: Rillaboom\n|turn|8\n|\n|t:|1698266677\n|move|p2a: Kingambit|Protect|p2a: Kingambit\n|-singleturn|p2a: Kingambit|Protect\n|move|p1b: Rillaboom|Fake Out|p2a: Kingambit\n|-activate|p2a: Kingambit|move: Protect\n|move|p1a: Entei|Sacred Fire|p2a: Kingambit\n|-activate|p2a: Kingambit|move: Protect\n|\n|-weather|SunnyDay|[upkeep]\n|-heal|p1b: Rillaboom|78\/100|[from] Grassy Terrain\n|-heal|p2a: Kingambit|94\/100|[from] Grassy Terrain\n|upkeep\n|turn|9\n|\n|t:|1698266689\n|move|p2a: Kingambit|Sucker Punch|p1a: Entei\n|-damage|p1a: Entei|57\/100\n|move|p1a: Entei|Sacred Fire|p2a: Kingambit\n|-supereffective|p2a: Kingambit\n|-damage|p2a: Kingambit|0 fnt\n|faint|p2a: Kingambit\n|\n|win|ShrimpTheShrimp\n|n|\u2606ShrimpTheShrimp|shrimptheshrimp\n|n|\u2606Beyond Subzero|beyondsubzero\n|n| eragon11145|eragon11145\n|c|\u2606Beyond Subzero|ggs good luck in your next round\n|c|\u2606ShrimpTheShrimp|ty man\n","uploadtime":1698266847,"views":8,"p1id":"shrimptheshrimp","p2id":"beyondsubzero","formatid":"gen9nationaldexdoubles","rating":0,"private":0,"password":""}