{"id":"gen9nationaldexdoubles-1971481048","p1":"NekroTheFox","p2":"beasknees","format":"[Gen 9] National Dex Doubles","log":"|j|\u2606NekroTheFox\n|j|\u2606beasknees\n|t:|1697741862\n|gametype|doubles\n|player|p1|NekroTheFox|shadowtriad|\n|player|p2|beasknees|101|\n|teamsize|p1|6\n|teamsize|p2|6\n|gen|9\n|tier|[Gen 9] National Dex Doubles\n|rule|HP Percentage Mod: HP is shown in percentages\n|rule|Endless Battle Clause: Forcing endless battles is banned\n|rule|OHKO Clause: OHKO moves are banned\n|rule|Evasion Moves Clause: Evasion moves are banned\n|rule|Evasion Abilities Clause: Evasion abilities are banned\n|rule|Species Clause: Limit one of each Pok\u00e9mon\n|rule|Gravity Sleep Clause: The combination of sleep-inducing moves with imperfect accuracy and Gravity or Gigantamax Orbeetle are banned\n|clearpoke\n|poke|p1|Corviknight, M|\n|poke|p1|Glimmora, F|\n|poke|p1|Ursaluna-Bloodmoon, M|\n|poke|p1|Volcarona, M|\n|poke|p1|Gyarados, M|\n|poke|p1|Sinistcha|\n|poke|p2|Ferrothorn, M|\n|poke|p2|Whimsicott, F|\n|poke|p2|Trevenant, M|\n|poke|p2|Dipplin, M|\n|poke|p2|Rotom-Mow|\n|poke|p2|Meowscarada, F|\n|teampreview\n|c|\u2606NekroTheFox|glhf\n|c|\u2606beasknees|glhf\n|\n|t:|1697741879\n|start\n|switch|p1a: Glimmora|Glimmora, F|100\/100\n|switch|p1b: Gyarados|Gyarados, M, shiny|100\/100\n|switch|p2a: Meowscarada|Meowscarada, F|100\/100\n|switch|p2b: Dipplin|Dipplin, M|100\/100\n|-ability|p1b: Gyarados|Intimidate|boost\n|-unboost|p2a: Meowscarada|atk|1\n|-unboost|p2b: Dipplin|atk|1\n|-ability|p2b: Dipplin|Supersweet Syrup\n|-ability|p2b: Dipplin|Supersweet Syrup|boost\n|-unboost|p1a: Glimmora|evasion|1\n|-unboost|p1b: Gyarados|evasion|1\n|turn|1\n|\n|t:|1697741909\n|move|p1a: Glimmora|Stealth Rock|p2b: Dipplin\n|-sidestart|p2: beasknees|move: Stealth Rock\n|move|p1b: Gyarados|Substitute|p1b: Gyarados\n|-start|p1b: Gyarados|Substitute\n|-damage|p1b: Gyarados|76\/100\n|move|p2a: Meowscarada|Flower Trick|p1b: Gyarados\n|-start|p2a: Meowscarada|typechange|Grass|[from] ability: Protean\n|-crit|p1b: Gyarados\n|-end|p1b: Gyarados|Substitute\n|move|p2b: Dipplin|Syrup Bomb|p1b: Gyarados\n|-damage|p1b: Gyarados|46\/100\n|-start|p1b: Gyarados|Syrup Bomb\n|\n|-unboost|p1b: Gyarados|spe|1\n|upkeep\n|turn|2\n|\n|t:|1697741937\n|move|p1a: Glimmora|Mortal Spin|p2b: Dipplin|[spread] p2a,p2b\n|-supereffective|p2a: Meowscarada\n|-supereffective|p2b: Dipplin\n|-damage|p2a: Meowscarada|89\/100\n|-damage|p2b: Dipplin|96\/100\n|-status|p2a: Meowscarada|psn\n|-status|p2b: Dipplin|psn\n|move|p2a: Meowscarada|Flower Trick|p1b: Gyarados\n|-crit|p1b: Gyarados\n|-damage|p1b: Gyarados|0 fnt\n|faint|p1b: Gyarados\n|move|p2b: Dipplin|Dragon Pulse|p1a: Glimmora\n|-damage|p1a: Glimmora|55\/100\n|\n|-damage|p2a: Meowscarada|76\/100 psn|[from] psn\n|-damage|p2b: Dipplin|83\/100 psn|[from] psn\n|upkeep\n|\n|t:|1697741955\n|switch|p1b: Ursaluna|Ursaluna-Bloodmoon, M|100\/100\n|turn|3\n|\n|t:|1697741977\n|move|p1b: Ursaluna|Vacuum Wave|p2a: Meowscarada\n|-damage|p2a: Meowscarada|62\/100 psn\n|move|p1a: Glimmora|Spikes|p2a: Meowscarada\n|-sidestart|p2: beasknees|Spikes\n|move|p2a: Meowscarada|Flower Trick|p1b: Ursaluna\n|-supereffective|p1b: Ursaluna\n|-crit|p1b: Ursaluna\n|-damage|p1b: Ursaluna|24\/100\n|move|p2b: Dipplin|Pollen Puff|p2a: Meowscarada\n|-heal|p2a: Meowscarada|100\/100 psn\n|\n|-heal|p1b: Ursaluna|30\/100|[from] item: Leftovers\n|-damage|p2a: Meowscarada|88\/100 psn|[from] psn\n|-damage|p2b: Dipplin|71\/100 psn|[from] psn\n|upkeep\n|turn|4\n|\n|t:|1697742002\n|move|p1a: Glimmora|Spikes|p2a: Meowscarada\n|-sidestart|p2: beasknees|Spikes\n|move|p2a: Meowscarada|Flower Trick|p1b: Ursaluna\n|-supereffective|p1b: Ursaluna\n|-crit|p1b: Ursaluna\n|-damage|p1b: Ursaluna|0 fnt\n|faint|p1b: Ursaluna\n|move|p2b: Dipplin|Dragon Pulse|p1a: Glimmora\n|-damage|p1a: Glimmora|4\/100\n|\n|-damage|p2a: Meowscarada|76\/100 psn|[from] psn\n|-damage|p2b: Dipplin|58\/100 psn|[from] psn\n|upkeep\n|\n|t:|1697742015\n|switch|p1b: Corviknight|Corviknight, M, shiny|100\/100\n|-ability|p1b: Corviknight|Pressure\n|turn|5\n|\n|t:|1697742045\n|switch|p2a: Rotom|Rotom-Mow|100\/100\n|-damage|p2a: Rotom|88\/100|[from] Stealth Rock\n|move|p1a: Glimmora|Spikes|p2b: Dipplin\n|-sidestart|p2: beasknees|Spikes\n|move|p1b: Corviknight|Bulk Up|p1b: Corviknight\n|-boost|p1b: Corviknight|atk|1\n|-boost|p1b: Corviknight|def|1\n|move|p2b: Dipplin|Dragon Pulse|p1a: Glimmora\n|-damage|p1a: Glimmora|0 fnt\n|faint|p1a: Glimmora\n|\n|-damage|p2b: Dipplin|46\/100 psn|[from] psn\n|upkeep\n|\n|t:|1697742059\n|switch|p1a: Volcarona|Volcarona, M|100\/100\n|turn|6\n|\n|t:|1697742075\n|move|p2b: Dipplin|Protect|p2b: Dipplin\n|-singleturn|p2b: Dipplin|Protect\n|move|p1a: Volcarona|Bug Buzz|p2a: Rotom\n|-supereffective|p2a: Rotom\n|-damage|p2a: Rotom|0 fnt\n|faint|p2a: Rotom\n|move|p1b: Corviknight|Bulk Up|p1b: Corviknight\n|-boost|p1b: Corviknight|atk|1\n|-boost|p1b: Corviknight|def|1\n|\n|-damage|p2b: Dipplin|34\/100 psn|[from] psn\n|upkeep\n|\n|t:|1697742103\n|switch|p2a: Meowscarada|Meowscarada, F|76\/100 psn\n|-damage|p2a: Meowscarada|63\/100 psn|[from] Stealth Rock\n|-damage|p2a: Meowscarada|38\/100 psn|[from] Spikes\n|turn|7\n|\n|t:|1697742131\n|move|p1a: Volcarona|Bug Buzz|p2a: Meowscarada\n|-supereffective|p2a: Meowscarada\n|-damage|p2a: Meowscarada|0 fnt\n|faint|p2a: Meowscarada\n|move|p1b: Corviknight|Iron Head|p2b: Dipplin\n|-damage|p2b: Dipplin|3\/100 psn\n|move|p2b: Dipplin|Pollen Puff|p2: Meowscarada|[notarget]\n|-fail|p2b: Dipplin\n|\n|-damage|p2b: Dipplin|0 fnt|[from] psn\n|faint|p2b: Dipplin\n|upkeep\n|\n|t:|1697742138\n|switch|p2a: Ferrothorn|Ferrothorn, M|100\/100\n|switch|p2b: Whimsicott|Whimsicott, F|100\/100\n|-damage|p2a: Ferrothorn|95\/100|[from] Stealth Rock\n|-damage|p2a: Ferrothorn|70\/100|[from] Spikes\n|turn|8\n|\n|t:|1697742173\n|move|p1a: Volcarona|Flamethrower|p2a: Ferrothorn\n|-supereffective|p2a: Ferrothorn\n|-damage|p2a: Ferrothorn|0 fnt\n|faint|p2a: Ferrothorn\n|move|p1b: Corviknight|Iron Head|p2b: Whimsicott\n|-supereffective|p2b: Whimsicott\n|-damage|p2b: Whimsicott|13\/100\n|cant|p2b: Whimsicott|flinch\n|\n|upkeep\n|\n|t:|1697742177\n|switch|p2a: Trevenant|Trevenant, M|100\/100\n|-damage|p2a: Trevenant|88\/100|[from] Stealth Rock\n|-damage|p2a: Trevenant|63\/100|[from] Spikes\n|turn|9\n|\n|t:|1697742190\n|move|p1a: Volcarona|Flamethrower|p2a: Trevenant\n|-supereffective|p2a: Trevenant\n|-damage|p2a: Trevenant|0 fnt\n|faint|p2a: Trevenant\n|move|p1b: Corviknight|Iron Head|p2b: Whimsicott\n|-supereffective|p2b: Whimsicott\n|-damage|p2b: Whimsicott|0 fnt\n|faint|p2b: Whimsicott\n|\n|win|NekroTheFox\n|c|\u2606NekroTheFox|gg\n|c|\u2606NekroTheFox|didn't anticipate the slaughter\n|c|\u2606beasknees|gg\n","uploadtime":1697742231,"views":11,"p1id":"nekrothefox","p2id":"beasknees","formatid":"gen9nationaldexdoubles","rating":0,"private":0,"password":""}