{"id":"gen9nationaldexdoubles-1957774068","p1":"Jolly stranger","p2":"Camdar","format":"[Gen 9] National Dex Doubles","log":"|j|\u2606Jolly stranger\n|j|\u2606Camdar\n|t:|1696260029\n|gametype|doubles\n|player|p1|Jolly stranger|gentleman-gen4dp|\n|player|p2|Camdar|hilda|\n|teamsize|p1|6\n|teamsize|p2|6\n|gen|9\n|tier|[Gen 9] National Dex Doubles\n|rule|HP Percentage Mod: HP is shown in percentages\n|rule|Endless Battle Clause: Forcing endless battles is banned\n|rule|OHKO Clause: OHKO moves are banned\n|rule|Evasion Moves Clause: Evasion moves are banned\n|rule|Evasion Abilities Clause: Evasion abilities are banned\n|rule|Species Clause: Limit one of each Pok\u00e9mon\n|rule|Gravity Sleep Clause: The combination of sleep-inducing moves with imperfect accuracy and Gravity or Gigantamax Orbeetle are banned\n|clearpoke\n|poke|p1|Arcanine, F|\n|poke|p1|Spinda, F|\n|poke|p1|Indeedee-F, F|\n|poke|p1|Palafin, F|\n|poke|p1|Maushold|\n|poke|p1|Golduck, F|\n|poke|p2|Clefable, M|\n|poke|p2|Zapdos|\n|poke|p2|Flamigo, M|\n|poke|p2|Quaquaval, M|\n|poke|p2|Gholdengo|\n|poke|p2|Numel, F|\n|teampreview\n|c|\u2606Jolly stranger|NUMEL\n|\n|t:|1696260052\n|start\n|switch|p1a: Focused|Arcanine, F|100\/100\n|switch|p1b: Dudusparce where?|Maushold|100\/100\n|switch|p2a: the main girl|Clefable, M|100\/100\n|switch|p2b: the hero|Numel, F|100\/100\n|turn|1\n|j| Play Tale of Wuxia\n|\n|t:|1696260073\n|move|p2a: the main girl|Follow Me|p2a: the main girl\n|-singleturn|p2a: the main girl|move: Follow Me\n|move|p1b: Dudusparce where?|Beat Up|p2a: the main girl\n|-resisted|p2a: the main girl\n|-damage|p2a: the main girl|99\/100\n|-resisted|p2a: the main girl\n|-damage|p2a: the main girl|98\/100\n|-resisted|p2a: the main girl\n|-damage|p2a: the main girl|97\/100\n|-resisted|p2a: the main girl\n|-damage|p2a: the main girl|96\/100\n|-resisted|p2a: the main girl\n|-damage|p2a: the main girl|95\/100\n|-resisted|p2a: the main girl\n|-damage|p2a: the main girl|94\/100\n|-hitcount|p2a: the main girl|6\n|move|p1a: Focused|Flame Charge|p2a: the main girl\n|-crit|p2a: the main girl\n|-damage|p2a: the main girl|68\/100\n|-boost|p1a: Focused|spe|1\n|move|p2b: the hero|Yawn|p1b: Dudusparce where?\n|-start|p1b: Dudusparce where?|move: Yawn|[of] p2b: the hero\n|\n|upkeep\n|turn|2\n|\n|t:|1696260096\n|switch|p1b: Gimmick\/limitless|Palafin, F|100\/100\n|move|p1a: Focused|Flame Charge|p2a: the main girl\n|-crit|p2a: the main girl\n|-damage|p2a: the main girl|39\/100\n|-boost|p1a: Focused|spe|1\n|move|p2a: the main girl|Soft-Boiled|p2a: the main girl\n|-heal|p2a: the main girl|89\/100\n|move|p2b: the hero|Yawn|p1a: Focused\n|-start|p1a: Focused|move: Yawn|[of] p2b: the hero\n|\n|upkeep\n|turn|3\n|\n|t:|1696260119\n|switch|p1a: Dudusparce where?|Maushold|100\/100\n|detailschange|p1b: Gimmick\/limitless|Palafin-Hero, F\n|switch|p1b: He brings golduck?|Golduck, F|100\/100\n|move|p2a: the main girl|Psych Up|p1a: Dudusparce where?\n|-copyboost|p2a: the main girl|p1a: Dudusparce where?|[from] move: Psych Up\n|move|p2b: the hero|Will-O-Wisp|p1b: He brings golduck?\n|-status|p1b: He brings golduck?|brn\n|\n|-damage|p1b: He brings golduck?|95\/100 brn|[from] brn\n|upkeep\n|turn|4\n|\n|t:|1696260145\n|switch|p1b: Focused|Arcanine, F|100\/100\n|switch|p2b: bulky water?|Quaquaval, M|100\/100\n|move|p2a: the main girl|Follow Me|p2a: the main girl\n|-singleturn|p2a: the main girl|move: Follow Me\n|move|p1a: Dudusparce where?|Beat Up|p2a: the main girl\n|-resisted|p2a: the main girl\n|-damage|p2a: the main girl|88\/100\n|-resisted|p2a: the main girl\n|-damage|p2a: the main girl|87\/100\n|-resisted|p2a: the main girl\n|-damage|p2a: the main girl|86\/100\n|-resisted|p2a: the main girl\n|-damage|p2a: the main girl|85\/100\n|-resisted|p2a: the main girl\n|-damage|p2a: the main girl|83\/100\n|-hitcount|p2a: the main girl|5\n|\n|upkeep\n|turn|5\n|\n|t:|1696260172\n|move|p1b: Focused|Protect|p1b: Focused\n|-singleturn|p1b: Focused|Protect\n|move|p2a: the main girl|Follow Me|p2a: the main girl\n|-singleturn|p2a: the main girl|move: Follow Me\n|move|p1a: Dudusparce where?|Taunt|p2a: the main girl\n|-start|p2a: the main girl|move: Taunt\n|move|p2b: bulky water?|Aqua Step|p1b: Focused\n|-activate|p1b: Focused|move: Protect\n|\n|upkeep\n|turn|6\n|\n|t:|1696260199\n|switch|p2a: the hero|Numel, F|100\/100\n|-terastallize|p1b: Focused|Water\n|move|p1a: Dudusparce where?|Beat Up|p1b: Focused\n|-damage|p1b: Focused|99\/100\n|-ability|p1b: Focused|Justified|boost\n|-boost|p1b: Focused|atk|1\n|-damage|p1b: Focused|97\/100\n|-ability|p1b: Focused|Justified|boost\n|-boost|p1b: Focused|atk|1\n|-damage|p1b: Focused|95\/100\n|-ability|p1b: Focused|Justified|boost\n|-boost|p1b: Focused|atk|1\n|-damage|p1b: Focused|94\/100\n|-ability|p1b: Focused|Justified|boost\n|-boost|p1b: Focused|atk|1\n|-damage|p1b: Focused|91\/100\n|-ability|p1b: Focused|Justified|boost\n|-boost|p1b: Focused|atk|1\n|-hitcount|p1b: Focused|5\n|move|p1b: Focused|Flame Charge|p2b: bulky water?\n|-resisted|p2b: bulky water?\n|-damage|p2b: bulky water?|58\/100\n|-boost|p1b: Focused|spe|1\n|move|p2b: bulky water?|Aqua Step|p1b: Focused\n|-resisted|p1b: Focused\n|-damage|p1b: Focused|75\/100\n|-boost|p2b: bulky water?|spe|1\n|\n|-heal|p1b: Focused|81\/100|[from] item: Leftovers\n|upkeep\n|turn|7\n|\n|t:|1696260242\n|move|p1b: Focused|Extreme Speed|p2b: bulky water?\n|-damage|p2b: bulky water?|0 fnt\n|faint|p2b: bulky water?\n|move|p1a: Dudusparce where?|Taunt|p2a: the hero\n|-start|p2a: the hero|move: Taunt\n|cant|p2a: the hero|move: Taunt|Yawn\n|\n|-heal|p1b: Focused|87\/100|[from] item: Leftovers\n|upkeep\n|\n|t:|1696260250\n|switch|p2b: the main girl|Clefable, M|83\/100\n|turn|8\n|j| ttlaitw\n|\n|t:|1696260271\n|switch|p2a: the fire nation|Zapdos|100\/100\n|move|p1b: Focused|Extreme Speed|p2b: the main girl\n|-damage|p2b: the main girl|65\/100\n|move|p1a: Dudusparce where?|Taunt|p2b: the main girl\n|-start|p2b: the main girl|move: Taunt\n|cant|p2b: the main girl|move: Taunt|Psych Up\n|\n|-heal|p1b: Focused|94\/100|[from] item: Leftovers\n|upkeep\n|turn|9\n|\n|t:|1696260296\n|switch|p2b: the hero|Numel, F|100\/100\n|-terastallize|p2a: the fire nation|Water\n|move|p1b: Focused|Extreme Speed|p2a: the fire nation\n|-damage|p2a: the fire nation|10\/100\n|move|p2a: the fire nation|Discharge|p1b: Focused|[spread] p1a,p1b\n|-immune|p2b: the hero\n|-supereffective|p1b: Focused\n|-damage|p1a: Dudusparce where?|62\/100\n|-damage|p1b: Focused|46\/100\n|move|p1a: Dudusparce where?|Taunt|p2a: the fire nation\n|-start|p2a: the fire nation|move: Taunt\n|\n|-heal|p1b: Focused|52\/100|[from] item: Leftovers\n|upkeep\n|turn|10\n|\n|t:|1696260317\n|move|p2a: the fire nation|Discharge|p1b: Focused|[spread] p1a,p1b\n|-immune|p2b: the hero\n|-supereffective|p1b: Focused\n|-damage|p1a: Dudusparce where?|23\/100\n|-damage|p1b: Focused|0 fnt\n|faint|p1b: Focused\n|move|p1a: Dudusparce where?|Taunt|p2b: the hero\n|-start|p2b: the hero|move: Taunt\n|cant|p2b: the hero|move: Taunt|Yawn\n|\n|upkeep\n|\n|t:|1696260326\n|switch|p1b: Gimmick\/limitless|Palafin-Hero, F|100\/100\n|-activate|p1b: Gimmick\/limitless|ability: Zero to Hero\n|turn|11\n|c|\u2606Jolly stranger|Oh, shit. I misclicked.\n|\n|t:|1696260347\n|switch|p2a: the main girl|Clefable, M|65\/100\n|switch|p2b: 2nd stringer|Gholdengo|100\/100\n|move|p1b: Gimmick\/limitless|Jet Punch|p2a: the main girl\n|-damage|p2a: the main girl|30\/100\n|move|p1a: Dudusparce where?|Thunder Wave|p2a: the main girl\n|-status|p2a: the main girl|par\n|\n|upkeep\n|turn|12\n|c|\u2606Camdar|the turnaround....\n|c| Play Tale of Wuxia|95% accuracy click\n|\n|t:|1696260407\n|move|p2a: the main girl|Follow Me|p2a: the main girl\n|-singleturn|p2a: the main girl|move: Follow Me\n|move|p1b: Gimmick\/limitless|Jet Punch|p2a: the main girl\n|-damage|p2a: the main girl|0 fnt\n|faint|p2a: the main girl\n|move|p1a: Dudusparce where?|Taunt|p2b: 2nd stringer\n|-immune|p2b: 2nd stringer|[from] ability: Good as Gold\n|move|p2b: 2nd stringer|Nasty Plot|p2b: 2nd stringer\n|-boost|p2b: 2nd stringer|spa|2\n|\n|upkeep\n|c|\u2606Jolly stranger|Ah.\n|\n|t:|1696260420\n|switch|p2a: backup actor|Flamigo, M|100\/100\n|-copyboost|p2a: backup actor|p2b: 2nd stringer|[from] ability: Costar\n|turn|13\n|\n|t:|1696260437\n|switch|p1a: He brings golduck?|Golduck, F|95\/100 brn\n|move|p1b: Gimmick\/limitless|Jet Punch|p2b: 2nd stringer\n|-damage|p2b: 2nd stringer|68\/100\n|move|p2a: backup actor|Tailwind|p2a: backup actor\n|-sidestart|p2: Camdar|move: Tailwind\n|move|p2b: 2nd stringer|Shadow Ball|p1b: Gimmick\/limitless\n|-damage|p1b: Gimmick\/limitless|47\/100\n|\n|-damage|p1a: He brings golduck?|89\/100 brn|[from] brn\n|upkeep\n|turn|14\n|\n|t:|1696260454\n|switch|p1b: Dudusparce where?|Maushold|23\/100\n|move|p2a: backup actor|Close Combat|p1b: Dudusparce where?\n|-supereffective|p1b: Dudusparce where?\n|-damage|p1b: Dudusparce where?|0 fnt\n|-unboost|p2a: backup actor|def|1\n|-unboost|p2a: backup actor|spd|1\n|-enditem|p2a: backup actor|White Herb\n|-clearnegativeboost|p2a: backup actor|[silent]\n|faint|p1b: Dudusparce where?\n|move|p2b: 2nd stringer|Shadow Ball|p1a: He brings golduck?\n|-damage|p1a: He brings golduck?|0 fnt\n|faint|p1a: He brings golduck?\n|\n|upkeep\n|\n|t:|1696260464\n|switch|p1b: Expand Don-|Indeedee-F, F|100\/100\n|switch|p1a: The fifth gimmick|Spinda, F|100\/100\n|-fieldstart|move: Psychic Terrain|[from] ability: Psychic Surge|[of] p1b: Expand Don-\n|turn|15\n|\n|t:|1696260483\n|move|p2a: backup actor|Wide Guard|p2a: backup actor\n|-singleturn|p2a: backup actor|Wide Guard\n|move|p1a: The fifth gimmick|Sucker Punch|p2b: 2nd stringer\n|-activate|p2b: 2nd stringer|move: Psychic Terrain\n|move|p2b: 2nd stringer|Shadow Ball|p1b: Expand Don-\n|-immune|p1b: Expand Don-\n|move|p1b: Expand Don-|Expanding Force|p2a: backup actor|[spread] \n|-activate|p2a: backup actor|move: Wide Guard\n|-activate|p2b: 2nd stringer|move: Wide Guard\n|\n|upkeep\n|turn|16\n|c|\u2606Camdar|what a turn\n|c|\u2606Jolly stranger|My stupidity...\n|c|\u2606Jolly stranger|Is boundless...\n|c|\u2606Camdar|this is going to burn some eyes out in the rewatch\n|c| Play Tale of Wuxia|clap\n|\n|t:|1696260533\n|move|p2a: backup actor|Acrobatics|p1b: Expand Don-\n|-damage|p1b: Expand Don-|30\/100\n|move|p2b: 2nd stringer|Make It Rain|p1a: The fifth gimmick|[spread] p1a,p1b\n|-enditem|p1a: The fifth gimmick|Focus Sash\n|-damage|p1a: The fifth gimmick|1\/100\n|-damage|p1b: Expand Don-|0 fnt\n|-unboost|p2b: 2nd stringer|spa|1\n|faint|p1b: Expand Don-\n|move|p1a: The fifth gimmick|Baton Pass|p1a: The fifth gimmick\n|\n|t:|1696260542\n|switch|p1a: Gimmick\/limitless|Palafin-Hero, F|47\/100|[from] Baton Pass\n|\n|-sideend|p2: Camdar|move: Tailwind\n|upkeep\n|\n|t:|1696260546\n|switch|p1b: The fifth gimmick|Spinda, F|1\/100\n|turn|17\n|\n|t:|1696260558\n|move|p1a: Gimmick\/limitless|Ice Punch|p2a: backup actor\n|-supereffective|p2a: backup actor\n|-damage|p2a: backup actor|44\/100\n|move|p2a: backup actor|Close Combat|p1a: Gimmick\/limitless\n|-crit|p1a: Gimmick\/limitless\n|-damage|p1a: Gimmick\/limitless|0 fnt\n|-unboost|p2a: backup actor|def|1\n|-unboost|p2a: backup actor|spd|1\n|faint|p1a: Gimmick\/limitless\n|move|p2b: 2nd stringer|Make It Rain|p1b: The fifth gimmick\n|-damage|p1b: The fifth gimmick|0 fnt\n|-unboost|p2b: 2nd stringer|spa|1\n|faint|p1b: The fifth gimmick\n|\n|win|Camdar\n|c|\u2606Jolly stranger|WP!\n|l|\u2606Jolly stranger\n|c|\u2606Camdar|i think you would have won\n|l|\u2606Camdar\n|n| 2wb|ttlaitw\n|l| Play Tale of Wuxia\n|j|\u2606Camdar\n|player|p2|Camdar|hilda\n","uploadtime":1696261074,"views":24,"p1id":"jollystranger","p2id":"camdar","formatid":"gen9nationaldexdoubles","rating":0,"private":0,"password":""}