{"id":"gen9nationaldexdoubles-1989190828","p1":"Vican259","p2":"Ubitroll","format":"[Gen 9] National Dex Doubles","log":"|j|\u2606Vican259\n|j|\u2606Ubitroll\n|t:|1699821746\n|gametype|doubles\n|player|p1|Vican259|bellelba|\n|player|p2|Ubitroll|depotagent|\n|teamsize|p1|6\n|teamsize|p2|6\n|gen|9\n|tier|[Gen 9] National Dex Doubles\n|rule|HP Percentage Mod: HP is shown in percentages\n|rule|Endless Battle Clause: Forcing endless battles is banned\n|rule|OHKO Clause: OHKO moves are banned\n|rule|Evasion Moves Clause: Evasion moves are banned\n|rule|Evasion Abilities Clause: Evasion abilities are banned\n|rule|Species Clause: Limit one of each Pok\u00e9mon\n|rule|Gravity Sleep Clause: The combination of sleep-inducing moves with imperfect accuracy and Gravity or Gigantamax Orbeetle are banned\n|clearpoke\n|poke|p1|Ting-Lu|\n|poke|p1|Crawdaunt, M|\n|poke|p1|Honchkrow, F|\n|poke|p1|Wo-Chien|\n|poke|p1|Houndoom, F|\n|poke|p1|Hydreigon, F|\n|poke|p2|Azumarill, M|\n|poke|p2|Iron Valiant|\n|poke|p2|Tinkaton, F|\n|poke|p2|Sylveon, F|\n|poke|p2|Gardevoir, F|\n|poke|p2|Dachsbun, M|\n|teampreview\n|\n|t:|1699821777\n|start\n|switch|p1a: No sp atac|Ting-Lu|100\/100\n|switch|p1b: Crawdaunt|Crawdaunt, M|100\/100\n|switch|p2a: Azumarill|Azumarill, M, shiny|100\/100\n|switch|p2b: Gardevoir|Gardevoir, F, shiny|100\/100\n|-ability|p2b: Gardevoir|Vessel of Ruin\n|-ability|p2b: Gardevoir|Vessel of Ruin|[from] ability: Trace|[of] p1a: No sp atac\n|-ability|p1a: No sp atac|Vessel of Ruin\n|turn|1\n|\n|t:|1699821807\n|detailschange|p2b: Gardevoir|Gardevoir-Mega, F, shiny\n|-mega|p2b: Gardevoir|Gardevoir|Gardevoirite\n|move|p1a: No sp atac|Protect|p1a: No sp atac\n|-singleturn|p1a: No sp atac|Protect\n|move|p1b: Crawdaunt|Crabhammer|p2b: Gardevoir|[miss]\n|-miss|p1b: Crawdaunt|p2b: Gardevoir\n|move|p2b: Gardevoir|Hyper Voice|p1a: No sp atac|[spread] p1b\n|-activate|p1a: No sp atac|move: Protect\n|-supereffective|p1b: Crawdaunt\n|-damage|p1b: Crawdaunt|0 fnt\n|faint|p1b: Crawdaunt\n|move|p2a: Azumarill|Belly Drum|p2a: Azumarill\n|-damage|p2a: Azumarill|50\/100\n|-setboost|p2a: Azumarill|atk|6|[from] move: Belly Drum\n|-enditem|p2a: Azumarill|Sitrus Berry|[eat]\n|-heal|p2a: Azumarill|75\/100|[from] item: Sitrus Berry\n|\n|upkeep\n|\n|t:|1699821833\n|switch|p1b: Honchkrow|Honchkrow, F|100\/100\n|turn|2\n|\n|t:|1699821851\n|move|p2a: Azumarill|Aqua Jet|p1a: No sp atac\n|-supereffective|p1a: No sp atac\n|-damage|p1a: No sp atac|0 fnt\n|faint|p1a: No sp atac\n|move|p1b: Honchkrow|Brave Bird|p2b: Gardevoir\n|-damage|p2b: Gardevoir|30\/100\n|-damage|p1b: Honchkrow|77\/100|[from] Recoil\n|move|p2b: Gardevoir|Hyper Voice|p1b: Honchkrow\n|-supereffective|p1b: Honchkrow\n|-damage|p1b: Honchkrow|0 fnt\n|faint|p1b: Honchkrow\n|\n|upkeep\n|\n|t:|1699821869\n|switch|p1b: Hydreigon|Hydreigon, F|100\/100\n|switch|p1a: No atac|Wo-Chien|100\/100\n|-ability|p1a: No atac|Tablets of Ruin\n|turn|3\n|\n|t:|1699821887\n|-terastallize|p1b: Hydreigon|Steel\n|move|p2b: Gardevoir|Protect|p2b: Gardevoir\n|-singleturn|p2b: Gardevoir|Protect\n|move|p1a: No atac|Protect|p1a: No atac\n|-singleturn|p1a: No atac|Protect\n|move|p2a: Azumarill|Aqua Jet|p1b: Hydreigon\n|-damage|p1b: Hydreigon|17\/100\n|move|p1b: Hydreigon|Flash Cannon|p2b: Gardevoir\n|-activate|p2b: Gardevoir|move: Protect\n|\n|upkeep\n|turn|4\n|\n|t:|1699821908\n|move|p2a: Azumarill|Aqua Jet|p1b: Hydreigon\n|-damage|p1b: Hydreigon|0 fnt\n|faint|p1b: Hydreigon\n|move|p2b: Gardevoir|Hyper Voice|p1a: No atac\n|-supereffective|p1a: No atac\n|-damage|p1a: No atac|20\/100\n|move|p1a: No atac|Leech Seed|p2b: Gardevoir\n|-start|p2b: Gardevoir|move: Leech Seed\n|\n|-heal|p1a: No atac|26\/100|[from] item: Leftovers\n|-damage|p2b: Gardevoir|18\/100|[from] Leech Seed|[of] p1a: No atac\n|-heal|p1a: No atac|37\/100|[silent]\n|upkeep\n|\n|t:|1699821919\n|switch|p1b: Houndoom|Houndoom, F|100\/100\n|turn|5\n|\n|t:|1699821959\n|move|p1a: No atac|Protect|p1a: No atac\n|-singleturn|p1a: No atac|Protect\n|move|p2a: Azumarill|Aqua Jet|p1b: Houndoom\n|-supereffective|p1b: Houndoom\n|-damage|p1b: Houndoom|0 fnt\n|faint|p1b: Houndoom\n|move|p2b: Gardevoir|Hyper Voice|p1a: No atac\n|-activate|p1a: No atac|move: Protect\n|\n|-heal|p1a: No atac|43\/100|[from] item: Leftovers\n|-damage|p2b: Gardevoir|6\/100|[from] Leech Seed|[of] p1a: No atac\n|-heal|p1a: No atac|55\/100|[silent]\n|upkeep\n|turn|6\n|\n|t:|1699821982\n|move|p2b: Gardevoir|Psychic|p1a: No atac\n|-immune|p1a: No atac\n|move|p1a: No atac|Pollen Puff|p2a: Azumarill\n|-resisted|p2a: Azumarill\n|-damage|p2a: Azumarill|66\/100\n|move|p2a: Azumarill|Knock Off|p1a: No atac\n|-resisted|p1a: No atac\n|-damage|p1a: No atac|10\/100\n|-enditem|p1a: No atac|Leftovers|[from] move: Knock Off|[of] p2a: Azumarill\n|\n|-damage|p2b: Gardevoir|0 fnt|[from] Leech Seed|[of] p1a: No atac\n|-heal|p1a: No atac|15\/100|[silent]\n|faint|p2b: Gardevoir\n|upkeep\n|\n|t:|1699822005\n|switch|p2b: Iron Valiant|Iron Valiant|100\/100\n|-enditem|p2b: Iron Valiant|Booster Energy\n|-activate|p2b: Iron Valiant|ability: Quark Drive|[fromitem]\n|-start|p2b: Iron Valiant|quarkdrivespe\n|turn|7\n|\n|t:|1699822017\n|move|p2a: Azumarill|Aqua Jet|p1a: No atac\n|-resisted|p1a: No atac\n|-damage|p1a: No atac|0 fnt\n|faint|p1a: No atac\n|\n|win|Ubitroll\n","uploadtime":1699822028,"views":10,"p1id":"vican259","p2id":"ubitroll","formatid":"gen9nationaldexdoubles","rating":0,"private":0,"password":""}