{"id":"gen9nationaldexdoubles-1983703711","p1":"fumbari 24","p2":"Xalvadore","format":"[Gen 9] National Dex Doubles","log":"|j|\u2606fumbari 24\n|j|\u2606Xalvadore\n|t:|1699163829\n|gametype|doubles\n|player|p1|fumbari 24|hilbert|1511\n|player|p2|Xalvadore|marnie|1396\n|teamsize|p1|6\n|teamsize|p2|6\n|gen|9\n|tier|[Gen 9] National Dex Doubles\n|rated|\n|rule|HP Percentage Mod: HP is shown in percentages\n|rule|Endless Battle Clause: Forcing endless battles is banned\n|rule|OHKO Clause: OHKO moves are banned\n|rule|Evasion Moves Clause: Evasion moves are banned\n|rule|Evasion Abilities Clause: Evasion abilities are banned\n|rule|Species Clause: Limit one of each Pok\u00e9mon\n|rule|Gravity Sleep Clause: The combination of sleep-inducing moves with imperfect accuracy and Gravity or Gigantamax Orbeetle are banned\n|clearpoke\n|poke|p1|Landorus-Therian, M|\n|poke|p1|Chien-Pao|\n|poke|p1|Braviary, M|\n|poke|p1|Blastoise, M|\n|poke|p1|Armarouge, M|\n|poke|p1|Arboliva, F|\n|poke|p2|Tyranitar, F|\n|poke|p2|Gastrodon, F|\n|poke|p2|Excadrill, F|\n|poke|p2|Zapdos|\n|poke|p2|Latias, F|\n|poke|p2|Hitmontop, M|\n|teampreview\n|\n|t:|1699163863\n|start\n|switch|p1a: Huayco|Landorus-Therian, M|100\/100\n|switch|p1b: D.K|Braviary, M|100\/100\n|switch|p2a: Hitmontop|Hitmontop, M|100\/100\n|switch|p2b: Latias|Latias, F|100\/100\n|-ability|p1a: Huayco|Intimidate|boost\n|-unboost|p2a: Hitmontop|atk|1\n|-unboost|p2b: Latias|atk|1\n|-ability|p2a: Hitmontop|Intimidate|boost\n|-unboost|p1a: Huayco|atk|1\n|-unboost|p1b: D.K|atk|1\n|-ability|p1b: D.K|Defiant|boost\n|-boost|p1b: D.K|atk|2\n|turn|1\n|\n|t:|1699163880\n|move|p2a: Hitmontop|Fake Out|p1b: D.K\n|-damage|p1b: D.K|94\/100\n|move|p1a: Huayco|U-turn|p2b: Latias\n|-supereffective|p2b: Latias\n|-damage|p2b: Latias|63\/100\n|\n|t:|1699163891\n|switch|p1a: Wildfire|Armarouge, M|100\/100|[from] U-turn\n|move|p2b: Latias|Tailwind|p2b: Latias\n|-sidestart|p2: Xalvadore|move: Tailwind\n|cant|p1b: D.K|flinch\n|\n|upkeep\n|turn|2\n|\n|t:|1699163903\n|move|p2a: Hitmontop|Wide Guard|p2a: Hitmontop\n|-singleturn|p2a: Hitmontop|Wide Guard\n|move|p2b: Latias|Draco Meteor|p1b: D.K\n|-damage|p1b: D.K|46\/100\n|-unboost|p2b: Latias|spa|2\n|move|p1b: D.K|Roost|p1b: D.K\n|-heal|p1b: D.K|96\/100\n|-singleturn|p1b: D.K|move: Roost\n|move|p1a: Wildfire|Trick Room|p1a: Wildfire\n|-fieldstart|move: Trick Room|[of] p1a: Wildfire\n|\n|upkeep\n|turn|3\n|\n|t:|1699163920\n|move|p2a: Hitmontop|Wide Guard|p2a: Hitmontop\n|-singleturn|p2a: Hitmontop|Wide Guard\n|move|p1a: Wildfire|Psyshock|p2a: Hitmontop\n|-supereffective|p2a: Hitmontop\n|-damage|p2a: Hitmontop|12\/100\n|-enditem|p2a: Hitmontop|Sitrus Berry|[eat]\n|-heal|p2a: Hitmontop|37\/100|[from] item: Sitrus Berry\n|-zpower|p1b: D.K\n|move|p1b: D.K|Supersonic Skystrike|p2b: Latias|[zeffect]\n|-damage|p2b: Latias|0 fnt\n|faint|p2b: Latias\n|\n|upkeep\n|\n|t:|1699163933\n|switch|p2b: Tyranitar|Tyranitar, F|100\/100\n|-weather|Sandstorm|[from] ability: Sand Stream|[of] p2b: Tyranitar\n|turn|4\n|\n|t:|1699163943\n|move|p2a: Hitmontop|Mach Punch|p1b: D.K\n|-damage|p1b: D.K|87\/100\n|move|p1a: Wildfire|Psyshock|p2a: Hitmontop\n|-supereffective|p2a: Hitmontop\n|-damage|p2a: Hitmontop|0 fnt\n|faint|p2a: Hitmontop\n|move|p1b: D.K|Close Combat|p2b: Tyranitar\n|-supereffective|p2b: Tyranitar\n|-enditem|p2b: Tyranitar|Chople Berry|[eat]\n|-enditem|p2b: Tyranitar|Chople Berry|[weaken]\n|-damage|p2b: Tyranitar|2\/100\n|-unboost|p1b: D.K|def|1\n|-unboost|p1b: D.K|spd|1\n|move|p2b: Tyranitar|Rock Slide|p1b: D.K|[spread] p1a,p1b\n|-supereffective|p1a: Wildfire\n|-supereffective|p1b: D.K\n|-damage|p1a: Wildfire|46\/100\n|-damage|p1b: D.K|0 fnt\n|faint|p1b: D.K\n|\n|-weather|Sandstorm|[upkeep]\n|-damage|p1a: Wildfire|40\/100|[from] Sandstorm\n|-sideend|p2: Xalvadore|move: Tailwind\n|upkeep\n|\n|t:|1699163961\n|switch|p2a: Excadrill|Excadrill, F|100\/100\n|switch|p1b: Olivia|Arboliva, F|100\/100\n|turn|5\n|\n|t:|1699163971\n|move|p1b: Olivia|Giga Drain|p2a: Excadrill\n|-damage|p2a: Excadrill|55\/100\n|move|p2b: Tyranitar|Fire Blast|p1b: Olivia\n|-supereffective|p1b: Olivia\n|-damage|p1b: Olivia|63\/100\n|-fieldstart|move: Grassy Terrain|[from] ability: Seed Sower|[of] p1b: Olivia\n|move|p1a: Wildfire|Heat Wave|p2a: Excadrill|[spread] p2a,p2b\n|-supereffective|p2a: Excadrill\n|-resisted|p2b: Tyranitar\n|-damage|p2a: Excadrill|0 fnt\n|-damage|p2b: Tyranitar|0 fnt\n|faint|p2a: Excadrill\n|faint|p2b: Tyranitar\n|\n|-weather|Sandstorm|[upkeep]\n|-damage|p1b: Olivia|57\/100|[from] Sandstorm\n|-damage|p1a: Wildfire|34\/100|[from] Sandstorm\n|-heal|p1b: Olivia|63\/100|[from] Grassy Terrain\n|-heal|p1b: Olivia|69\/100|[from] item: Leftovers\n|-heal|p1a: Wildfire|40\/100|[from] Grassy Terrain\n|upkeep\n|\n|t:|1699163989\n|switch|p2b: Gastrodon|Gastrodon, F|100\/100\n|switch|p2a: Zapdos|Zapdos|100\/100\n|-ability|p2a: Zapdos|Pressure\n|turn|6\n|\n|t:|1699163999\n|move|p1b: Olivia|Giga Drain|p2b: Gastrodon\n|-supereffective|p2b: Gastrodon\n|-damage|p2b: Gastrodon|0 fnt\n|-heal|p1b: Olivia|100\/100|[from] drain|[of] p2b: Gastrodon\n|faint|p2b: Gastrodon\n|move|p1a: Wildfire|Heat Wave|p2a: Zapdos\n|-damage|p2a: Zapdos|57\/100\n|move|p2a: Zapdos|Hidden Power|p1b: Olivia\n|-supereffective|p1b: Olivia\n|-damage|p1b: Olivia|64\/100\n|\n|-weather|Sandstorm|[upkeep]\n|-damage|p1b: Olivia|58\/100|[from] Sandstorm\n|-damage|p1a: Wildfire|34\/100|[from] Sandstorm\n|-damage|p2a: Zapdos|50\/100|[from] Sandstorm\n|-enditem|p2a: Zapdos|Sitrus Berry|[eat]\n|-heal|p2a: Zapdos|75\/100|[from] item: Sitrus Berry\n|-heal|p1b: Olivia|64\/100|[from] Grassy Terrain\n|-heal|p1b: Olivia|70\/100|[from] item: Leftovers\n|-heal|p1a: Wildfire|40\/100|[from] Grassy Terrain\n|-fieldend|move: Trick Room\n|upkeep\n|turn|7\n|c|\u2606Xalvadore|gg\n|-message|Xalvadore forfeited.\n|\n|win|fumbari 24\n|raw|fumbari 24's rating: 1511 &rarr; <strong>1525<\/strong><br \/>(+14 for winning)\n|raw|Xalvadore's rating: 1396 &rarr; <strong>1382<\/strong><br \/>(-14 for losing)\n","uploadtime":1699164019,"views":9,"p1id":"fumbari24","p2id":"xalvadore","formatid":"gen9nationaldexdoubles","rating":1382,"private":0,"password":""}