{"id":"gen9nationaldexdoubles-1962415855","p1":"Lilytheloudmouth","p2":"thundervoltss","format":"[Gen 9] National Dex Doubles","log":"|j|\u2606Lilytheloudmouth\n|j|\u203dthundervoltss\n|t:|1696743117\n|gametype|doubles\n|player|p1|Lilytheloudmouth|roxie|1145\n|player|p2|thundervoltss|volkner|1464\n|teamsize|p1|6\n|teamsize|p2|6\n|gen|9\n|tier|[Gen 9] National Dex Doubles\n|rated|\n|rule|HP Percentage Mod: HP is shown in percentages\n|rule|Endless Battle Clause: Forcing endless battles is banned\n|rule|OHKO Clause: OHKO moves are banned\n|rule|Evasion Moves Clause: Evasion moves are banned\n|rule|Evasion Abilities Clause: Evasion abilities are banned\n|rule|Species Clause: Limit one of each Pok\u00e9mon\n|rule|Gravity Sleep Clause: The combination of sleep-inducing moves with imperfect accuracy and Gravity or Gigantamax Orbeetle are banned\n|clearpoke\n|poke|p1|Munkidori, M|\n|poke|p1|Grafaiai, M|\n|poke|p1|Slaking, M|\n|poke|p1|Rillaboom, M|\n|poke|p1|Infernape, M|\n|poke|p1|Simipour, F|\n|poke|p2|Kommo-o, F|\n|poke|p2|Blacephalon|\n|poke|p2|Indeedee-F, F|\n|poke|p2|Incineroar, M|\n|poke|p2|Sneasler, F|\n|poke|p2|Rillaboom, F|\n|teampreview\n|\n|t:|1696743143\n|start\n|switch|p1a: Smart monkey|Munkidori, M|100\/100\n|switch|p1b: Mossy Monkey|Rillaboom, M|100\/100\n|switch|p2a: Indeedee|Indeedee-F, F|100\/100\n|switch|p2b: Blacephalon|Blacephalon|100\/100\n|-fieldstart|move: Grassy Terrain|[from] ability: Grassy Surge|[of] p1b: Mossy Monkey\n|-fieldstart|move: Psychic Terrain|[from] ability: Psychic Surge|[of] p2a: Indeedee\n|-enditem|p2a: Indeedee|Psychic Seed\n|-boost|p2a: Indeedee|spd|1|[from] item: Psychic Seed\n|turn|1\n|c|\u2606Lilytheloudmouth|would you be willing to share your rillaboom set? im not really sure how to use him\n|c|\u2606Lilytheloudmouth|i think what i have is ok but idk\n|\n|t:|1696743191\n|move|p1b: Mossy Monkey|Fake Out|p2a: Indeedee\n|-activate|p2a: Indeedee|move: Psychic Terrain\n|move|p2b: Blacephalon|Expanding Force|p1b: Mossy Monkey|[spread] p1a,p1b\n|-damage|p1a: Smart monkey|28\/100\n|-damage|p1b: Mossy Monkey|46\/100\n|-damage|p2b: Blacephalon|91\/100|[from] item: Life Orb\n|move|p1a: Smart monkey|Shadow Ball|p2b: Blacephalon\n|-supereffective|p2b: Blacephalon\n|-crit|p2b: Blacephalon\n|-damage|p2b: Blacephalon|0 fnt\n|faint|p2b: Blacephalon\n|-damage|p1a: Smart monkey|18\/100|[from] item: Life Orb\n|move|p2a: Indeedee|Dazzling Gleam|p1a: Smart monkey|[spread] p1a,p1b\n|-resisted|p1a: Smart monkey\n|-damage|p1a: Smart monkey|10\/100\n|-damage|p1b: Mossy Monkey|35\/100\n|\n|upkeep\n|\n|t:|1696743200\n|switch|p2b: Kommo-o|Kommo-o, F|100\/100\n|turn|2\n|\n|t:|1696743232\n|move|p2a: Indeedee|Follow Me|p2a: Indeedee\n|-singleturn|p2a: Indeedee|move: Follow Me\n|move|p1a: Smart monkey|Psychic|p2a: Indeedee\n|-resisted|p2a: Indeedee\n|-damage|p2a: Indeedee|78\/100\n|-damage|p1a: Smart monkey|0 fnt|[from] item: Life Orb\n|faint|p1a: Smart monkey\n|move|p1b: Mossy Monkey|Drain Punch|p2a: Indeedee\n|-damage|p2a: Indeedee|52\/100\n|-heal|p1b: Mossy Monkey|48\/100|[from] drain|[of] p2a: Indeedee\n|-zpower|p2b: Kommo-o\n|move|p2b: Kommo-o|Clangorous Soulblaze|p1b: Mossy Monkey|[zeffect]\n|-damage|p1b: Mossy Monkey|0 fnt\n|faint|p1b: Mossy Monkey\n|-boost|p2b: Kommo-o|atk|1\n|-boost|p2b: Kommo-o|def|1\n|-boost|p2b: Kommo-o|spa|1\n|-boost|p2b: Kommo-o|spd|1\n|-boost|p2b: Kommo-o|spe|1\n|\n|upkeep\n|\n|t:|1696743252\n|switch|p1a: Little Monkey|Grafaiai, M|100\/100\n|switch|p1b: Wet Monkey|Simipour, F|100\/100\n|turn|3\n|\n|t:|1696743283\n|switch|p1a: Hot Monkey|Infernape, M|100\/100\n|move|p2a: Indeedee|Follow Me|p2a: Indeedee\n|-singleturn|p2a: Indeedee|move: Follow Me\n|move|p2b: Kommo-o|Aura Sphere|p1a: Hot Monkey\n|-damage|p1a: Hot Monkey|36\/100\n|move|p1b: Wet Monkey|Ice Beam|p2a: Indeedee\n|-damage|p2a: Indeedee|39\/100\n|\n|upkeep\n|turn|4\n|\n|t:|1696743296\n|move|p1a: Hot Monkey|Vacuum Wave|p2a: Indeedee\n|-activate|p2a: Indeedee|move: Psychic Terrain\n|move|p2b: Kommo-o|Clanging Scales|p1b: Wet Monkey|[spread] p1a,p1b\n|-damage|p1a: Hot Monkey|0 fnt\n|-damage|p1b: Wet Monkey|49\/100\n|faint|p1a: Hot Monkey\n|-unboost|p2b: Kommo-o|def|1\n|move|p1b: Wet Monkey|Ice Beam|p2b: Kommo-o\n|-supereffective|p2b: Kommo-o\n|-damage|p2b: Kommo-o|73\/100\n|move|p2a: Indeedee|Dazzling Gleam|p1b: Wet Monkey\n|-damage|p1b: Wet Monkey|29\/100\n|\n|-heal|p1b: Wet Monkey|35\/100|[from] item: Leftovers\n|upkeep\n|\n|t:|1696743310\n|switch|p1a: Big Monkey|Slaking, M|100\/100\n|turn|5\n|\n|t:|1696743318\n|move|p2b: Kommo-o|Aura Sphere|p1a: Big Monkey\n|-supereffective|p1a: Big Monkey\n|-damage|p1a: Big Monkey|0 fnt\n|faint|p1a: Big Monkey\n|move|p1b: Wet Monkey|Aqua Ring|p1b: Wet Monkey\n|-start|p1b: Wet Monkey|Aqua Ring\n|move|p2a: Indeedee|Dazzling Gleam|p1b: Wet Monkey\n|-damage|p1b: Wet Monkey|15\/100\n|\n|-heal|p1b: Wet Monkey|21\/100|[from] item: Leftovers\n|-heal|p1b: Wet Monkey|27\/100|[from] Aqua Ring\n|-fieldend|move: Psychic Terrain\n|upkeep\n|-message|Lilytheloudmouth forfeited.\n|\n|win|thundervoltss\n|raw|Lilytheloudmouth's rating: 1145 &rarr; <strong>1138<\/strong><br \/>(-7 for losing)\n|raw|thundervoltss's rating: 1464 &rarr; <strong>1469<\/strong><br \/>(+5 for winning)\n|l|\u2606Lilytheloudmouth\n","uploadtime":1696744242,"views":8,"p1id":"lilytheloudmouth","p2id":"thundervoltss","formatid":"gen9nationaldexdoubles","rating":1138,"private":0,"password":""}