{"id":"gen9nationaldexdoubles-1989147164","p1":"Vican259","p2":"thatsrealnito2","format":"[Gen 9] National Dex Doubles","log":"|j|\u2606Vican259\n|j|\u2606thatsrealnito2\n|t:|1699817243\n|gametype|doubles\n|player|p1|Vican259|bellelba|\n|player|p2|thatsrealnito2|iris-gen5bw2|\n|teamsize|p1|6\n|teamsize|p2|6\n|gen|9\n|tier|[Gen 9] National Dex Doubles\n|rule|HP Percentage Mod: HP is shown in percentages\n|rule|Endless Battle Clause: Forcing endless battles is banned\n|rule|OHKO Clause: OHKO moves are banned\n|rule|Evasion Moves Clause: Evasion moves are banned\n|rule|Evasion Abilities Clause: Evasion abilities are banned\n|rule|Species Clause: Limit one of each Pok\u00e9mon\n|rule|Gravity Sleep Clause: The combination of sleep-inducing moves with imperfect accuracy and Gravity or Gigantamax Orbeetle are banned\n|clearpoke\n|poke|p1|Ting-Lu|\n|poke|p1|Crawdaunt, F|\n|poke|p1|Honchkrow, F|\n|poke|p1|Wo-Chien|\n|poke|p1|Houndoom, F|\n|poke|p1|Hydreigon, F|\n|poke|p2|Dracozolt|\n|poke|p2|Flygon, M|\n|poke|p2|Appletun, F|\n|poke|p2|Goodra, F|\n|poke|p2|Noivern, F|\n|poke|p2|Turtonator, F|\n|teampreview\n|\n|t:|1699817258\n|start\n|switch|p1a: No sp atac|Ting-Lu|100\/100\n|switch|p1b: Crawdaunt|Crawdaunt, F|100\/100\n|switch|p2a: goggles|Flygon, M|100\/100\n|switch|p2b: zolt|Dracozolt, shiny|100\/100\n|-ability|p1a: No sp atac|Vessel of Ruin\n|turn|1\n|n|\u2606Vican259|vican259\n|c|\u2606Vican259|!weakness flygon\n|c|!Vican259|\/raw <div class=\"infobox\">Flygon (ignoring abilities):<br \/><span class=\"message-effect-weak\">Weaknesses<\/span>: Dragon, Fairy, <b>Ice<\/b><br \/><span class=\"message-effect-resist\">Resistances<\/span>: Fire, Poison, Rock<br \/><span class=\"message-effect-immune\">Immunities<\/span>: Electric, Sandstorm damage<\/div>\n|\n|t:|1699817352\n|move|p2a: goggles|Sandstorm|p2a: goggles\n|-weather|Sandstorm\n|move|p2b: zolt|Bolt Beak|p1b: Crawdaunt\n|-supereffective|p1b: Crawdaunt\n|-damage|p1b: Crawdaunt|0 fnt\n|faint|p1b: Crawdaunt\n|move|p1a: No sp atac|Stealth Rock|p2b: zolt\n|-sidestart|p2: thatsrealnito2|move: Stealth Rock\n|\n|-weather|Sandstorm|[upkeep]\n|upkeep\n|\n|t:|1699817360\n|switch|p1b: Honchkrow|Honchkrow, F|100\/100\n|turn|2\n|c|\u2606Vican259|!weakness honchkrow\n|c|!Vican259|\/raw <div class=\"infobox\">Honchkrow (ignoring abilities):<br \/><span class=\"message-effect-weak\">Weaknesses<\/span>: Electric, Fairy, Ice, Rock<br \/><span class=\"message-effect-resist\">Resistances<\/span>: Dark, Ghost, Grass<br \/><span class=\"message-effect-immune\">Immunities<\/span>: Ground, Psychic, Prankster<\/div>\n|\n|t:|1699817402\n|move|p2b: zolt|Bolt Beak|p1b: Honchkrow\n|-supereffective|p1b: Honchkrow\n|-damage|p1b: Honchkrow|0 fnt\n|faint|p1b: Honchkrow\n|move|p2a: goggles|Dragon Dance|p2a: goggles\n|-boost|p2a: goggles|atk|1\n|-boost|p2a: goggles|spe|1\n|move|p1a: No sp atac|Earthquake|p2b: zolt|[spread] p2b\n|-immune|p2a: goggles|[from] ability: Levitate\n|-supereffective|p2b: zolt\n|-damage|p2b: zolt|13\/100\n|\n|-weather|Sandstorm|[upkeep]\n|upkeep\n|\n|t:|1699817417\n|switch|p1b: Hydreigon|Hydreigon, F|100\/100\n|turn|3\n|\n|t:|1699817435\n|-terastallize|p1b: Hydreigon|Steel\n|move|p2a: goggles|Stone Edge|p1b: Hydreigon\n|-resisted|p1b: Hydreigon\n|-damage|p1b: Hydreigon|68\/100\n|-damage|p2a: goggles|91\/100|[from] item: Life Orb\n|move|p2b: zolt|Bolt Beak|p1b: Hydreigon\n|-damage|p1b: Hydreigon|0 fnt\n|faint|p1b: Hydreigon\n|move|p1a: No sp atac|Earthquake|p2b: zolt|[spread] p2b\n|-immune|p2a: goggles|[from] ability: Levitate\n|-supereffective|p2b: zolt\n|-crit|p2b: zolt\n|-damage|p2b: zolt|0 fnt\n|faint|p2b: zolt\n|\n|-weather|Sandstorm|[upkeep]\n|upkeep\n|\n|t:|1699817453\n|switch|p1b: Houndoom|Houndoom, F|100\/100\n|switch|p2b: goo|Goodra, F|100\/100\n|-damage|p2b: goo|88\/100|[from] Stealth Rock\n|turn|4\n|\n|t:|1699817478\n|detailschange|p1b: Houndoom|Houndoom-Mega, F\n|-mega|p1b: Houndoom|Houndoom|Houndoominite\n|move|p2a: goggles|Stone Edge|p1b: Houndoom\n|-supereffective|p1b: Houndoom\n|-damage|p1b: Houndoom|0 fnt\n|faint|p1b: Houndoom\n|-damage|p2a: goggles|81\/100|[from] item: Life Orb\n|move|p2b: goo|Hydro Pump|p1a: No sp atac\n|-supereffective|p1a: No sp atac\n|-damage|p1a: No sp atac|59\/100\n|move|p1a: No sp atac|Throat Chop|p2b: goo\n|-damage|p2b: goo|36\/100\n|-start|p2b: goo|Throat Chop|[silent]\n|\n|-weather|Sandstorm|[upkeep]\n|-damage|p2b: goo|29\/100|[from] Sandstorm\n|-heal|p1a: No sp atac|65\/100|[from] item: Leftovers\n|upkeep\n|\n|t:|1699817492\n|switch|p1b: No atac|Wo-Chien|100\/100\n|-ability|p1b: No atac|Tablets of Ruin\n|turn|5\n|\n|t:|1699817520\n|switch|p2a: Turtle|Turtonator, F|100\/100\n|-damage|p2a: Turtle|76\/100|[from] Stealth Rock\n|move|p2b: goo|Fire Blast|p1b: No atac\n|-supereffective|p1b: No atac\n|-damage|p1b: No atac|65\/100\n|move|p1b: No atac|Leech Seed|p2a: Turtle\n|-start|p2a: Turtle|move: Leech Seed\n|move|p1a: No sp atac|Throat Chop|p2a: Turtle\n|-damage|p2a: Turtle|49\/100\n|-start|p2a: Turtle|Throat Chop|[silent]\n|\n|-weather|none\n|-heal|p1b: No atac|71\/100|[from] item: Leftovers\n|-heal|p1a: No sp atac|71\/100|[from] item: Leftovers\n|-damage|p2a: Turtle|37\/100|[from] Leech Seed|[of] p1b: No atac\n|-heal|p1b: No atac|79\/100|[silent]\n|-end|p2b: goo|Throat Chop|[silent]\n|upkeep\n|turn|6\n|\n|t:|1699817553\n|move|p1b: No atac|Protect|p1b: No atac\n|-singleturn|p1b: No atac|Protect\n|move|p2b: goo|Fire Blast|p1b: No atac\n|-activate|p1b: No atac|move: Protect\n|move|p2a: Turtle|Fire Blast|p1b: No atac\n|-activate|p1b: No atac|move: Protect\n|move|p1a: No sp atac|Earthquake|p2b: goo|[spread] p2a,p2b\n|-activate|p1b: No atac|move: Protect\n|-supereffective|p2a: Turtle\n|-crit|p2b: goo\n|-damage|p2a: Turtle|0 fnt\n|-damage|p2b: goo|0 fnt\n|faint|p2a: Turtle\n|faint|p2b: goo\n|\n|-heal|p1b: No atac|86\/100|[from] item: Leftovers\n|-heal|p1a: No sp atac|77\/100|[from] item: Leftovers\n|upkeep\n|\n|t:|1699817573\n|switch|p2b: goggles|Flygon, M|81\/100\n|switch|p2a: Mr Bat|Noivern, F|100\/100\n|-damage|p2b: goggles|75\/100|[from] Stealth Rock\n|turn|7\n|\n|t:|1699817610\n|move|p1a: No sp atac|Protect|p1a: No sp atac\n|-singleturn|p1a: No sp atac|Protect\n|move|p2a: Mr Bat|U-turn|p1b: No atac\n|-supereffective|p1b: No atac\n|-damage|p1b: No atac|59\/100\n|\n|t:|1699817615\n|switch|p2a: a good boi|Appletun, F|100\/100|[from] U-turn\n|-damage|p2a: a good boi|88\/100|[from] Stealth Rock\n|move|p2b: goggles|Stone Edge|p1a: No sp atac\n|-activate|p1a: No sp atac|move: Protect\n|move|p1b: No atac|Ruination|p2b: goggles|[miss]\n|-miss|p1b: No atac|p2b: goggles\n|\n|-heal|p1b: No atac|65\/100|[from] item: Leftovers\n|-heal|p1a: No sp atac|83\/100|[from] item: Leftovers\n|-heal|p2a: a good boi|94\/100|[from] item: Leftovers\n|upkeep\n|turn|8\n|c|\u2606Vican259|!weakness ting-lu\n|c|!Vican259|\/raw <div class=\"infobox\">Ting-Lu (ignoring abilities):<br \/><span class=\"message-effect-weak\">Weaknesses<\/span>: Bug, Fairy, Fighting, Grass, Ice, Water<br \/><span class=\"message-effect-resist\">Resistances<\/span>: Dark, Ghost, Poison, Rock<br \/><span class=\"message-effect-immune\">Immunities<\/span>: Electric, Psychic, Prankster, Sandstorm damage<\/div>\n|\n|t:|1699817652\n|move|p1a: No sp atac|Protect||[still]\n|-fail|p1a: No sp atac\n|move|p2b: goggles|Stone Edge|p1b: No atac\n|-damage|p1b: No atac|44\/100\n|-damage|p2b: goggles|65\/100|[from] item: Life Orb\n|move|p1b: No atac|Leech Seed|p2b: goggles\n|-start|p2b: goggles|move: Leech Seed\n|move|p2a: a good boi|Apple Acid|p1a: No sp atac\n|-supereffective|p1a: No sp atac\n|-damage|p1a: No sp atac|59\/100\n|-unboost|p1a: No sp atac|spd|1\n|\n|-heal|p1b: No atac|50\/100|[from] item: Leftovers\n|-heal|p1a: No sp atac|65\/100|[from] item: Leftovers\n|-heal|p2a: a good boi|100\/100|[from] item: Leftovers\n|-damage|p2b: goggles|52\/100|[from] Leech Seed|[of] p1b: No atac\n|-heal|p1b: No atac|60\/100|[silent]\n|upkeep\n|turn|9\n|\n|t:|1699817694\n|move|p1a: No sp atac|Protect|p1a: No sp atac\n|-singleturn|p1a: No sp atac|Protect\n|move|p2b: goggles|Stone Edge|p1a: No sp atac\n|-activate|p1a: No sp atac|move: Protect\n|move|p1b: No atac|Pollen Puff|p2a: a good boi\n|-supereffective|p2a: a good boi\n|-damage|p2a: a good boi|79\/100\n|move|p2a: a good boi|Apple Acid|p1a: No sp atac\n|-activate|p1a: No sp atac|move: Protect\n|\n|-heal|p1b: No atac|66\/100|[from] item: Leftovers\n|-heal|p1a: No sp atac|71\/100|[from] item: Leftovers\n|-heal|p2a: a good boi|85\/100|[from] item: Leftovers\n|-damage|p2b: goggles|40\/100|[from] Leech Seed|[of] p1b: No atac\n|-heal|p1b: No atac|76\/100|[silent]\n|upkeep\n|turn|10\n|\n|t:|1699817727\n|move|p1b: No atac|Protect|p1b: No atac\n|-singleturn|p1b: No atac|Protect\n|move|p2b: goggles|Stone Edge|p1b: No atac\n|-activate|p1b: No atac|move: Protect\n|move|p1a: No sp atac|Throat Chop|p2b: goggles\n|-damage|p2b: goggles|4\/100\n|-start|p2b: goggles|Throat Chop|[silent]\n|move|p2a: a good boi|Dragon Pulse|p1b: No atac\n|-activate|p1b: No atac|move: Protect\n|\n|-heal|p1b: No atac|82\/100|[from] item: Leftovers\n|-heal|p1a: No sp atac|77\/100|[from] item: Leftovers\n|-heal|p2a: a good boi|92\/100|[from] item: Leftovers\n|-damage|p2b: goggles|0 fnt|[from] Leech Seed|[of] p1b: No atac\n|-heal|p1b: No atac|85\/100|[silent]\n|faint|p2b: goggles\n|upkeep\n|\n|t:|1699817742\n|switch|p2b: Mr Bat|Noivern, F|100\/100\n|turn|11\n|\n|t:|1699817766\n|move|p1a: No sp atac|Protect|p1a: No sp atac\n|-singleturn|p1a: No sp atac|Protect\n|move|p2b: Mr Bat|Flamethrower|p1b: No atac\n|-supereffective|p1b: No atac\n|-damage|p1b: No atac|61\/100\n|move|p1b: No atac|Leech Seed|p2b: Mr Bat\n|-start|p2b: Mr Bat|move: Leech Seed\n|move|p2a: a good boi|Leech Seed|p1a: No sp atac\n|-activate|p1a: No sp atac|move: Protect\n|\n|-heal|p1b: No atac|67\/100|[from] item: Leftovers\n|-heal|p1a: No sp atac|83\/100|[from] item: Leftovers\n|-heal|p2a: a good boi|98\/100|[from] item: Leftovers\n|-damage|p2b: Mr Bat|88\/100|[from] Leech Seed|[of] p1b: No atac\n|-heal|p1b: No atac|77\/100|[silent]\n|upkeep\n|turn|12\n|\n|t:|1699817802\n|move|p1b: No atac|Protect|p1b: No atac\n|-singleturn|p1b: No atac|Protect\n|move|p2b: Mr Bat|Flamethrower|p1b: No atac\n|-activate|p1b: No atac|move: Protect\n|move|p1a: No sp atac|Throat Chop|p2b: Mr Bat\n|-damage|p2b: Mr Bat|55\/100\n|-start|p2b: Mr Bat|Throat Chop|[silent]\n|move|p2a: a good boi|Dragon Pulse|p1a: No sp atac\n|-damage|p1a: No sp atac|63\/100\n|\n|-heal|p1b: No atac|83\/100|[from] item: Leftovers\n|-heal|p1a: No sp atac|70\/100|[from] item: Leftovers\n|-heal|p2a: a good boi|100\/100|[from] item: Leftovers\n|-damage|p2b: Mr Bat|43\/100|[from] Leech Seed|[of] p1b: No atac\n|-heal|p1b: No atac|94\/100|[silent]\n|upkeep\n|turn|13\n|\n|t:|1699817838\n|move|p1a: No sp atac|Protect|p1a: No sp atac\n|-singleturn|p1a: No sp atac|Protect\n|move|p2b: Mr Bat|Roost|p2b: Mr Bat\n|-heal|p2b: Mr Bat|93\/100\n|-singleturn|p2b: Mr Bat|move: Roost\n|move|p1b: No atac|Pollen Puff|p2a: a good boi\n|-supereffective|p2a: a good boi\n|-damage|p2a: a good boi|80\/100\n|move|p2a: a good boi|Dragon Pulse|p1b: No atac\n|-damage|p1b: No atac|80\/100\n|\n|-heal|p1b: No atac|87\/100|[from] item: Leftovers\n|-heal|p1a: No sp atac|76\/100|[from] item: Leftovers\n|-heal|p2a: a good boi|86\/100|[from] item: Leftovers\n|-damage|p2b: Mr Bat|81\/100|[from] Leech Seed|[of] p1b: No atac\n|-heal|p1b: No atac|97\/100|[silent]\n|-end|p2b: Mr Bat|Throat Chop|[silent]\n|upkeep\n|turn|14\n|\n|t:|1699817871\n|move|p1b: No atac|Protect|p1b: No atac\n|-singleturn|p1b: No atac|Protect\n|move|p2b: Mr Bat|Draco Meteor|p1b: No atac\n|-activate|p1b: No atac|move: Protect\n|move|p1a: No sp atac|Throat Chop|p2b: Mr Bat\n|-damage|p2b: Mr Bat|45\/100\n|-start|p2b: Mr Bat|Throat Chop|[silent]\n|move|p2a: a good boi|Apple Acid|p1a: No sp atac\n|-supereffective|p1a: No sp atac\n|-damage|p1a: No sp atac|34\/100\n|-unboost|p1a: No sp atac|spd|1\n|\n|-heal|p1b: No atac|100\/100|[from] item: Leftovers\n|-heal|p1a: No sp atac|40\/100|[from] item: Leftovers\n|-heal|p2a: a good boi|92\/100|[from] item: Leftovers\n|-damage|p2b: Mr Bat|33\/100|[from] Leech Seed|[of] p1b: No atac\n|upkeep\n|turn|15\n|\n|t:|1699817900\n|move|p1a: No sp atac|Protect|p1a: No sp atac\n|-singleturn|p1a: No sp atac|Protect\n|move|p2b: Mr Bat|Roost|p2b: Mr Bat\n|-heal|p2b: Mr Bat|83\/100\n|-singleturn|p2b: Mr Bat|move: Roost\n|move|p1b: No atac|Pollen Puff|p2b: Mr Bat\n|-damage|p2b: Mr Bat|63\/100\n|move|p2a: a good boi|Leech Seed|p1b: No atac\n|-immune|p1b: No atac\n|\n|-heal|p1a: No sp atac|46\/100|[from] item: Leftovers\n|-heal|p2a: a good boi|98\/100|[from] item: Leftovers\n|-damage|p2b: Mr Bat|51\/100|[from] Leech Seed|[of] p1b: No atac\n|-end|p2b: Mr Bat|Throat Chop|[silent]\n|upkeep\n|turn|16\n|\n|t:|1699817927\n|move|p1b: No atac|Protect|p1b: No atac\n|-singleturn|p1b: No atac|Protect\n|move|p2b: Mr Bat|Flamethrower|p1b: No atac\n|-activate|p1b: No atac|move: Protect\n|move|p1a: No sp atac|Throat Chop|p2b: Mr Bat\n|-damage|p2b: Mr Bat|13\/100\n|-start|p2b: Mr Bat|Throat Chop|[silent]\n|move|p2a: a good boi|Apple Acid|p1a: No sp atac\n|-supereffective|p1a: No sp atac\n|-damage|p1a: No sp atac|0 fnt\n|faint|p1a: No sp atac\n|\n|-heal|p2a: a good boi|100\/100|[from] item: Leftovers\n|-damage|p2b: Mr Bat|1\/100|[from] Leech Seed|[of] p1b: No atac\n|upkeep\n|turn|17\n|\n|t:|1699817947\n|move|p2b: Mr Bat|Roost|p2b: Mr Bat\n|-heal|p2b: Mr Bat|51\/100\n|-singleturn|p2b: Mr Bat|move: Roost\n|move|p1b: No atac|Ruination|p2a: a good boi\n|-damage|p2a: a good boi|51\/100\n|move|p2a: a good boi|Apple Acid|p1b: No atac\n|-resisted|p1b: No atac\n|-damage|p1b: No atac|92\/100\n|-unboost|p1b: No atac|spd|1\n|\n|-heal|p1b: No atac|98\/100|[from] item: Leftovers\n|-heal|p2a: a good boi|57\/100|[from] item: Leftovers\n|-damage|p2b: Mr Bat|39\/100|[from] Leech Seed|[of] p1b: No atac\n|-heal|p1b: No atac|100\/100|[silent]\n|-end|p2b: Mr Bat|Throat Chop|[silent]\n|upkeep\n|turn|18\n|\n|t:|1699817966\n|move|p2b: Mr Bat|Flamethrower|p1b: No atac\n|-supereffective|p1b: No atac\n|-damage|p1b: No atac|52\/100\n|move|p1b: No atac|Pollen Puff|p2a: a good boi\n|-supereffective|p2a: a good boi\n|-damage|p2a: a good boi|27\/100\n|move|p2a: a good boi|Recover|p2a: a good boi\n|-heal|p2a: a good boi|78\/100\n|\n|-heal|p1b: No atac|59\/100|[from] item: Leftovers\n|-heal|p2a: a good boi|84\/100|[from] item: Leftovers\n|-damage|p2b: Mr Bat|27\/100|[from] Leech Seed|[of] p1b: No atac\n|-heal|p1b: No atac|69\/100|[silent]\n|upkeep\n|turn|19\n|\n|t:|1699817986\n|move|p2b: Mr Bat|Flamethrower|p1b: No atac\n|-supereffective|p1b: No atac\n|-damage|p1b: No atac|25\/100\n|-status|p1b: No atac|brn\n|move|p1b: No atac|Pollen Puff|p2a: a good boi\n|-supereffective|p2a: a good boi\n|-damage|p2a: a good boi|55\/100\n|move|p2a: a good boi|Dragon Pulse|p1b: No atac\n|-damage|p1b: No atac|0 fnt\n|faint|p1b: No atac\n|\n|win|thatsrealnito2\n","uploadtime":1699818004,"views":8,"p1id":"vican259","p2id":"thatsrealnito2","formatid":"gen9nationaldexdoubles","rating":0,"private":0,"password":""}