{"id":"gen9nationaldexdoubles-1982262759","p1":"KingoftheTitans","p2":"IHNL613","format":"[Gen 9] National Dex Doubles","log":"|j|\u2606KingoftheTitans\n|j|\u2606IHNL613\n|t:|1698986287\n|gametype|doubles\n|player|p1|KingoftheTitans|102|1138\n|player|p2|IHNL613|grimsley|1181\n|teamsize|p1|6\n|teamsize|p2|6\n|gen|9\n|tier|[Gen 9] National Dex Doubles\n|rated|\n|rule|HP Percentage Mod: HP is shown in percentages\n|rule|Endless Battle Clause: Forcing endless battles is banned\n|rule|OHKO Clause: OHKO moves are banned\n|rule|Evasion Moves Clause: Evasion moves are banned\n|rule|Evasion Abilities Clause: Evasion abilities are banned\n|rule|Species Clause: Limit one of each Pok\u00e9mon\n|rule|Gravity Sleep Clause: The combination of sleep-inducing moves with imperfect accuracy and Gravity or Gigantamax Orbeetle are banned\n|clearpoke\n|poke|p1|Dracozolt|\n|poke|p1|Latios, M|\n|poke|p1|Mawile, F|\n|poke|p1|Ogerpon-Hearthflame, F|\n|poke|p1|Tornadus, M|\n|poke|p1|Iron Hands|\n|poke|p2|Feraligatr, M|\n|poke|p2|Garchomp, F|\n|poke|p2|Gliscor, M|\n|poke|p2|Zoroark-Hisui, M|\n|poke|p2|Krookodile, M|\n|poke|p2|Cofagrigus, F|\n|teampreview\n|inactive|Battle timer is ON: inactive players will automatically lose when time's up. (requested by IHNL613)\n|\n|t:|1698986297\n|start\n|switch|p1a: Dracozolt|Dracozolt|100\/100\n|switch|p1b: Tornadus|Tornadus, M|100\/100\n|switch|p2a: Cofagrigus|Cofagrigus, F|100\/100\n|switch|p2b: Krookodile|Krookodile, M|100\/100\n|turn|1\n|\n|t:|1698986319\n|move|p1b: Tornadus|Tailwind|p1b: Tornadus\n|-sidestart|p1: KingoftheTitans|move: Tailwind\n|move|p1a: Dracozolt|Bolt Beak|p2a: Cofagrigus\n|-damage|p2a: Cofagrigus|35\/100\n|-activate|p2a: Cofagrigus|ability: Mummy|Hustle|[of] p1a: Dracozolt\n|move|p2b: Krookodile|Nasty Plot|p2b: Krookodile\n|-boost|p2b: Krookodile|spa|2\n|move|p2a: Cofagrigus|Toxic|p1a: Dracozolt\n|-status|p1a: Dracozolt|tox\n|\n|-heal|p2a: Cofagrigus|42\/100|[from] item: Leftovers\n|-damage|p1a: Dracozolt|94\/100 tox|[from] psn\n|upkeep\n|turn|2\n|\n|t:|1698986338\n|-terastallize|p2b: Krookodile|Normal\n|move|p1a: Dracozolt|Bolt Beak|p2b: Krookodile\n|-crit|p2b: Krookodile\n|-enditem|p2b: Krookodile|Focus Sash\n|-damage|p2b: Krookodile|1\/100\n|replace|p2b: Zoroark|Zoroark-Hisui, M\n|-end|p2b: Zoroark|Illusion\n|move|p1b: Tornadus|Bleakwind Storm|p2b: Zoroark|[spread] p2a,p2b\n|-damage|p2a: Cofagrigus|4\/100\n|-damage|p2b: Zoroark|0 fnt\n|-unboost|p2a: Cofagrigus|spe|1\n|faint|p2b: Zoroark\n|move|p2a: Cofagrigus|Rest|p2a: Cofagrigus\n|-status|p2a: Cofagrigus|slp|[from] move: Rest\n|-heal|p2a: Cofagrigus|100\/100 slp|[silent]\n|\n|-damage|p1a: Dracozolt|82\/100 tox|[from] psn\n|upkeep\n|\n|t:|1698986356\n|switch|p2b: Gliscor|Gliscor, M|100\/100\n|turn|3\n|\n|t:|1698986367\n|switch|p1a: Latios|Latios, M|100\/100\n|move|p1b: Tornadus|Nasty Plot|p1b: Tornadus\n|-boost|p1b: Tornadus|spa|2\n|move|p2b: Gliscor|Dual Wingbeat|p1b: Tornadus\n|-damage|p1b: Tornadus|71\/100\n|-damage|p1b: Tornadus|42\/100\n|-hitcount|p1b: Tornadus|2\n|cant|p2a: Cofagrigus|slp\n|\n|-heal|p1b: Tornadus|48\/100|[from] item: Leftovers\n|-status|p2b: Gliscor|tox|[from] item: Toxic Orb\n|upkeep\n|turn|4\n|\n|t:|1698986391\n|move|p2b: Gliscor|Protect|p2b: Gliscor\n|-singleturn|p2b: Gliscor|Protect\n|move|p1b: Tornadus|Bleakwind Storm|p2a: Cofagrigus|[spread] \n|-activate|p2b: Gliscor|move: Protect\n|-miss|p1b: Tornadus|p2a: Cofagrigus\n|move|p1a: Latios|Draco Meteor|p2a: Cofagrigus\n|-damage|p2a: Cofagrigus|10\/100 slp\n|-unboost|p1a: Latios|spa|2\n|-damage|p1a: Latios|91\/100|[from] item: Life Orb\n|cant|p2a: Cofagrigus|slp\n|\n|-heal|p1b: Tornadus|54\/100|[from] item: Leftovers\n|-heal|p2a: Cofagrigus|16\/100 slp|[from] item: Leftovers\n|-sideend|p1: KingoftheTitans|move: Tailwind\n|upkeep\n|turn|5\n|\n|t:|1698986415\n|switch|p1a: Ogerpon|Ogerpon-Hearthflame, F|100\/100\n|-ability|p1a: Ogerpon|Mold Breaker\n|move|p1b: Tornadus|Bleakwind Storm|p2b: Gliscor|[spread] p2a,p2b\n|-damage|p2a: Cofagrigus|0 fnt\n|-damage|p2b: Gliscor|2\/100 tox\n|-unboost|p2b: Gliscor|spe|1\n|faint|p2a: Cofagrigus\n|move|p2b: Gliscor|Dual Wingbeat|p1b: Tornadus\n|-damage|p1b: Tornadus|25\/100\n|-damage|p1b: Tornadus|0 fnt\n|faint|p1b: Tornadus\n|-hitcount|p1: Tornadus|2\n|\n|-heal|p2b: Gliscor|14\/100 tox|[from] ability: Poison Heal\n|upkeep\n|j| azurecoralsea\n|inactive|KingoftheTitans has 120 seconds left.\n|\n|t:|1698986451\n|switch|p1b: Iron Hands|Iron Hands|100\/100\n|switch|p2a: Krookodile|Krookodile, M|100\/100\n|-ability|p2a: Krookodile|Intimidate|boost\n|-unboost|p1a: Ogerpon|atk|1\n|-unboost|p1b: Iron Hands|atk|1\n|-enditem|p1b: Iron Hands|Booster Energy\n|-activate|p1b: Iron Hands|ability: Quark Drive|[fromitem]\n|-start|p1b: Iron Hands|quarkdriveatk\n|turn|6\n|\n|t:|1698986469\n|move|p2a: Krookodile|Protect|p2a: Krookodile\n|-singleturn|p2a: Krookodile|Protect\n|move|p2b: Gliscor|Protect|p2b: Gliscor\n|-singleturn|p2b: Gliscor|Protect\n|move|p1b: Iron Hands|Protect|p1b: Iron Hands\n|-singleturn|p1b: Iron Hands|Protect\n|move|p1a: Ogerpon|Horn Leech|p2b: Gliscor\n|-activate|p2b: Gliscor|move: Protect\n|\n|-heal|p2b: Gliscor|27\/100 tox|[from] ability: Poison Heal\n|upkeep\n|turn|7\n|inactive|KingoftheTitans has 120 seconds left.\n|inactive|IHNL613 has 120 seconds left.\n|\n|t:|1698986502\n|-end|p1b: Iron Hands|Quark Drive|[silent]\n|switch|p1b: Latios|Latios, M|91\/100\n|move|p1a: Ogerpon|Protect|p1a: Ogerpon\n|-singleturn|p1a: Ogerpon|Protect\n|move|p2a: Krookodile|High Horsepower|p1b: Latios\n|-immune|p1b: Latios|[from] ability: Levitate\n|move|p2b: Gliscor|Dual Wingbeat|p1a: Ogerpon\n|-activate|p1a: Ogerpon|move: Protect\n|\n|-heal|p2b: Gliscor|39\/100 tox|[from] ability: Poison Heal\n|upkeep\n|turn|8\n|\n|t:|1698986519\n|switch|p1a: Mawile|Mawile, F|100\/100\n|move|p2b: Gliscor|Protect|p2b: Gliscor\n|-singleturn|p2b: Gliscor|Protect\n|move|p1b: Latios|Draco Meteor|p2a: Krookodile\n|-damage|p2a: Krookodile|0 fnt\n|-unboost|p1b: Latios|spa|2\n|faint|p2a: Krookodile\n|-damage|p1b: Latios|81\/100|[from] item: Life Orb\n|\n|-heal|p2b: Gliscor|52\/100 tox|[from] ability: Poison Heal\n|upkeep\n|inactive|IHNL613 has 120 seconds left.\n|\n|t:|1698986551\n|switch|p2a: Feraligatr|Feraligatr, M|100\/100\n|turn|9\n|\n|t:|1698986572\n|switch|p1b: Ogerpon|Ogerpon-Hearthflame, F|100\/100\n|-ability|p1b: Ogerpon|Mold Breaker\n|detailschange|p1a: Mawile|Mawile-Mega, F\n|-mega|p1a: Mawile|Mawile|Mawilite\n|move|p2a: Feraligatr|Dragon Dance|p2a: Feraligatr\n|-boost|p2a: Feraligatr|atk|1\n|-boost|p2a: Feraligatr|spe|1\n|move|p2b: Gliscor|High Horsepower|p1a: Mawile\n|-supereffective|p1a: Mawile\n|-damage|p1a: Mawile|21\/100\n|move|p1a: Mawile|Play Rough|p2b: Gliscor\n|-damage|p2b: Gliscor|0 fnt\n|faint|p2b: Gliscor\n|\n|upkeep\n|\n|t:|1698986586\n|switch|p2b: Garchomp|Garchomp, F|100\/100\n|turn|10\n|\n|t:|1698986602\n|move|p2a: Feraligatr|Protect|p2a: Feraligatr\n|-singleturn|p2a: Feraligatr|Protect\n|move|p1a: Mawile|Protect|p1a: Mawile\n|-singleturn|p1a: Mawile|Protect\n|move|p1b: Ogerpon|Horn Leech|p2a: Feraligatr\n|-activate|p2a: Feraligatr|move: Protect\n|move|p2b: Garchomp|Earthquake|p1a: Mawile|[spread] p1b\n|-activate|p2a: Feraligatr|move: Protect\n|-activate|p1a: Mawile|move: Protect\n|-damage|p1b: Ogerpon|51\/100\n|\n|upkeep\n|turn|11\n|\n|t:|1698986623\n|switch|p1a: Latios|Latios, M|81\/100\n|move|p2a: Feraligatr|Liquidation|p1b: Ogerpon\n|-damage|p1b: Ogerpon|0 fnt\n|faint|p1b: Ogerpon\n|move|p2b: Garchomp|Fire Fang|p1a: Latios\n|-resisted|p1a: Latios\n|-damage|p1a: Latios|65\/100\n|\n|upkeep\n|\n|t:|1698986642\n|switch|p1b: Mawile|Mawile-Mega, F|21\/100\n|turn|12\n|\n|t:|1698986660\n|move|p2a: Feraligatr|Protect|p2a: Feraligatr\n|-singleturn|p2a: Feraligatr|Protect\n|move|p2b: Garchomp|Protect|p2b: Garchomp\n|-singleturn|p2b: Garchomp|Protect\n|move|p1b: Mawile|Protect|p1b: Mawile\n|-singleturn|p1b: Mawile|Protect\n|move|p1a: Latios|Draco Meteor|p2b: Garchomp\n|-activate|p2b: Garchomp|move: Protect\n|\n|upkeep\n|turn|13\n|inactive|IHNL613 has 120 seconds left.\n|\n|t:|1698986692\n|move|p1b: Mawile|Sucker Punch|p2a: Feraligatr\n|-damage|p2a: Feraligatr|46\/100\n|move|p2a: Feraligatr|Ice Punch|p1a: Latios\n|-supereffective|p1a: Latios\n|-damage|p1a: Latios|0 fnt\n|faint|p1a: Latios\n|move|p2b: Garchomp|Fire Fang|p1b: Mawile|[miss]\n|-miss|p2b: Garchomp|p1b: Mawile\n|\n|upkeep\n|\n|t:|1698986704\n|switch|p1a: Iron Hands|Iron Hands|100\/100\n|turn|14\n|\n|t:|1698986712\n|-terastallize|p1a: Iron Hands|Fighting\n|move|p2a: Feraligatr|Protect|p2a: Feraligatr\n|-singleturn|p2a: Feraligatr|Protect\n|move|p1b: Mawile|Sucker Punch||[still]\n|-fail|p1b: Mawile\n|move|p2b: Garchomp|Earthquake|p1a: Iron Hands|[spread] p1a,p1b\n|-activate|p2a: Feraligatr|move: Protect\n|-supereffective|p1b: Mawile\n|-damage|p1a: Iron Hands|75\/100\n|-damage|p1b: Mawile|0 fnt\n|faint|p1b: Mawile\n|move|p1a: Iron Hands|Ice Punch|p2b: Garchomp\n|-supereffective|p2b: Garchomp\n|-damage|p2b: Garchomp|0 fnt\n|-damage|p1a: Iron Hands|63\/100|[from] ability: Rough Skin|[of] p2b: Garchomp\n|faint|p2b: Garchomp\n|\n|upkeep\n|\n|t:|1698986727\n|switch|p1b: Dracozolt|Dracozolt|82\/100 tox\n|turn|15\n|\n|t:|1698986741\n|move|p1b: Dracozolt|Bolt Beak|p2a: Feraligatr\n|-supereffective|p2a: Feraligatr\n|-damage|p2a: Feraligatr|0 fnt\n|faint|p2a: Feraligatr\n|\n|win|KingoftheTitans\n|raw|KingoftheTitans's rating: 1138 &rarr; <strong>1166<\/strong><br \/>(+28 for winning)\n|raw|IHNL613's rating: 1181 &rarr; <strong>1153<\/strong><br \/>(-28 for losing)\n|l|\u2606IHNL613\n","uploadtime":1698986750,"views":11,"p1id":"kingofthetitans","p2id":"ihnl613","formatid":"gen9nationaldexdoubles","rating":1153,"private":0,"password":""}