{"id":"gen9nationaldexdoubles-1982809952","p1":"multiingbe","p2":"Explain why u lose","format":"[Gen 9] National Dex Doubles","log":"|j|\u2606multiingbe\n|j|\u2606Explain why u lose\n|t:|1699047075\n|gametype|doubles\n|player|p1|multiingbe|kimonogirl|1039\n|player|p2|Explain why u lose|camper|1000\n|teamsize|p1|6\n|teamsize|p2|6\n|gen|9\n|tier|[Gen 9] National Dex Doubles\n|rated|\n|rule|HP Percentage Mod: HP is shown in percentages\n|rule|Endless Battle Clause: Forcing endless battles is banned\n|rule|OHKO Clause: OHKO moves are banned\n|rule|Evasion Moves Clause: Evasion moves are banned\n|rule|Evasion Abilities Clause: Evasion abilities are banned\n|rule|Species Clause: Limit one of each Pok\u00e9mon\n|rule|Gravity Sleep Clause: The combination of sleep-inducing moves with imperfect accuracy and Gravity or Gigantamax Orbeetle are banned\n|clearpoke\n|poke|p1|Breloom, F|\n|poke|p1|Snorlax, M|\n|poke|p1|Dewgong, M|\n|poke|p1|Ditto|\n|poke|p1|Masquerain, M|\n|poke|p1|Latias, F|\n|poke|p2|Zygarde|\n|poke|p2|Blastoise, M|\n|poke|p2|Clefable, M|\n|poke|p2|Indeedee-F, F|\n|poke|p2|Venomoth, M|\n|poke|p2|Mr. Mime, F|\n|teampreview\n|\n|t:|1699047131\n|start\n|switch|p1a: Tihulepvi|Dewgong, M|100\/100\n|switch|p1b: Uyelbri Bel|Breloom, F|100\/100\n|switch|p2a: Zygarde|Zygarde|100\/100\n|switch|p2b: Blastoise|Blastoise, M|100\/100\n|-ability|p2a: Zygarde|Aura Break\n|turn|1\n|inactive|Battle timer is ON: inactive players will automatically lose when time's up. (requested by Explain why u lose)\n|\n|t:|1699047153\n|move|p1a: Tihulepvi|Fake Out|p2a: Zygarde\n|-damage|p2a: Zygarde|94\/100\n|move|p2b: Blastoise|Follow Me|p2b: Blastoise\n|-singleturn|p2b: Blastoise|move: Follow Me\n|move|p1b: Uyelbri Bel|Brick Break|p2b: Blastoise\n|-damage|p2b: Blastoise|71\/100\n|cant|p2a: Zygarde|flinch\n|\n|upkeep\n|turn|2\n|\n|t:|1699047168\n|switch|p1a: Ouluupsen|Snorlax, M|100\/100\n|move|p2b: Blastoise|Follow Me|p2b: Blastoise\n|-singleturn|p2b: Blastoise|move: Follow Me\n|move|p1b: Uyelbri Bel|Mach Punch|p2b: Blastoise\n|-damage|p2b: Blastoise|57\/100\n|move|p2a: Zygarde|Dragon Dance|p2a: Zygarde\n|-boost|p2a: Zygarde|atk|1\n|-boost|p2a: Zygarde|spe|1\n|\n|upkeep\n|turn|3\n|\n|t:|1699047183\n|move|p1b: Uyelbri Bel|Protect|p1b: Uyelbri Bel\n|-singleturn|p1b: Uyelbri Bel|Protect\n|move|p2b: Blastoise|Follow Me|p2b: Blastoise\n|-singleturn|p2b: Blastoise|move: Follow Me\n|move|p2a: Zygarde|Dragon Dance|p2a: Zygarde\n|-boost|p2a: Zygarde|atk|1\n|-boost|p2a: Zygarde|spe|1\n|move|p1a: Ouluupsen|Yawn|p2b: Blastoise\n|-start|p2b: Blastoise|move: Yawn|[of] p1a: Ouluupsen\n|\n|upkeep\n|turn|4\n|\n|t:|1699047205\n|switch|p2b: Clefable|Clefable, M|100\/100\n|move|p2a: Zygarde|Protect|p2a: Zygarde\n|-singleturn|p2a: Zygarde|Protect\n|move|p1b: Uyelbri Bel|Brick Break|p2a: Zygarde\n|-activate|p2a: Zygarde|move: Protect\n|move|p1a: Ouluupsen|Psych Up|p2a: Zygarde\n|-copyboost|p1a: Ouluupsen|p2a: Zygarde|[from] move: Psych Up\n|\n|upkeep\n|turn|5\n|\n|t:|1699047222\n|move|p2b: Clefable|Follow Me|p2b: Clefable\n|-singleturn|p2b: Clefable|move: Follow Me\n|move|p2a: Zygarde|Dragon Dance|p2a: Zygarde\n|-boost|p2a: Zygarde|atk|1\n|-boost|p2a: Zygarde|spe|1\n|move|p1b: Uyelbri Bel|Brick Break|p2b: Clefable\n|-resisted|p2b: Clefable\n|-damage|p2b: Clefable|82\/100\n|move|p1a: Ouluupsen|Yawn|p2b: Clefable\n|-start|p2b: Clefable|move: Yawn|[of] p1a: Ouluupsen\n|\n|upkeep\n|turn|6\n|\n|t:|1699047241\n|move|p1b: Uyelbri Bel|Protect|p1b: Uyelbri Bel\n|-singleturn|p1b: Uyelbri Bel|Protect\n|move|p2b: Clefable|Follow Me|p2b: Clefable\n|-singleturn|p2b: Clefable|move: Follow Me\n|move|p2a: Zygarde|Thousand Arrows|p1a: Ouluupsen|[spread] p1a\n|-activate|p1b: Uyelbri Bel|move: Protect\n|-damage|p1a: Ouluupsen|47\/100\n|move|p1a: Ouluupsen|Yawn||[still]\n|-fail|p1a: Ouluupsen\n|\n|-end|p2b: Clefable|move: Yawn|[silent]\n|-status|p2b: Clefable|slp\n|upkeep\n|turn|7\n|\n|t:|1699047262\n|cant|p2b: Clefable|slp\n|move|p1b: Uyelbri Bel|Mach Punch|p2a: Zygarde\n|-damage|p2a: Zygarde|79\/100\n|move|p2a: Zygarde|Thousand Arrows|p1a: Ouluupsen|[spread] p1a,p1b\n|-resisted|p1b: Uyelbri Bel\n|-damage|p1a: Ouluupsen|0 fnt\n|-damage|p1b: Uyelbri Bel|34\/100\n|faint|p1a: Ouluupsen\n|\n|upkeep\n|inactive|multiingbe has 120 seconds left.\n|\n|t:|1699047277\n|switch|p1a: Tihulepvi|Dewgong, M|100\/100\n|turn|8\n|\n|t:|1699047288\n|switch|p2b: Blastoise|Blastoise, M|57\/100\n|move|p1b: Uyelbri Bel|Helping Hand|p1a: Tihulepvi\n|-singleturn|p1a: Tihulepvi|Helping Hand|[of] p1b: Uyelbri Bel\n|move|p2a: Zygarde|Protect|p2a: Zygarde\n|-singleturn|p2a: Zygarde|Protect\n|move|p1a: Tihulepvi|Ice Beam|p2a: Zygarde\n|-activate|p2a: Zygarde|move: Protect\n|\n|upkeep\n|turn|9\n|\n|t:|1699047307\n|switch|p1a: Aouost|Masquerain, M|100\/100\n|-ability|p1a: Aouost|Unnerve\n|move|p2b: Blastoise|Follow Me|p2b: Blastoise\n|-singleturn|p2b: Blastoise|move: Follow Me\n|move|p2a: Zygarde|Thousand Arrows|p1b: Uyelbri Bel|[spread] p1a,p1b\n|-resisted|p1b: Uyelbri Bel\n|-damage|p1a: Aouost|0 fnt\n|-damage|p1b: Uyelbri Bel|0 fnt\n|faint|p1a: Aouost\n|faint|p1b: Uyelbri Bel\n|\n|upkeep\n|\n|t:|1699047321\n|switch|p1b: Izueueoouh|Ditto|100\/100\n|switch|p1a: Tihulepvi|Dewgong, M|100\/100\n|-transform|p1b: Izueueoouh|p2a: Zygarde|[from] ability: Imposter\n|-ability|p1b: Izueueoouh|Aura Break\n|turn|10\n|\n|t:|1699047339\n|move|p1a: Tihulepvi|Fake Out|p2a: Zygarde\n|-damage|p2a: Zygarde|72\/100\n|move|p2b: Blastoise|Follow Me|p2b: Blastoise\n|-singleturn|p2b: Blastoise|move: Follow Me\n|move|p1b: Izueueoouh|Dragon Dance|p1b: Izueueoouh\n|-boost|p1b: Izueueoouh|atk|1\n|-boost|p1b: Izueueoouh|spe|1\n|cant|p2a: Zygarde|flinch\n|\n|upkeep\n|turn|11\n|\n|t:|1699047369\n|switch|p1b: Lom Alsuiell|Latias, F|100\/100\n|move|p2a: Zygarde|Protect|p2a: Zygarde\n|-singleturn|p2a: Zygarde|Protect\n|move|p1a: Tihulepvi|Ice Beam|p2a: Zygarde\n|-activate|p2a: Zygarde|move: Protect\n|move|p2b: Blastoise|Roar|p1b: Lom Alsuiell\n|drag|p1b: Izueueoouh|Ditto|100\/100\n|-transform|p1b: Izueueoouh|p2a: Zygarde|[from] ability: Imposter\n|-ability|p1b: Izueueoouh|Aura Break\n|\n|upkeep\n|turn|12\n|\n|t:|1699047393\n|switch|p1a: Lom Alsuiell|Latias, F|100\/100\n|move|p2b: Blastoise|Follow Me|p2b: Blastoise\n|-singleturn|p2b: Blastoise|move: Follow Me\n|move|p1b: Izueueoouh|Thousand Arrows|p2b: Blastoise|[spread] p2a,p2b\n|-damage|p2a: Zygarde|23\/100\n|-damage|p2b: Blastoise|0 fnt\n|faint|p2b: Blastoise\n|move|p2a: Zygarde|Thousand Arrows|p1a: Lom Alsuiell|[spread] p1a,p1b\n|-damage|p1a: Lom Alsuiell|7\/100\n|-damage|p1b: Izueueoouh|8\/100\n|-start|p1a: Lom Alsuiell|Smack Down\n|\n|upkeep\n|\n|t:|1699047412\n|switch|p2b: Mr. Mime|Mr. Mime, F|100\/100\n|turn|13\n|\n|t:|1699047427\n|detailschange|p1a: Lom Alsuiell|Latias-Mega, F\n|-mega|p1a: Lom Alsuiell|Latias|Latiasite\n|move|p2b: Mr. Mime|Wide Guard|p2b: Mr. Mime\n|-singleturn|p2b: Mr. Mime|Wide Guard\n|move|p1b: Izueueoouh|Thousand Arrows|p2b: Mr. Mime|[spread] \n|-activate|p2a: Zygarde|move: Wide Guard\n|-activate|p2b: Mr. Mime|move: Wide Guard\n|move|p2a: Zygarde|Thousand Arrows|p1b: Izueueoouh|[spread] p1a,p1b\n|-damage|p1a: Lom Alsuiell|0 fnt\n|-damage|p1b: Izueueoouh|0 fnt\n|faint|p1a: Lom Alsuiell\n|faint|p1b: Izueueoouh\n|\n|upkeep\n|\n|t:|1699047441\n|switch|p1b: Tihulepvi|Dewgong, M|100\/100\n|turn|14\n|\n|t:|1699047447\n|move|p1b: Tihulepvi|Fake Out|p2a: Zygarde\n|-damage|p2a: Zygarde|16\/100\n|move|p2b: Mr. Mime|Follow Me|p2b: Mr. Mime\n|-singleturn|p2b: Mr. Mime|move: Follow Me\n|cant|p2a: Zygarde|flinch\n|\n|upkeep\n|turn|15\n|\n|t:|1699047458\n|-terastallize|p1b: Tihulepvi|Water\n|move|p2b: Mr. Mime|Follow Me|p2b: Mr. Mime\n|-singleturn|p2b: Mr. Mime|move: Follow Me\n|move|p2a: Zygarde|Thousand Arrows|p1b: Tihulepvi\n|-damage|p1b: Tihulepvi|0 fnt\n|faint|p1b: Tihulepvi\n|\n|win|Explain why u lose\n|raw|multiingbe's rating: 1039 &rarr; <strong>1021<\/strong><br \/>(-18 for losing)\n|raw|Explain why u lose's rating: 1000 &rarr; <strong>1044<\/strong><br \/>(+44 for winning)\n","uploadtime":1699047469,"views":6,"p1id":"multiingbe","p2id":"explainwhyulose","formatid":"gen9nationaldexdoubles","rating":1021,"private":0,"password":""}