{"id":"gen9nationaldexdoubles-1964530438","p1":"funsies 163638","p2":"The OG Trainer Red","format":"[Gen 9] National Dex Doubles","log":"|j|\u2606funsies 163638\n|j|\u2606The OG Trainer Red\n|t:|1696977225\n|gametype|doubles\n|player|p1|funsies 163638|striker|1135\n|player|p2|The OG Trainer Red|fisherman-gen4|1173\n|teamsize|p1|6\n|teamsize|p2|6\n|gen|9\n|tier|[Gen 9] National Dex Doubles\n|rated|\n|rule|HP Percentage Mod: HP is shown in percentages\n|rule|Endless Battle Clause: Forcing endless battles is banned\n|rule|OHKO Clause: OHKO moves are banned\n|rule|Evasion Moves Clause: Evasion moves are banned\n|rule|Evasion Abilities Clause: Evasion abilities are banned\n|rule|Species Clause: Limit one of each Pok\u00e9mon\n|rule|Gravity Sleep Clause: The combination of sleep-inducing moves with imperfect accuracy and Gravity or Gigantamax Orbeetle are banned\n|clearpoke\n|poke|p1|Jirachi|\n|poke|p1|Aegislash, M|\n|poke|p1|Armarouge, F|\n|poke|p1|Tapu Lele|\n|poke|p1|Blaziken, F|\n|poke|p1|Indeedee-F, F|\n|poke|p2|Ninetales, F|\n|poke|p2|Leafeon, F|\n|poke|p2|Espeon, F|\n|poke|p2|Indeedee-F, F|\n|poke|p2|Ursaluna-Bloodmoon, M|\n|poke|p2|Umbreon, F|\n|teampreview\n|\n|t:|1696977245\n|start\n|switch|p1a: Natasha Romanav|Indeedee-F, F|100\/100\n|switch|p1b: Tony \ud83e\uddd1\u200d\ud83c\udfed|Armarouge, F|100\/100\n|switch|p2a: Espeon|Espeon, F|100\/100\n|switch|p2b: Indeedee|Indeedee-F, F|100\/100\n|-fieldstart|move: Psychic Terrain|[from] ability: Psychic Surge|[of] p1a: Natasha Romanav\n|turn|1\n|\n|t:|1696977265\n|move|p1a: Natasha Romanav|Helping Hand|p1b: Tony \ud83e\uddd1\u200d\ud83c\udfed\n|-singleturn|p1b: Tony \ud83e\uddd1\u200d\ud83c\udfed|Helping Hand|[of] p1a: Natasha Romanav\n|move|p2a: Espeon|Calm Mind|p2a: Espeon\n|-boost|p2a: Espeon|spa|1\n|-boost|p2a: Espeon|spd|1\n|move|p1b: Tony \ud83e\uddd1\u200d\ud83c\udfed|Heat Wave|p2b: Indeedee|[spread] p2a,p2b\n|-damage|p2a: Espeon|50\/100\n|-damage|p2b: Indeedee|43\/100\n|move|p2b: Indeedee|Expanding Force|p1a: Natasha Romanav|[spread] p1a,p1b\n|-resisted|p1a: Natasha Romanav\n|-resisted|p1b: Tony \ud83e\uddd1\u200d\ud83c\udfed\n|-damage|p1a: Natasha Romanav|74\/100\n|-damage|p1b: Tony \ud83e\uddd1\u200d\ud83c\udfed|66\/100\n|\n|upkeep\n|turn|2\n|\n|t:|1696977286\n|move|p1a: Natasha Romanav|Helping Hand|p1b: Tony \ud83e\uddd1\u200d\ud83c\udfed\n|-singleturn|p1b: Tony \ud83e\uddd1\u200d\ud83c\udfed|Helping Hand|[of] p1a: Natasha Romanav\n|move|p2a: Espeon|Expanding Force|p1b: Tony \ud83e\uddd1\u200d\ud83c\udfed|[spread] p1a,p1b\n|-resisted|p1a: Natasha Romanav\n|-resisted|p1b: Tony \ud83e\uddd1\u200d\ud83c\udfed\n|-damage|p1a: Natasha Romanav|17\/100\n|-damage|p1b: Tony \ud83e\uddd1\u200d\ud83c\udfed|8\/100\n|move|p1b: Tony \ud83e\uddd1\u200d\ud83c\udfed|Heat Wave|p2b: Indeedee|[spread] p2a,p2b\n|-damage|p2a: Espeon|3\/100\n|-damage|p2b: Indeedee|0 fnt\n|faint|p2b: Indeedee\n|\n|upkeep\n|\n|t:|1696977304\n|switch|p2b: Ninetales|Ninetales, F|100\/100\n|-weather|SunnyDay|[from] ability: Drought|[of] p2b: Ninetales\n|turn|3\n|\n|t:|1696977316\n|switch|p1a: Shang Chi \ud83e\udd77|Blaziken, F|100\/100\n|move|p1b: Tony \ud83e\uddd1\u200d\ud83c\udfed|Endure|p1b: Tony \ud83e\uddd1\u200d\ud83c\udfed\n|-singleturn|p1b: Tony \ud83e\uddd1\u200d\ud83c\udfed|move: Endure\n|move|p2a: Espeon|Expanding Force|p1a: Shang Chi \ud83e\udd77|[spread] p1a,p1b\n|-supereffective|p1a: Shang Chi \ud83e\udd77\n|-resisted|p1b: Tony \ud83e\uddd1\u200d\ud83c\udfed\n|-damage|p1a: Shang Chi \ud83e\udd77|0 fnt\n|-activate|p1b: Tony \ud83e\uddd1\u200d\ud83c\udfed|move: Endure\n|-damage|p1b: Tony \ud83e\uddd1\u200d\ud83c\udfed|1\/100\n|faint|p1a: Shang Chi \ud83e\udd77\n|move|p2b: Ninetales|Flamethrower|p1b: Tony \ud83e\uddd1\u200d\ud83c\udfed\n|-resisted|p1b: Tony \ud83e\uddd1\u200d\ud83c\udfed\n|-activate|p1b: Tony \ud83e\uddd1\u200d\ud83c\udfed|move: Endure\n|-damage|p1b: Tony \ud83e\uddd1\u200d\ud83c\udfed|1\/100\n|\n|-weather|SunnyDay|[upkeep]\n|upkeep\n|\n|t:|1696977338\n|switch|p1a: Wanda \ud83e\ude84|Tapu Lele|100\/100\n|turn|4\n|\n|t:|1696977348\n|switch|p1b: Steve Rogers \ud83c\uddfa\ud83c\uddf2|Aegislash, M, shiny|100\/100\n|move|p2a: Espeon|Expanding Force|p1b: Steve Rogers \ud83c\uddfa\ud83c\uddf2|[spread] p1a,p1b\n|-resisted|p1a: Wanda \ud83e\ude84\n|-resisted|p1b: Steve Rogers \ud83c\uddfa\ud83c\uddf2\n|-damage|p1a: Wanda \ud83e\ude84|52\/100\n|-damage|p1b: Steve Rogers \ud83c\uddfa\ud83c\uddf2|62\/100\n|move|p1a: Wanda \ud83e\ude84|Thunderbolt|p2a: Espeon\n|-crit|p2a: Espeon\n|-damage|p2a: Espeon|0 fnt\n|faint|p2a: Espeon\n|-damage|p1a: Wanda \ud83e\ude84|42\/100|[from] item: Life Orb\n|move|p2b: Ninetales|Flamethrower|p1a: Wanda \ud83e\ude84\n|-damage|p1a: Wanda \ud83e\ude84|0 fnt\n|faint|p1a: Wanda \ud83e\ude84\n|\n|-weather|SunnyDay|[upkeep]\n|-heal|p1b: Steve Rogers \ud83c\uddfa\ud83c\uddf2|68\/100|[from] item: Leftovers\n|upkeep\n|\n|t:|1696977365\n|switch|p2a: Leafeon|Leafeon, F|100\/100\n|switch|p1a: Ms. Marvel \u26a1|Jirachi|100\/100\n|turn|5\n|\n|t:|1696977381\n|-terastallize|p1a: Ms. Marvel \u26a1|Fairy\n|move|p1b: Steve Rogers \ud83c\uddfa\ud83c\uddf2|King's Shield|p1b: Steve Rogers \ud83c\uddfa\ud83c\uddf2\n|-singleturn|p1b: Steve Rogers \ud83c\uddfa\ud83c\uddf2|Protect\n|move|p2a: Leafeon|Knock Off|p1b: Steve Rogers \ud83c\uddfa\ud83c\uddf2\n|-activate|p1b: Steve Rogers \ud83c\uddfa\ud83c\uddf2|move: Protect\n|-unboost|p2a: Leafeon|atk|1\n|move|p2b: Ninetales|Flamethrower|p1a: Ms. Marvel \u26a1\n|-damage|p1a: Ms. Marvel \u26a1|51\/100\n|move|p1a: Ms. Marvel \u26a1|Thunder Wave|p2b: Ninetales\n|-status|p2b: Ninetales|par\n|\n|-weather|SunnyDay|[upkeep]\n|-heal|p1a: Ms. Marvel \u26a1|57\/100|[from] item: Leftovers\n|-heal|p1b: Steve Rogers \ud83c\uddfa\ud83c\uddf2|75\/100|[from] item: Leftovers\n|upkeep\n|turn|6\n|\n|t:|1696977407\n|move|p1a: Ms. Marvel \u26a1|Follow Me|p1a: Ms. Marvel \u26a1\n|-singleturn|p1a: Ms. Marvel \u26a1|move: Follow Me\n|move|p2a: Leafeon|Knock Off|p1a: Ms. Marvel \u26a1\n|-resisted|p1a: Ms. Marvel \u26a1\n|-damage|p1a: Ms. Marvel \u26a1|48\/100\n|-enditem|p1a: Ms. Marvel \u26a1|Leftovers|[from] move: Knock Off|[of] p2a: Leafeon\n|move|p2b: Ninetales|Flamethrower|p1a: Ms. Marvel \u26a1\n|-damage|p1a: Ms. Marvel \u26a1|3\/100\n|-formechange|p1b: Steve Rogers \ud83c\uddfa\ud83c\uddf2|Aegislash-Blade||[from] ability: Stance Change\n|move|p1b: Steve Rogers \ud83c\uddfa\ud83c\uddf2|Gyro Ball|p2a: Leafeon\n|-damage|p2a: Leafeon|54\/100\n|\n|-weather|SunnyDay|[upkeep]\n|-heal|p1b: Steve Rogers \ud83c\uddfa\ud83c\uddf2|81\/100|[from] item: Leftovers\n|upkeep\n|turn|7\n|\n|t:|1696977429\n|-formechange|p1b: Steve Rogers \ud83c\uddfa\ud83c\uddf2|Aegislash||[from] ability: Stance Change\n|move|p1b: Steve Rogers \ud83c\uddfa\ud83c\uddf2|King's Shield|p1b: Steve Rogers \ud83c\uddfa\ud83c\uddf2\n|-singleturn|p1b: Steve Rogers \ud83c\uddfa\ud83c\uddf2|Protect\n|move|p2a: Leafeon|Knock Off|p1b: Steve Rogers \ud83c\uddfa\ud83c\uddf2\n|-activate|p1b: Steve Rogers \ud83c\uddfa\ud83c\uddf2|move: Protect\n|-unboost|p2a: Leafeon|atk|1\n|move|p1a: Ms. Marvel \u26a1|Thunder Wave|p2a: Leafeon\n|-status|p2a: Leafeon|par\n|move|p2b: Ninetales|Flamethrower|p1a: Ms. Marvel \u26a1\n|-damage|p1a: Ms. Marvel \u26a1|0 fnt\n|faint|p1a: Ms. Marvel \u26a1\n|\n|-weather|none\n|-heal|p1b: Steve Rogers \ud83c\uddfa\ud83c\uddf2|87\/100|[from] item: Leftovers\n|upkeep\n|\n|t:|1696977444\n|switch|p1a: Tony \ud83e\uddd1\u200d\ud83c\udfed|Armarouge, F|1\/100\n|turn|8\n|\n|t:|1696977457\n|move|p1a: Tony \ud83e\uddd1\u200d\ud83c\udfed|Expanding Force|p2a: Leafeon|[spread] p2a,p2b\n|-damage|p2a: Leafeon|0 fnt\n|-damage|p2b: Ninetales|28\/100 par\n|faint|p2a: Leafeon\n|move|p2b: Ninetales|Flamethrower|p1a: Tony \ud83e\uddd1\u200d\ud83c\udfed\n|-resisted|p1a: Tony \ud83e\uddd1\u200d\ud83c\udfed\n|-damage|p1a: Tony \ud83e\uddd1\u200d\ud83c\udfed|0 fnt\n|faint|p1a: Tony \ud83e\uddd1\u200d\ud83c\udfed\n|-formechange|p1b: Steve Rogers \ud83c\uddfa\ud83c\uddf2|Aegislash-Blade||[from] ability: Stance Change\n|move|p1b: Steve Rogers \ud83c\uddfa\ud83c\uddf2|Sacred Sword|p2b: Ninetales\n|-damage|p2b: Ninetales|0 fnt\n|faint|p2b: Ninetales\n|\n|-heal|p1b: Steve Rogers \ud83c\uddfa\ud83c\uddf2|93\/100|[from] item: Leftovers\n|-fieldend|move: Psychic Terrain\n|upkeep\n|\n|t:|1696977472\n|switch|p2b: Umbreon|Umbreon, F|100\/100\n|switch|p1a: Natasha Romanav|Indeedee-F, F|17\/100\n|switch|p2a: Ursaluna|Ursaluna-Bloodmoon, M|100\/100\n|-fieldstart|move: Psychic Terrain|[from] ability: Psychic Surge|[of] p1a: Natasha Romanav\n|turn|9\n|inactive|Battle timer is ON: inactive players will automatically lose when time's up. (requested by The OG Trainer Red)\n|inactive|funsies 163638 has 120 seconds left.\n|\n|t:|1696977504\n|move|p1a: Natasha Romanav|Expanding Force|p2b: Umbreon|[spread] p2a\n|-immune|p2b: Umbreon\n|-damage|p2a: Ursaluna|63\/100\n|move|p2b: Umbreon|Dark Pulse|p1a: Natasha Romanav\n|-supereffective|p1a: Natasha Romanav\n|-damage|p1a: Natasha Romanav|0 fnt\n|faint|p1a: Natasha Romanav\n|move|p1b: Steve Rogers \ud83c\uddfa\ud83c\uddf2|Sacred Sword|p2a: Ursaluna\n|-supereffective|p2a: Ursaluna\n|-damage|p2a: Ursaluna|12\/100\n|move|p2a: Ursaluna|Earth Power|p1b: Steve Rogers \ud83c\uddfa\ud83c\uddf2\n|-supereffective|p1b: Steve Rogers \ud83c\uddfa\ud83c\uddf2\n|-damage|p1b: Steve Rogers \ud83c\uddfa\ud83c\uddf2|0 fnt\n|faint|p1b: Steve Rogers \ud83c\uddfa\ud83c\uddf2\n|\n|win|The OG Trainer Red\n|raw|funsies 163638's rating: 1135 &rarr; <strong>1113<\/strong><br \/>(-22 for losing)\n|raw|The OG Trainer Red's rating: 1173 &rarr; <strong>1195<\/strong><br \/>(+22 for winning)\n|l|\u2606funsies 163638\n","uploadtime":1696977527,"views":5,"p1id":"funsies163638","p2id":"theogtrainerred","formatid":"gen9nationaldexdoubles","rating":1113,"private":0,"password":""}