{"id":"gen9nationaldexdoubles-1972669307","p1":"Sinnoh Athens 420","p2":"A real eel","format":"[Gen 9] National Dex Doubles","log":"|j|\u2606Sinnoh Athens 420\n|j|\u2606A real eel\n|t:|1697874310\n|gametype|doubles\n|player|p1|Sinnoh Athens 420|101|1335\n|player|p2|A real eel|burglar|1471\n|teamsize|p1|6\n|teamsize|p2|6\n|gen|9\n|tier|[Gen 9] National Dex Doubles\n|rated|\n|rule|HP Percentage Mod: HP is shown in percentages\n|rule|Endless Battle Clause: Forcing endless battles is banned\n|rule|OHKO Clause: OHKO moves are banned\n|rule|Evasion Moves Clause: Evasion moves are banned\n|rule|Evasion Abilities Clause: Evasion abilities are banned\n|rule|Species Clause: Limit one of each Pok\u00e9mon\n|rule|Gravity Sleep Clause: The combination of sleep-inducing moves with imperfect accuracy and Gravity or Gigantamax Orbeetle are banned\n|clearpoke\n|poke|p1|Muk-Alola, M|\n|poke|p1|Toxapex, M|\n|poke|p1|Venusaur, M|\n|poke|p1|Salazzle, F|\n|poke|p1|Drapion, M|\n|poke|p1|Nihilego|\n|poke|p2|Diancie|\n|poke|p2|Indeedee-F, F|\n|poke|p2|Oranguru, M|\n|poke|p2|Sylveon, F|\n|poke|p2|Abomasnow, F|\n|poke|p2|Ursaluna, M|\n|teampreview\n|inactive|Battle timer is ON: inactive players will automatically lose when time's up. (requested by Sinnoh Athens 420)\n|\n|t:|1697874330\n|start\n|switch|p1a: Muk|Muk-Alola, M, shiny|100\/100\n|switch|p1b: Salazzle|Salazzle, F, shiny|100\/100\n|switch|p2a: Indeedee|Indeedee-F, F|100\/100\n|switch|p2b: Abomasnow|Abomasnow, F|100\/100\n|-fieldstart|move: Psychic Terrain|[from] ability: Psychic Surge|[of] p2a: Indeedee\n|-weather|Snow|[from] ability: Snow Warning|[of] p2b: Abomasnow\n|turn|1\n|\n|t:|1697874346\n|switch|p2b: Diancie|Diancie|100\/100\n|move|p1b: Salazzle|Poison Gas|p2b: Diancie|[spread] p2b\n|-miss|p1b: Salazzle|p2a: Indeedee\n|-status|p2b: Diancie|psn\n|move|p2a: Indeedee|Expanding Force|p1a: Muk|[spread] p1b\n|-immune|p1a: Muk\n|-supereffective|p1b: Salazzle\n|-enditem|p1b: Salazzle|Focus Sash\n|-damage|p1b: Salazzle|1\/100\n|move|p1a: Muk|Stockpile|p1a: Muk\n|-start|p1a: Muk|stockpile1\n|-boost|p1a: Muk|def|1\n|-boost|p1a: Muk|spd|1\n|\n|-weather|Snow|[upkeep]\n|-damage|p2b: Diancie|88\/100 psn|[from] psn\n|upkeep\n|turn|2\n|\n|t:|1697874366\n|move|p2a: Indeedee|Follow Me|p2a: Indeedee\n|-singleturn|p2a: Indeedee|move: Follow Me\n|move|p1b: Salazzle|Poison Gas|p2b: Diancie|[spread] \n|-miss|p1b: Salazzle|p2a: Indeedee\n|-fail|p2b: Diancie|psn\n|move|p1a: Muk|Stockpile|p1a: Muk\n|-start|p1a: Muk|stockpile2\n|-boost|p1a: Muk|def|1\n|-boost|p1a: Muk|spd|1\n|move|p2b: Diancie|Trick Room|p2b: Diancie\n|-fieldstart|move: Trick Room|[of] p2b: Diancie\n|\n|-weather|Snow|[upkeep]\n|-heal|p2b: Diancie|94\/100 psn|[from] item: Leftovers\n|-damage|p2b: Diancie|82\/100 psn|[from] psn\n|upkeep\n|turn|3\n|\n|t:|1697874385\n|switch|p2a: Ursaluna|Ursaluna, M|100\/100\n|move|p2b: Diancie|Diamond Storm|p1a: Muk|[spread] p1a,p1b\n|-supereffective|p1b: Salazzle\n|-damage|p1a: Muk|90\/100\n|-damage|p1b: Salazzle|0 fnt\n|-boost|p2b: Diancie|def|2\n|faint|p1b: Salazzle\n|-ability|p1a: Muk|Corrosion|[from] ability: Power of Alchemy|[of] p1b: Salazzle\n|move|p1a: Muk|Poison Gas|p2b: Diancie|[spread] p2a,p2b\n|-status|p2a: Ursaluna|psn\n|-fail|p2b: Diancie|psn\n|\n|-weather|Snow|[upkeep]\n|-heal|p2b: Diancie|88\/100 psn|[from] item: Leftovers\n|-damage|p2a: Ursaluna|88\/100 psn|[from] psn\n|-damage|p2b: Diancie|75\/100 psn|[from] psn\n|upkeep\n|\n|t:|1697874404\n|switch|p1b: Toxapex|Toxapex, M|100\/100\n|turn|4\n|\n|t:|1697874416\n|-terastallize|p2a: Ursaluna|Ground\n|move|p2b: Diancie|Protect|p2b: Diancie\n|-singleturn|p2b: Diancie|Protect\n|move|p1b: Toxapex|Muddy Water|p2a: Ursaluna|[spread] p2a\n|-activate|p2b: Diancie|move: Protect\n|-supereffective|p2a: Ursaluna\n|-crit|p2a: Ursaluna\n|-damage|p2a: Ursaluna|27\/100 psn\n|-unboost|p2a: Ursaluna|accuracy|1\n|-zpower|p1a: Muk\n|move|p1a: Muk|Z-Stockpile|p1a: Muk|[anim]Stockpile\n|-heal|p1a: Muk|100\/100|[zeffect]\n|-start|p1a: Muk|stockpile3\n|-boost|p1a: Muk|def|1\n|-boost|p1a: Muk|spd|1\n|move|p2a: Ursaluna|Earthquake|p1a: Muk|[spread] \n|-activate|p2b: Diancie|move: Protect\n|-miss|p2a: Ursaluna|p1a: Muk\n|-miss|p2a: Ursaluna|p1b: Toxapex\n|\n|-weather|Snow|[upkeep]\n|-heal|p2b: Diancie|82\/100 psn|[from] item: Leftovers\n|-damage|p2b: Diancie|69\/100 psn|[from] psn\n|-damage|p2a: Ursaluna|15\/100 psn|[from] psn\n|upkeep\n|turn|5\n|inactive|Sinnoh Athens 420 has 120 seconds left.\n|\n|t:|1697874447\n|move|p1b: Toxapex|Stockpile|p1b: Toxapex\n|-start|p1b: Toxapex|stockpile1\n|-boost|p1b: Toxapex|def|1\n|-boost|p1b: Toxapex|spd|1\n|move|p1a: Muk|Venom Drench|p2b: Diancie|[spread] p2a,p2b\n|-unboost|p2a: Ursaluna|atk|1\n|-unboost|p2a: Ursaluna|spa|1\n|-unboost|p2a: Ursaluna|spe|1\n|-fail|p2b: Diancie|unboost|[from] ability: Clear Body|[of] p2b: Diancie\n|move|p2a: Ursaluna|Earthquake|p1b: Toxapex|[spread] p2b,p1a,p1b\n|-supereffective|p2b: Diancie\n|-supereffective|p1a: Muk\n|-supereffective|p1b: Toxapex\n|-damage|p2b: Diancie|21\/100 psn\n|-damage|p1a: Muk|65\/100\n|-damage|p1b: Toxapex|43\/100\n|move|p2b: Diancie|Diamond Storm|p1b: Toxapex|[spread] p1a,p1b\n|-damage|p1a: Muk|57\/100\n|-damage|p1b: Toxapex|28\/100\n|-boost|p2b: Diancie|def|2\n|\n|-weather|none\n|-heal|p1b: Toxapex|35\/100|[from] item: Black Sludge\n|-heal|p2b: Diancie|27\/100 psn|[from] item: Leftovers\n|-damage|p2a: Ursaluna|3\/100 psn|[from] psn\n|-damage|p2b: Diancie|14\/100 psn|[from] psn\n|-fieldend|move: Psychic Terrain\n|upkeep\n|turn|6\n|inactive|Sinnoh Athens 420 has 120 seconds left.\n|\n|t:|1697874473\n|move|p2b: Diancie|Protect|p2b: Diancie\n|-singleturn|p2b: Diancie|Protect\n|move|p1a: Muk|Protect|p1a: Muk\n|-singleturn|p1a: Muk|Protect\n|move|p1b: Toxapex|Wide Guard|p1b: Toxapex\n|-singleturn|p1b: Toxapex|Wide Guard\n|move|p2a: Ursaluna|Headlong Rush|p1a: Muk\n|-activate|p1a: Muk|move: Protect\n|\n|-heal|p1b: Toxapex|41\/100|[from] item: Black Sludge\n|-heal|p2b: Diancie|21\/100 psn|[from] item: Leftovers\n|-damage|p2a: Ursaluna|0 fnt|[from] psn\n|faint|p2a: Ursaluna\n|-damage|p2b: Diancie|8\/100 psn|[from] psn\n|-fieldend|move: Trick Room\n|upkeep\n|-message|A real eel forfeited.\n|\n|win|Sinnoh Athens 420\n|raw|Sinnoh Athens 420's rating: 1335 &rarr; <strong>1362<\/strong><br \/>(+27 for winning)\n|raw|A real eel's rating: 1471 &rarr; <strong>1444<\/strong><br \/>(-27 for losing)\n|l|\u2606A real eel\n","uploadtime":1697874493,"views":10,"p1id":"sinnohathens420","p2id":"arealeel","formatid":"gen9nationaldexdoubles","rating":1362,"private":0,"password":""}