{"id":"gen9nationaldexdoubles-1959037477","p1":"Ginesect","p2":"Edras16","format":"[Gen 9] National Dex Doubles","log":"|j|\u2606Ginesect\n|j|\u2606Edras16\n|t:|1696380266\n|gametype|doubles\n|player|p1|Ginesect|leon-masters|\n|player|p2|Edras16|steven|\n|teamsize|p1|6\n|teamsize|p2|6\n|gen|9\n|tier|[Gen 9] National Dex Doubles\n|rule|HP Percentage Mod: HP is shown in percentages\n|rule|Endless Battle Clause: Forcing endless battles is banned\n|rule|OHKO Clause: OHKO moves are banned\n|rule|Evasion Moves Clause: Evasion moves are banned\n|rule|Evasion Abilities Clause: Evasion abilities are banned\n|rule|Species Clause: Limit one of each Pok\u00e9mon\n|rule|Gravity Sleep Clause: The combination of sleep-inducing moves with imperfect accuracy and Gravity or Gigantamax Orbeetle are banned\n|clearpoke\n|poke|p1|Farigiraf, M|\n|poke|p1|Indeedee-F, F|\n|poke|p1|Ursaluna-Bloodmoon, M|\n|poke|p1|Armarouge, M|\n|poke|p1|Maushold|\n|poke|p1|Arboliva, M|\n|poke|p2|Charizard, M|\n|poke|p2|Chi-Yu|\n|poke|p2|Flutter Mane|\n|poke|p2|Tornadus, M|\n|poke|p2|Torkoal, M|\n|poke|p2|Walking Wake|\n|teampreview\n|c|\u2606Edras16|Glhf\n|c|\u2606Ginesect|Glhf\n|\n|t:|1696380302\n|start\n|switch|p1a: Indeedee|Indeedee-F, F|100\/100\n|switch|p1b: Maushold|Maushold|100\/100\n|switch|p2a: Charizard|Charizard, M|100\/100\n|switch|p2b: Chi-Yu|Chi-Yu|100\/100\n|-ability|p2b: Chi-Yu|Beads of Ruin\n|-fieldstart|move: Psychic Terrain|[from] ability: Psychic Surge|[of] p1a: Indeedee\n|turn|1\n|\n|t:|1696380389\n|-terastallize|p1a: Indeedee|Water\n|move|p2b: Chi-Yu|Dark Pulse|p1a: Indeedee\n|-damage|p1a: Indeedee|68\/100\n|move|p1b: Maushold|Population Bomb|p2b: Chi-Yu\n|-damage|p2b: Chi-Yu|88\/100\n|-damage|p2b: Chi-Yu|76\/100\n|-damage|p2b: Chi-Yu|64\/100\n|-damage|p2b: Chi-Yu|53\/100\n|-damage|p2b: Chi-Yu|41\/100\n|-damage|p2b: Chi-Yu|30\/100\n|-hitcount|p2b: Chi-Yu|6\n|move|p2a: Charizard|Heat Wave|p1b: Maushold|[spread] p1a,p1b\n|-resisted|p1a: Indeedee\n|-damage|p1a: Indeedee|56\/100\n|-damage|p1b: Maushold|33\/100\n|move|p1a: Indeedee|Trick Room|p1a: Indeedee\n|-fieldstart|move: Trick Room|[of] p1a: Indeedee\n|\n|upkeep\n|turn|2\n|c|\u2606Ginesect|Ahaha\n|c|\u2606Edras16|Bruhhh tera water is crazy cteaming\n|\n|t:|1696380420\n|detailschange|p2a: Charizard|Charizard-Mega-Y, M\n|-mega|p2a: Charizard|Charizard|Charizardite Y\n|-weather|SunnyDay|[from] ability: Drought|[of] p2a: Charizard\n|move|p1a: Indeedee|Hyper Voice|p2b: Chi-Yu|[spread] p2a,p2b\n|-crit|p2a: Charizard\n|-damage|p2a: Charizard|63\/100\n|-damage|p2b: Chi-Yu|3\/100\n|move|p2a: Charizard|Heat Wave|p1a: Indeedee|[spread] p1a\n|-miss|p2a: Charizard|p1b: Maushold\n|-resisted|p1a: Indeedee\n|-crit|p1a: Indeedee\n|-damage|p1a: Indeedee|23\/100\n|move|p1b: Maushold|U-turn|p2a: Charizard\n|-resisted|p2a: Charizard\n|-damage|p2a: Charizard|58\/100\n|\n|t:|1696380442\n|switch|p1b: Ursaluna|Ursaluna-Bloodmoon, M|100\/100|[from] U-turn\n|move|p2b: Chi-Yu|Dark Pulse|p1a: Indeedee\n|-damage|p1a: Indeedee|0 fnt\n|faint|p1a: Indeedee\n|\n|-weather|SunnyDay|[upkeep]\n|upkeep\n|c|\u2606Ginesect|U know my team too\n|\n|t:|1696380456\n|switch|p1a: Armarouge|Armarouge, M|100\/100\n|turn|3\n|\n|t:|1696380471\n|move|p1b: Ursaluna|Earth Power|p2b: Chi-Yu\n|-supereffective|p2b: Chi-Yu\n|-damage|p2b: Chi-Yu|0 fnt\n|faint|p2b: Chi-Yu\n|move|p1a: Armarouge|Expanding Force|p2a: Charizard\n|-damage|p2a: Charizard|0 fnt\n|faint|p2a: Charizard\n|-damage|p1a: Armarouge|91\/100|[from] item: Life Orb\n|\n|-weather|SunnyDay|[upkeep]\n|upkeep\n|c|\u2606Ginesect|gg\n|\n|t:|1696380485\n|switch|p2a: Tornadus|Tornadus, M|100\/100\n|switch|p2b: Flutter Mane|Flutter Mane|100\/100\n|-activate|p2b: Flutter Mane|ability: Protosynthesis\n|-start|p2b: Flutter Mane|protosynthesisspe\n|turn|4\n|c|\u2606Edras16|Should had but tera dark on all my shit\n|c|\u2606Edras16|I was about to counter team the hell out of your ass but decided not to\n|\n|t:|1696380572\n|move|p1b: Ursaluna|Blood Moon|p2b: Flutter Mane\n|-damage|p2b: Flutter Mane|9\/100\n|move|p1a: Armarouge|Expanding Force|p2b: Flutter Mane|[spread] p2a,p2b\n|-enditem|p2a: Tornadus|Focus Sash\n|-damage|p2a: Tornadus|1\/100\n|-damage|p2b: Flutter Mane|0 fnt\n|faint|p2b: Flutter Mane\n|-end|p2b: Flutter Mane|Protosynthesis|[silent]\n|-damage|p1a: Armarouge|81\/100|[from] item: Life Orb\n|move|p2a: Tornadus|Bleakwind Storm|p1a: Armarouge|[spread] p1a,p1b\n|-damage|p1a: Armarouge|47\/100\n|-damage|p1b: Ursaluna|62\/100\n|-unboost|p1a: Armarouge|spe|1\n|\n|-weather|SunnyDay|[upkeep]\n|-heal|p1b: Ursaluna|68\/100|[from] item: Leftovers\n|upkeep\n|c|\u2606Ginesect|Thanks speed drop\n|\n|t:|1696380588\n|switch|p2b: Torkoal|Torkoal, M|100\/100\n|turn|5\n|\n|t:|1696380595\n|move|p2b: Torkoal|Protect|p2b: Torkoal\n|-singleturn|p2b: Torkoal|Protect\n|move|p2a: Tornadus|Tailwind|p2a: Tornadus\n|-sidestart|p2: Edras16|move: Tailwind\n|move|p1a: Armarouge|Expanding Force|p2a: Tornadus|[spread] p2a\n|-activate|p2b: Torkoal|move: Protect\n|-damage|p2a: Tornadus|0 fnt\n|faint|p2a: Tornadus\n|-damage|p1a: Armarouge|37\/100|[from] item: Life Orb\n|move|p1b: Ursaluna|Earth Power|p2b: Torkoal\n|-activate|p2b: Torkoal|move: Protect\n|\n|-weather|SunnyDay|[upkeep]\n|-heal|p1b: Ursaluna|74\/100|[from] item: Leftovers\n|-fieldend|move: Trick Room\n|-fieldend|move: Psychic Terrain\n|upkeep\n|\n|t:|1696380599\n|switch|p2a: Walking Wake|Walking Wake|100\/100\n|-activate|p2a: Walking Wake|ability: Protosynthesis\n|-start|p2a: Walking Wake|protosynthesisspe\n|turn|6\n|\n|t:|1696380626\n|switch|p1a: Maushold|Maushold|33\/100\n|move|p2a: Walking Wake|Hydro Steam|p1a: Maushold\n|-damage|p1a: Maushold|0 fnt\n|faint|p1a: Maushold\n|move|p2b: Torkoal|Body Press|p1b: Ursaluna\n|-supereffective|p1b: Ursaluna\n|-damage|p1b: Ursaluna|30\/100\n|move|p1b: Ursaluna|Blood Moon|p2a: Walking Wake\n|-damage|p2a: Walking Wake|10\/100\n|\n|-weather|none\n|-end|p2a: Walking Wake|Protosynthesis\n|-heal|p1b: Ursaluna|36\/100|[from] item: Leftovers\n|upkeep\n|c|\u2606Ginesect|Wooh suribe\n|\n|t:|1696380637\n|switch|p1a: Farigiraf|Farigiraf, M|100\/100\n|turn|7\n|\n|t:|1696380646\n|-terastallize|p2a: Walking Wake|Water\n|move|p2b: Torkoal|Helping Hand|p2a: Walking Wake\n|-singleturn|p2a: Walking Wake|Helping Hand|[of] p2b: Torkoal\n|move|p2a: Walking Wake|Hydro Steam|p1a: Farigiraf\n|-damage|p1a: Farigiraf|0 fnt\n|faint|p1a: Farigiraf\n|move|p1b: Ursaluna|Earth Power|p2a: Walking Wake\n|-damage|p2a: Walking Wake|0 fnt\n|faint|p2a: Walking Wake\n|-end|p2a: Walking Wake|Protosynthesis|[silent]\n|\n|-heal|p1b: Ursaluna|43\/100|[from] item: Leftovers\n|upkeep\n|\n|t:|1696380653\n|switch|p1a: Arboliva|Arboliva, M|100\/100\n|turn|8\n|\n|t:|1696380659\n|move|p1b: Ursaluna|Protect|p1b: Ursaluna\n|-singleturn|p1b: Ursaluna|Protect\n|move|p2b: Torkoal|Body Press|p1b: Ursaluna\n|-activate|p1b: Ursaluna|move: Protect\n|move|p1a: Arboliva|Leech Seed|p2b: Torkoal\n|-start|p2b: Torkoal|move: Leech Seed\n|\n|-heal|p1b: Ursaluna|49\/100|[from] item: Leftovers\n|-damage|p2b: Torkoal|88\/100|[from] Leech Seed|[of] p1a: Arboliva\n|-sideend|p2: Edras16|move: Tailwind\n|upkeep\n|turn|9\n|\n|t:|1696380668\n|move|p1a: Arboliva|Protect|p1a: Arboliva\n|-singleturn|p1a: Arboliva|Protect\n|move|p1b: Ursaluna|Blood Moon|p2b: Torkoal\n|-damage|p2b: Torkoal|0 fnt\n|faint|p2b: Torkoal\n|\n|win|Ginesect\n|c|\u2606Ginesect|gg\n|c|\u2606Edras16|Gg\n","uploadtime":1696380693,"views":9,"p1id":"ginesect","p2id":"edras16","formatid":"gen9nationaldexdoubles","rating":0,"private":0,"password":""}