{"id":"gen9nationaldexdoubles-1992261051","p1":"Larger Fudge","p2":"El Ryuk456","format":"[Gen 9] National Dex Doubles","log":"|j|\u2606Larger Fudge\n|j|\u2606El Ryuk456\n|t:|1700168674\n|gametype|doubles\n|player|p1|Larger Fudge|cynthia|1254\n|player|p2|El Ryuk456|ingo|1334\n|teamsize|p1|6\n|teamsize|p2|6\n|gen|9\n|tier|[Gen 9] National Dex Doubles\n|rated|\n|rule|HP Percentage Mod: HP is shown in percentages\n|rule|Endless Battle Clause: Forcing endless battles is banned\n|rule|OHKO Clause: OHKO moves are banned\n|rule|Evasion Moves Clause: Evasion moves are banned\n|rule|Evasion Abilities Clause: Evasion abilities are banned\n|rule|Species Clause: Limit one of each Pok\u00e9mon\n|rule|Gravity Sleep Clause: The combination of sleep-inducing moves with imperfect accuracy and Gravity or Gigantamax Orbeetle are banned\n|clearpoke\n|poke|p1|Dracovish|\n|poke|p1|Porygon-Z|\n|poke|p1|Sinistcha-Masterpiece|\n|poke|p1|Crobat, F|\n|poke|p1|Lopunny, M|\n|poke|p1|Typhlosion-Hisui, M|\n|poke|p2|Celesteela|\n|poke|p2|Thundurus, M|\n|poke|p2|Ting-Lu|\n|poke|p2|Gardevoir, F|\n|poke|p2|Blastoise, M|\n|poke|p2|Blaziken, M|\n|teampreview\n|inactive|Battle timer is ON: inactive players will automatically lose when time's up. (requested by Larger Fudge)\n|\n|t:|1700168701\n|start\n|switch|p1a: Crobat|Crobat, F|100\/100\n|switch|p1b: Porygon-Z|Porygon-Z|100\/100\n|switch|p2a: Strike|Thundurus, M|100\/100\n|switch|p2b: Harbor|Blastoise, M|100\/100\n|turn|1\n|inactive|El Ryuk456 has 120 seconds left.\n|\n|t:|1700168736\n|move|p2b: Harbor|Fake Out|p1b: Porygon-Z\n|-damage|p1b: Porygon-Z|90\/100\n|move|p2a: Strike|Eerie Impulse|p1b: Porygon-Z\n|-unboost|p1b: Porygon-Z|spa|2\n|move|p1a: Crobat|Tailwind|p1a: Crobat\n|-sidestart|p1: Larger Fudge|move: Tailwind\n|cant|p1b: Porygon-Z|flinch\n|\n|upkeep\n|turn|2\n|\n|t:|1700168753\n|move|p2a: Strike|Thunder Wave|p1a: Crobat\n|-status|p1a: Crobat|par\n|move|p1b: Porygon-Z|Tri Attack|p2a: Strike\n|-damage|p2a: Strike|56\/100\n|move|p1a: Crobat|U-turn|p2b: Harbor\n|-damage|p2b: Harbor|88\/100\n|\n|t:|1700168762\n|switch|p1a: Sinistcha|Sinistcha-Masterpiece|100\/100|[from] U-turn\n|-heal|p1b: Porygon-Z|100\/100|[from] ability: Hospitality|[of] p1a: Sinistcha\n|move|p2b: Harbor|Scald|p1b: Porygon-Z\n|-crit|p1b: Porygon-Z\n|-damage|p1b: Porygon-Z|47\/100\n|\n|upkeep\n|turn|3\n|\n|t:|1700168775\n|switch|p1b: Lopunny|Lopunny, M|100\/100\n|move|p1a: Sinistcha|Rage Powder|p1a: Sinistcha\n|-singleturn|p1a: Sinistcha|move: Rage Powder\n|move|p2a: Strike|Eerie Impulse|p1b: Lopunny\n|-unboost|p1b: Lopunny|spa|2\n|move|p2b: Harbor|Life Dew|p2b: Harbor|[spread] p2a,p2b\n|-heal|p2a: Strike|81\/100\n|-heal|p2b: Harbor|100\/100\n|\n|upkeep\n|turn|4\n|\n|t:|1700168792\n|switch|p2a: Antonieta|Celesteela|100\/100\n|detailschange|p1b: Lopunny|Lopunny-Mega, M\n|-mega|p1b: Lopunny|Lopunny|Lopunnite\n|-terastallize|p2b: Harbor|Poison\n|move|p1a: Sinistcha|Rage Powder|p1a: Sinistcha\n|-singleturn|p1a: Sinistcha|move: Rage Powder\n|move|p1b: Lopunny|Triple Axel|p2a: Antonieta|[miss]\n|-miss|p1b: Lopunny|p2a: Antonieta\n|move|p2b: Harbor|Life Dew||[still]|[still]|[spread] \n|-fail|p2a: Antonieta|heal\n|-fail|p2b: Harbor|heal\n|\n|-sideend|p1: Larger Fudge|move: Tailwind\n|upkeep\n|turn|5\n|\n|t:|1700168809\n|move|p1a: Sinistcha|Rage Powder|p1a: Sinistcha\n|-singleturn|p1a: Sinistcha|move: Rage Powder\n|move|p1b: Lopunny|Facade|p2b: Harbor\n|-damage|p2b: Harbor|74\/100\n|move|p2b: Harbor|Life Dew||[still]|[spread] p2a,p2b\n|-fail|p2a: Antonieta|heal\n|-heal|p2b: Harbor|99\/100\n|move|p2a: Antonieta|Substitute|p2a: Antonieta\n|-start|p2a: Antonieta|Substitute\n|-damage|p2a: Antonieta|75\/100\n|\n|-heal|p2a: Antonieta|82\/100|[from] item: Leftovers\n|upkeep\n|turn|6\n|\n|t:|1700168824\n|move|p1b: Lopunny|Triple Axel|p2a: Antonieta|[miss]\n|-miss|p1b: Lopunny|p2a: Antonieta\n|move|p2b: Harbor|Life Dew|p2b: Harbor|[spread] p2a,p2b\n|-heal|p2a: Antonieta|100\/100\n|-heal|p2b: Harbor|100\/100\n|move|p1a: Sinistcha|Matcha Gotcha|p2b: Harbor|[spread] p2a,p2b\n|-resisted|p2a: Antonieta\n|-activate|p2a: Antonieta|move: Substitute|[damage]\n|-resisted|p2b: Harbor\n|-crit|p2b: Harbor\n|-damage|p2b: Harbor|84\/100\n|move|p2a: Antonieta|Heavy Slam|p1a: Sinistcha\n|-damage|p1a: Sinistcha|68\/100\n|\n|-heal|p1a: Sinistcha|74\/100|[from] item: Leftovers\n|upkeep\n|turn|7\n|\n|t:|1700168846\n|move|p1a: Sinistcha|Rage Powder|p1a: Sinistcha\n|-singleturn|p1a: Sinistcha|move: Rage Powder\n|move|p1b: Lopunny|Triple Axel|p2a: Antonieta\n|-activate|p2a: Antonieta|move: Substitute|[damage]\n|-activate|p2a: Antonieta|move: Substitute|[damage]\n|-hitcount|p2a: Antonieta|2\n|move|p2b: Harbor|Scald|p1a: Sinistcha\n|-resisted|p1a: Sinistcha\n|-damage|p1a: Sinistcha|61\/100\n|move|p2a: Antonieta|Leech Seed|p1a: Sinistcha\n|-immune|p1a: Sinistcha\n|\n|-heal|p1a: Sinistcha|67\/100|[from] item: Leftovers\n|upkeep\n|turn|8\n|\n|t:|1700168863\n|move|p1a: Sinistcha|Rage Powder|p1a: Sinistcha\n|-singleturn|p1a: Sinistcha|move: Rage Powder\n|move|p1b: Lopunny|Drain Punch|p2a: Antonieta\n|-end|p2a: Antonieta|Substitute\n|move|p2b: Harbor|Life Dew||[still]|[spread] p2a,p2b\n|-fail|p2a: Antonieta|heal\n|-heal|p2b: Harbor|100\/100\n|move|p2a: Antonieta|Heavy Slam|p1a: Sinistcha\n|-damage|p1a: Sinistcha|33\/100\n|\n|-heal|p1a: Sinistcha|39\/100|[from] item: Leftovers\n|upkeep\n|turn|9\n|\n|t:|1700168876\n|move|p2b: Harbor|Follow Me|p2b: Harbor\n|-singleturn|p2b: Harbor|move: Follow Me\n|move|p1a: Sinistcha|Rage Powder|p1a: Sinistcha\n|-singleturn|p1a: Sinistcha|move: Rage Powder\n|move|p1b: Lopunny|Drain Punch|p2b: Harbor\n|-resisted|p2b: Harbor\n|-damage|p2b: Harbor|85\/100\n|move|p2a: Antonieta|Substitute|p2a: Antonieta\n|-start|p2a: Antonieta|Substitute\n|-damage|p2a: Antonieta|75\/100\n|\n|-heal|p1a: Sinistcha|45\/100|[from] item: Leftovers\n|-heal|p2a: Antonieta|82\/100|[from] item: Leftovers\n|upkeep\n|turn|10\n|\n|t:|1700168895\n|move|p1b: Lopunny|Triple Axel|p2b: Harbor\n|-damage|p2b: Harbor|79\/100\n|-damage|p2b: Harbor|68\/100\n|-damage|p2b: Harbor|52\/100\n|-hitcount|p2b: Harbor|3\n|move|p2b: Harbor|Life Dew|p2b: Harbor|[spread] p2a,p2b\n|-heal|p2a: Antonieta|100\/100\n|-heal|p2b: Harbor|77\/100\n|move|p1a: Sinistcha|Life Dew||[still]|[spread] p1a,p1b\n|-heal|p1a: Sinistcha|70\/100\n|-fail|p1b: Lopunny|heal\n|move|p2a: Antonieta|Heavy Slam|p1a: Sinistcha\n|-damage|p1a: Sinistcha|37\/100\n|\n|-heal|p1a: Sinistcha|43\/100|[from] item: Leftovers\n|upkeep\n|turn|11\n|\n|t:|1700168919\n|switch|p1b: Typhlosion|Typhlosion-Hisui, M|100\/100\n|-item|p2a: Antonieta|Leftovers|[from] ability: Frisk|[of] p1b: Typhlosion|[identify]\n|-item|p2b: Harbor|Sitrus Berry|[from] ability: Frisk|[of] p1b: Typhlosion|[identify]\n|move|p2b: Harbor|Scald|p1b: Typhlosion\n|-supereffective|p1b: Typhlosion\n|-damage|p1b: Typhlosion|39\/100\n|move|p1a: Sinistcha|Life Dew|p1a: Sinistcha|[spread] p1a,p1b\n|-heal|p1a: Sinistcha|68\/100\n|-heal|p1b: Typhlosion|64\/100\n|move|p2a: Antonieta|Heavy Slam|p1a: Sinistcha\n|-crit|p1a: Sinistcha\n|-damage|p1a: Sinistcha|19\/100\n|\n|-heal|p1a: Sinistcha|25\/100|[from] item: Leftovers\n|upkeep\n|turn|12\n|\n|t:|1700168939\n|move|p1a: Sinistcha|Rage Powder|p1a: Sinistcha\n|-singleturn|p1a: Sinistcha|move: Rage Powder\n|move|p1b: Typhlosion|Eruption|p2a: Antonieta|[spread] p2a,p2b\n|-supereffective|p2a: Antonieta\n|-end|p2a: Antonieta|Substitute\n|-damage|p2b: Harbor|35\/100\n|-enditem|p2b: Harbor|Sitrus Berry|[eat]\n|-heal|p2b: Harbor|60\/100|[from] item: Sitrus Berry\n|move|p2b: Harbor|Scald|p1a: Sinistcha\n|-resisted|p1a: Sinistcha\n|-damage|p1a: Sinistcha|11\/100\n|move|p2a: Antonieta|Heavy Slam|p1a: Sinistcha\n|-damage|p1a: Sinistcha|0 fnt\n|faint|p1a: Sinistcha\n|-ability|p2a: Antonieta|Beast Boost|boost\n|-boost|p2a: Antonieta|atk|1\n|\n|upkeep\n|inactive|Larger Fudge has 120 seconds left.\n|\n|t:|1700168960\n|switch|p1a: Dracovish|Dracovish|100\/100\n|turn|13\n|\n|t:|1700168979\n|move|p2a: Antonieta|Protect|p2a: Antonieta\n|-singleturn|p2a: Antonieta|Protect\n|move|p1b: Typhlosion|Eruption|p2a: Antonieta|[spread] p2b\n|-activate|p2a: Antonieta|move: Protect\n|-crit|p2b: Harbor\n|-damage|p2b: Harbor|0 fnt\n|faint|p2b: Harbor\n|move|p1a: Dracovish|Fishious Rend|p2a: Antonieta\n|-activate|p2a: Antonieta|move: Protect\n|\n|upkeep\n|\n|t:|1700168990\n|switch|p2b: Strike|Thundurus, M|81\/100\n|turn|14\n|\n|t:|1700169001\n|switch|p1b: Crobat|Crobat, F|100\/100 par\n|move|p2b: Strike|Eerie Impulse|p1b: Crobat\n|-unboost|p1b: Crobat|spa|2\n|move|p1a: Dracovish|Fishious Rend|p2a: Antonieta\n|-damage|p2a: Antonieta|0 fnt\n|faint|p2a: Antonieta\n|\n|upkeep\n|j| XXMurdrXX\n|\n|t:|1700169008\n|switch|p2a: Belle|Gardevoir, F, shiny|100\/100\n|-ability|p2a: Belle|Inner Focus|[from] ability: Trace|[of] p1b: Crobat\n|turn|15\n|\n|t:|1700169021\n|detailschange|p2a: Belle|Gardevoir-Mega, F, shiny\n|-mega|p2a: Belle|Gardevoir|Gardevoirite\n|-terastallize|p1a: Dracovish|Water\n|move|p2b: Strike|Thunder Wave|p1a: Dracovish\n|-status|p1a: Dracovish|par\n|move|p2a: Belle|Hyper Voice|p1a: Dracovish|[spread] p1a,p1b\n|-resisted|p1b: Crobat\n|-damage|p1a: Dracovish|43\/100 par\n|-damage|p1b: Crobat|70\/100 par\n|cant|p1b: Crobat|par\n|move|p1a: Dracovish|Fishious Rend|p2a: Belle\n|-crit|p2a: Belle\n|-damage|p2a: Belle|0 fnt\n|faint|p2a: Belle\n|\n|upkeep\n|\n|t:|1700169034\n|switch|p2a: Inferno|Blaziken, M|100\/100\n|turn|16\n|\n|t:|1700169041\n|move|p2b: Strike|Thunderbolt|p1a: Dracovish\n|-supereffective|p1a: Dracovish\n|-damage|p1a: Dracovish|0 fnt\n|faint|p1a: Dracovish\n|move|p2a: Inferno|Bulk Up|p2a: Inferno\n|-boost|p2a: Inferno|atk|1\n|-boost|p2a: Inferno|def|1\n|move|p1b: Crobat|Tailwind|p1b: Crobat\n|-sidestart|p1: Larger Fudge|move: Tailwind\n|\n|-ability|p2a: Inferno|Speed Boost|boost\n|-boost|p2a: Inferno|spe|1\n|upkeep\n|\n|t:|1700169067\n|switch|p1a: Typhlosion|Typhlosion-Hisui, M|64\/100\n|-item|p2a: Inferno|Firium Z|[from] ability: Frisk|[of] p1a: Typhlosion|[identify]\n|-item|p2b: Strike|Safety Goggles|[from] ability: Frisk|[of] p1a: Typhlosion|[identify]\n|turn|17\n|\n|t:|1700169078\n|switch|p1b: Lopunny|Lopunny-Mega, M|100\/100\n|move|p2a: Inferno|Protect|p2a: Inferno\n|-singleturn|p2a: Inferno|Protect\n|move|p2b: Strike|Eerie Impulse|p1a: Typhlosion\n|-unboost|p1a: Typhlosion|spa|2\n|move|p1a: Typhlosion|Extrasensory|p2a: Inferno\n|-activate|p2a: Inferno|move: Protect\n|\n|-ability|p2a: Inferno|Speed Boost|boost\n|-boost|p2a: Inferno|spe|1\n|upkeep\n|turn|18\n|\n|t:|1700169097\n|switch|p1a: Porygon-Z|Porygon-Z|47\/100\n|switch|p2a: Inner Peace|Ting-Lu|100\/100\n|-ability|p2a: Inner Peace|Vessel of Ruin\n|move|p2b: Strike|Thunder Wave|p1b: Lopunny\n|-status|p1b: Lopunny|par\n|cant|p1b: Lopunny|par\n|\n|upkeep\n|turn|19\n|\n|t:|1700169114\n|move|p2b: Strike|Eerie Impulse|p1a: Porygon-Z\n|-unboost|p1a: Porygon-Z|spa|2\n|move|p1a: Porygon-Z|Tri Attack|p2b: Strike\n|-damage|p2b: Strike|48\/100\n|move|p1b: Lopunny|Drain Punch|p2a: Inner Peace\n|-supereffective|p2a: Inner Peace\n|-damage|p2a: Inner Peace|56\/100\n|move|p2a: Inner Peace|Stomping Tantrum|p1b: Lopunny\n|-damage|p1b: Lopunny|56\/100 par\n|\n|-sideend|p1: Larger Fudge|move: Tailwind\n|upkeep\n|turn|20\n|\n|t:|1700169130\n|move|p1a: Porygon-Z|Tri Attack|p2a: Inner Peace\n|-damage|p2a: Inner Peace|42\/100\n|move|p2b: Strike|Thunderbolt|p1a: Porygon-Z\n|-damage|p1a: Porygon-Z|8\/100\n|-status|p1a: Porygon-Z|par\n|move|p1b: Lopunny|Triple Axel|p2b: Strike\n|-supereffective|p2b: Strike\n|-damage|p2b: Strike|32\/100\n|-supereffective|p2b: Strike\n|-damage|p2b: Strike|3\/100\n|-supereffective|p2b: Strike\n|-damage|p2b: Strike|0 fnt\n|faint|p2b: Strike\n|-hitcount|p2: Strike|3\n|move|p2a: Inner Peace|Stomping Tantrum|p1b: Lopunny\n|-damage|p1b: Lopunny|14\/100 par\n|\n|upkeep\n|\n|t:|1700169138\n|switch|p2b: Inferno|Blaziken, M|100\/100\n|turn|21\n|\n|t:|1700169161\n|move|p2b: Inferno|Rock Slide|p1a: Porygon-Z|[spread] p1a,p1b\n|-resisted|p1b: Lopunny\n|-damage|p1a: Porygon-Z|0 fnt\n|-damage|p1b: Lopunny|0 fnt\n|faint|p1a: Porygon-Z\n|faint|p1b: Lopunny\n|move|p2a: Inner Peace|Stomping Tantrum|p1: Porygon-Z|[notarget]\n|-fail|p2a: Inner Peace\n|\n|-ability|p2b: Inferno|Speed Boost|boost\n|-boost|p2b: Inferno|spe|1\n|upkeep\n|\n|t:|1700169171\n|switch|p1b: Crobat|Crobat, F|70\/100 par\n|switch|p1a: Typhlosion|Typhlosion-Hisui, M|64\/100\n|-item|p2a: Inner Peace|Assault Vest|[from] ability: Frisk|[of] p1a: Typhlosion|[identify]\n|-item|p2b: Inferno|Firium Z|[from] ability: Frisk|[of] p1a: Typhlosion|[identify]\n|turn|22\n|\n|t:|1700169182\n|move|p2b: Inferno|Protect|p2b: Inferno\n|-singleturn|p2b: Inferno|Protect\n|move|p1a: Typhlosion|Extrasensory|p2b: Inferno\n|-activate|p2b: Inferno|move: Protect\n|move|p1b: Crobat|Tailwind|p1b: Crobat\n|-sidestart|p1: Larger Fudge|move: Tailwind\n|move|p2a: Inner Peace|Stomping Tantrum|p1a: Typhlosion\n|-supereffective|p1a: Typhlosion\n|-damage|p1a: Typhlosion|0 fnt\n|faint|p1a: Typhlosion\n|\n|-ability|p2b: Inferno|Speed Boost|boost\n|-boost|p2b: Inferno|spe|1\n|upkeep\n|turn|23\n|-message|Larger Fudge forfeited.\n|\n|win|El Ryuk456\n|raw|Larger Fudge's rating: 1254 &rarr; <strong>1235<\/strong><br \/>(-19 for losing)\n|raw|El Ryuk456's rating: 1334 &rarr; <strong>1349<\/strong><br \/>(+15 for winning)\n|l|\u2606Larger Fudge\n","uploadtime":1700169236,"views":5,"p1id":"largerfudge","p2id":"elryuk456","formatid":"gen9nationaldexdoubles","rating":1235,"private":0,"password":""}