{"id":"gen9nationaldexdoubles-1998900288","p1":"omegashenronone","p2":"sarahstevens2004","format":"[Gen 9] National Dex Doubles","log":"|j|\u2606omegashenronone\n|j|\u2606sarahstevens2004\n|t:|1701010599\n|gametype|doubles\n|player|p1|omegashenronone|hugh|\n|player|p2|sarahstevens2004|falkner|\n|teamsize|p1|6\n|teamsize|p2|6\n|gen|9\n|tier|[Gen 9] National Dex Doubles\n|rule|HP Percentage Mod: HP is shown in percentages\n|rule|Endless Battle Clause: Forcing endless battles is banned\n|rule|OHKO Clause: OHKO moves are banned\n|rule|Evasion Moves Clause: Evasion moves are banned\n|rule|Evasion Abilities Clause: Evasion abilities are banned\n|rule|Species Clause: Limit one of each Pok\u00e9mon\n|rule|Gravity Sleep Clause: The combination of sleep-inducing moves with imperfect accuracy and Gravity or Gigantamax Orbeetle are banned\n|clearpoke\n|poke|p1|Urshifu-*, M|\n|poke|p1|Greninja-*, M|\n|poke|p1|Pelipper, F|\n|poke|p1|Swampert, M|\n|poke|p1|Kingdra, F|\n|poke|p1|Empoleon, M|\n|poke|p2|Ribombee, F|\n|poke|p2|Tapu Fini|\n|poke|p2|Zamazenta-*|\n|poke|p2|Sneasler, F|\n|poke|p2|Iron Valiant|\n|poke|p2|Scizor, M|\n|teampreview\n|inactive|Battle timer is ON: inactive players will automatically lose when time's up. (requested by omegashenronone)\n|\n|t:|1701010617\n|start\n|switch|p1a: Gym bro|Swampert, M|100\/100\n|switch|p1b: Chunky|Empoleon, M|100\/100\n|switch|p2a: Ribombee|Ribombee, F, shiny|100\/100\n|switch|p2b: Tapu Fini|Tapu Fini, shiny|100\/100\n|-fieldstart|move: Misty Terrain|[from] ability: Misty Surge|[of] p2b: Tapu Fini\n|turn|1\n|c|\u2606sarahstevens2004|uh oh doubles\n|c|\u2606sarahstevens2004|scary\n|\n|t:|1701010632\n|detailschange|p1a: Gym bro|Swampert-Mega, M\n|-mega|p1a: Gym bro|Swampert|Swampertite\n|move|p2a: Ribombee|Sticky Web|p1a: Gym bro\n|-sidestart|p1: omegashenronone|move: Sticky Web\n|move|p2b: Tapu Fini|Moonblast|p1a: Gym bro\n|-damage|p1a: Gym bro|71\/100\n|-unboost|p1a: Gym bro|spa|1\n|move|p1a: Gym bro|Liquidation|p2a: Ribombee\n|-enditem|p2a: Ribombee|Focus Sash\n|-damage|p2a: Ribombee|1\/100\n|move|p1b: Chunky|Steel Beam|p2b: Tapu Fini\n|-damage|p2b: Tapu Fini|11\/100\n|-damage|p1b: Chunky|50\/100|[from] steelbeam\n|\n|-heal|p2b: Tapu Fini|17\/100|[from] item: Leftovers\n|upkeep\n|turn|2\n|\n|t:|1701010653\n|move|p2a: Ribombee|Stun Spore|p1a: Gym bro\n|-activate|p1a: Gym bro|move: Misty Terrain\n|move|p2b: Tapu Fini|Draining Kiss|p1a: Gym bro\n|-damage|p1a: Gym bro|54\/100\n|-heal|p2b: Tapu Fini|33\/100|[from] drain|[of] p1a: Gym bro\n|move|p1a: Gym bro|Earthquake|p2a: Ribombee|[spread] p1b,p2a,p2b\n|-supereffective|p1b: Chunky\n|-resisted|p2a: Ribombee\n|-damage|p1b: Chunky|0 fnt\n|-damage|p2a: Ribombee|0 fnt\n|-damage|p2b: Tapu Fini|0 fnt\n|faint|p1b: Chunky\n|faint|p2a: Ribombee\n|faint|p2b: Tapu Fini\n|\n|upkeep\n|c|\u2606omegashenronone|Misty terrain doesnt let stun spore qork\n|c|\u2606omegashenronone|Work*\n|c|\u2606sarahstevens2004|i realized\n|inactive|sarahstevens2004 has 270 seconds left.\n|\n|t:|1701010685\n|switch|p2a: Sneasler|Sneasler, F|100\/100\n|switch|p2b: Scizor|Scizor, M|100\/100\n|switch|p1b: Happy|Pelipper, F|100\/100\n|-enditem|p2a: Sneasler|Misty Seed\n|-boost|p2a: Sneasler|spd|1|[from] item: Misty Seed\n|-weather|RainDance|[from] ability: Drizzle|[of] p1b: Happy\n|turn|3\n|\n|t:|1701010701\n|detailschange|p2b: Scizor|Scizor-Mega, M\n|-mega|p2b: Scizor|Scizor|Scizorite\n|-terastallize|p2a: Sneasler|Flying\n|move|p2b: Scizor|Bullet Punch|p1a: Gym bro\n|-resisted|p1a: Gym bro\n|-damage|p1a: Gym bro|37\/100\n|move|p2a: Sneasler|Acrobatics|p1a: Gym bro\n|-damage|p1a: Gym bro|0 fnt\n|faint|p1a: Gym bro\n|move|p1b: Happy|Tailwind|p1b: Happy\n|-sidestart|p1: omegashenronone|move: Tailwind\n|\n|-weather|RainDance|[upkeep]\n|upkeep\n|\n|t:|1701010717\n|switch|p1a: Hur-Hur-Hur|Kingdra, F|100\/100\n|-activate|p1a: Hur-Hur-Hur|move: Sticky Web\n|-unboost|p1a: Hur-Hur-Hur|spe|1\n|turn|4\n|\n|t:|1701010735\n|-terastallize|p1a: Hur-Hur-Hur|Flying\n|move|p2a: Sneasler|Acrobatics|p1a: Hur-Hur-Hur\n|-damage|p1a: Hur-Hur-Hur|19\/100\n|move|p1a: Hur-Hur-Hur|Hurricane|p2b: Scizor\n|-damage|p2b: Scizor|15\/100\n|move|p1b: Happy|Hurricane|p2b: Scizor\n|-damage|p2b: Scizor|0 fnt\n|faint|p2b: Scizor\n|\n|-weather|RainDance|[upkeep]\n|upkeep\n|\n|t:|1701010745\n|switch|p2b: Iron Valiant|Iron Valiant|100\/100\n|-enditem|p2b: Iron Valiant|Booster Energy\n|-activate|p2b: Iron Valiant|ability: Quark Drive|[fromitem]\n|-start|p2b: Iron Valiant|quarkdrivespe\n|turn|5\n|\n|t:|1701010766\n|move|p2a: Sneasler|Acrobatics|p1a: Hur-Hur-Hur\n|-damage|p1a: Hur-Hur-Hur|0 fnt\n|faint|p1a: Hur-Hur-Hur\n|move|p2b: Iron Valiant|Thunderbolt|p1b: Happy\n|-supereffective|p1b: Happy\n|-damage|p1b: Happy|0 fnt\n|faint|p1b: Happy\n|\n|-weather|RainDance|[upkeep]\n|-fieldend|Misty Terrain\n|upkeep\n|\n|t:|1701010774\n|switch|p1a: Master Shi-Fu!|Urshifu-Rapid-Strike, M|100\/100\n|switch|p1b: Genji|Greninja, M|100\/100\n|-activate|p1b: Genji|move: Sticky Web\n|-unboost|p1b: Genji|spe|1\n|-activate|p1a: Master Shi-Fu!|move: Sticky Web\n|-unboost|p1a: Master Shi-Fu!|spe|1\n|turn|6\n|\n|t:|1701010788\n|move|p2a: Sneasler|Acrobatics|p1a: Master Shi-Fu!\n|-supereffective|p1a: Master Shi-Fu!\n|-damage|p1a: Master Shi-Fu!|0 fnt\n|faint|p1a: Master Shi-Fu!\n|move|p2b: Iron Valiant|Moonblast|p1b: Genji\n|-supereffective|p1b: Genji\n|-damage|p1b: Genji|0 fnt\n|faint|p1b: Genji\n|\n|win|sarahstevens2004\n|c|\u2606omegashenronone|Good game\n|c|\u2606sarahstevens2004|GG\n|c|\u2606omegashenronone|The moment Sticky web came out i lost\n|c|\u2606sarahstevens2004|:3 didng expect to win that\n","uploadtime":1701010808,"views":0,"p1id":"omegashenronone","p2id":"sarahstevens2004","formatid":"gen9nationaldexdoubles","rating":0,"private":0,"password":""}