{"id":"gen9nationaldexdoubles-1981736962","p1":"Penter","p2":"TheGreaterBasil","format":"[Gen 9] National Dex Doubles","log":"|j|\u2606Penter\n|j|\u2606TheGreaterBasil\n|inactive|Battle timer is ON: inactive players will automatically lose when time's up.\n|t:|1698937757\n|gametype|doubles\n|player|p1|Penter|n|\n|player|p2|TheGreaterBasil|ltsurge|\n|teamsize|p1|6\n|teamsize|p2|6\n|gen|9\n|tier|[Gen 9] National Dex Doubles\n|rated|Tournament battle\n|rule|HP Percentage Mod: HP is shown in percentages\n|rule|Endless Battle Clause: Forcing endless battles is banned\n|rule|OHKO Clause: OHKO moves are banned\n|rule|Evasion Moves Clause: Evasion moves are banned\n|rule|Evasion Abilities Clause: Evasion abilities are banned\n|rule|Species Clause: Limit one of each Pok\u00e9mon\n|rule|Gravity Sleep Clause: The combination of sleep-inducing moves with imperfect accuracy and Gravity or Gigantamax Orbeetle are banned\n|clearpoke\n|poke|p1|Zygarde|\n|poke|p1|Urshifu-*, M|\n|poke|p1|Politoed, M|\n|poke|p1|Kingdra, M|\n|poke|p1|Metagross|\n|poke|p1|Tornadus, M|\n|poke|p2|Chien-Pao|\n|poke|p2|Lucario, M|\n|poke|p2|Dragonite, F|\n|poke|p2|Tornadus, M|\n|poke|p2|Urshifu-*, M|\n|poke|p2|Flutter Mane|\n|teampreview\n|c|\u2606TheGreaterBasil|glhf\n|c|\u2606Penter|u2\n|j| Daepiquejt\n|inactive|Penter has 120 seconds left.\n|\n|t:|1698937815\n|start\n|switch|p1a: Kingdra|Kingdra, M|100\/100\n|switch|p1b: Politoed|Politoed, M|100\/100\n|switch|p2a: Chien-Pao|Chien-Pao|100\/100\n|switch|p2b: Dragonite|Dragonite, F, shiny|100\/100\n|-ability|p2a: Chien-Pao|Sword of Ruin\n|-weather|RainDance|[from] ability: Drizzle|[of] p1b: Politoed\n|turn|1\n|inactive|Penter has 120 seconds left.\n|\n|t:|1698937854\n|-terastallize|p2b: Dragonite|Normal\n|move|p1b: Politoed|Helping Hand|p1a: Kingdra\n|-singleturn|p1a: Kingdra|Helping Hand|[of] p1b: Politoed\n|move|p2a: Chien-Pao|Protect|p2a: Chien-Pao\n|-singleturn|p2a: Chien-Pao|Protect\n|move|p2b: Dragonite|Extreme Speed|p1a: Kingdra\n|-damage|p1a: Kingdra|0 fnt\n|faint|p1a: Kingdra\n|\n|-weather|RainDance|[upkeep]\n|upkeep\n|inactive|Penter has 90 seconds left.\n|\n|t:|1698937895\n|switch|p1a: Metagross|Metagross|100\/100\n|turn|2\n|\n|t:|1698937908\n|detailschange|p1a: Metagross|Metagross-Mega\n|-mega|p1a: Metagross|Metagross|Metagrossite\n|move|p2b: Dragonite|Extreme Speed|p1a: Metagross\n|-resisted|p1a: Metagross\n|-damage|p1a: Metagross|64\/100\n|move|p2a: Chien-Pao|Sucker Punch|p1a: Metagross\n|-supereffective|p1a: Metagross\n|-damage|p1a: Metagross|0 fnt\n|faint|p1a: Metagross\n|move|p1b: Politoed|Scald|p2a: Chien-Pao\n|-damage|p2a: Chien-Pao|23\/100\n|-status|p2a: Chien-Pao|brn\n|\n|-weather|RainDance|[upkeep]\n|-damage|p2a: Chien-Pao|17\/100 brn|[from] brn\n|upkeep\n|inactive|Penter has 90 seconds left.\n|\n|t:|1698937918\n|switch|p1a: Tornadus|Tornadus, M|100\/100\n|turn|3\n|\n|t:|1698937929\n|move|p1a: Tornadus|Protect|p1a: Tornadus\n|-singleturn|p1a: Tornadus|Protect\n|move|p2a: Chien-Pao|Protect|p2a: Chien-Pao\n|-singleturn|p2a: Chien-Pao|Protect\n|move|p2b: Dragonite|Extreme Speed|p1b: Politoed\n|-damage|p1b: Politoed|5\/100\n|-enditem|p1b: Politoed|Eject Button\n|inactive|Penter has 90 seconds left.\n|\n|t:|1698937950\n|switch|p1b: Zygarde|Zygarde|100\/100\n|-ability|p1b: Zygarde|Aura Break\n|\n|-weather|RainDance|[upkeep]\n|-damage|p2a: Chien-Pao|11\/100 brn|[from] brn\n|upkeep\n|turn|4\n|\n|t:|1698937961\n|move|p1b: Zygarde|Extreme Speed|p2a: Chien-Pao\n|-damage|p2a: Chien-Pao|0 fnt\n|faint|p2a: Chien-Pao\n|move|p2b: Dragonite|Extreme Speed|p1a: Tornadus\n|-enditem|p1a: Tornadus|Focus Sash\n|-damage|p1a: Tornadus|1\/100\n|move|p1a: Tornadus|Bleakwind Storm|p2b: Dragonite\n|-damage|p2b: Dragonite|52\/100\n|\n|-weather|RainDance|[upkeep]\n|upkeep\n|\n|t:|1698937971\n|switch|p2a: Urshifu|Urshifu-Rapid-Strike, M|100\/100\n|turn|5\n|inactive|Penter has 120 seconds left.\n|inactive|Penter has 90 seconds left.\n|\n|t:|1698938028\n|switch|p1a: Urshifu|Urshifu-Rapid-Strike, M|100\/100\n|move|p1b: Zygarde|Extreme Speed|p2b: Dragonite\n|-damage|p2b: Dragonite|14\/100\n|move|p2b: Dragonite|Extreme Speed|p1a: Urshifu\n|-damage|p1a: Urshifu|30\/100\n|move|p2a: Urshifu|Surging Strikes|p1b: Zygarde\n|-crit|p1b: Zygarde\n|-damage|p1b: Zygarde|66\/100\n|-crit|p1b: Zygarde\n|-damage|p1b: Zygarde|34\/100\n|-crit|p1b: Zygarde\n|-damage|p1b: Zygarde|2\/100\n|-hitcount|p1b: Zygarde|3\n|\n|-weather|none\n|upkeep\n|turn|6\n|inactive|Penter has 90 seconds left.\n|\n|t:|1698938057\n|switch|p1b: Politoed|Politoed, M|5\/100\n|-weather|RainDance|[from] ability: Drizzle|[of] p1b: Politoed\n|switch|p2b: Tornadus|Tornadus, M|100\/100\n|move|p2a: Urshifu|Aqua Jet|p1b: Politoed\n|-resisted|p1b: Politoed\n|-damage|p1b: Politoed|0 fnt\n|faint|p1b: Politoed\n|move|p1a: Urshifu|Surging Strikes|p2a: Urshifu\n|-resisted|p2a: Urshifu\n|-crit|p2a: Urshifu\n|-damage|p2a: Urshifu|85\/100\n|-resisted|p2a: Urshifu\n|-crit|p2a: Urshifu\n|-damage|p2a: Urshifu|68\/100\n|-resisted|p2a: Urshifu\n|-crit|p2a: Urshifu\n|-damage|p2a: Urshifu|52\/100\n|-hitcount|p2a: Urshifu|3\n|\n|-weather|RainDance|[upkeep]\n|upkeep\n|j|+AIRedzone\n|\n|t:|1698938079\n|switch|p1b: Tornadus|Tornadus, M|1\/100\n|turn|7\n|\n|t:|1698938097\n|move|p2a: Urshifu|Detect|p2a: Urshifu\n|-singleturn|p2a: Urshifu|Protect\n|move|p2b: Tornadus|Tailwind|p2b: Tornadus\n|-sidestart|p2: TheGreaterBasil|move: Tailwind\n|move|p1a: Urshifu|Surging Strikes|p2b: Tornadus\n|-crit|p2b: Tornadus\n|-damage|p2b: Tornadus|71\/100\n|-crit|p2b: Tornadus\n|-damage|p2b: Tornadus|41\/100\n|-crit|p2b: Tornadus\n|-damage|p2b: Tornadus|11\/100\n|-hitcount|p2b: Tornadus|3\n|move|p1b: Tornadus|Bleakwind Storm|p2b: Tornadus|[spread] p2b\n|-activate|p2a: Urshifu|move: Protect\n|-damage|p2b: Tornadus|0 fnt\n|faint|p2b: Tornadus\n|\n|-weather|RainDance|[upkeep]\n|upkeep\n|\n|t:|1698938106\n|switch|p2b: Dragonite|Dragonite, F, shiny, tera:Normal|14\/100\n|turn|8\n|inactive|Penter has 90 seconds left.\n|\n|t:|1698938122\n|-terastallize|p1b: Tornadus|Ghost\n|move|p2b: Dragonite|Extreme Speed|p1a: Urshifu\n|-damage|p1a: Urshifu|0 fnt\n|faint|p1a: Urshifu\n|move|p2a: Urshifu|Aqua Jet|p1b: Tornadus\n|-damage|p1b: Tornadus|0 fnt\n|faint|p1b: Tornadus\n|\n|-weather|RainDance|[upkeep]\n|upkeep\n|\n|t:|1698938126\n|switch|p1a: Zygarde|Zygarde|2\/100\n|-ability|p1a: Zygarde|Aura Break\n|turn|9\n|c|\u2606TheGreaterBasil|gg\n|\n|t:|1698938139\n|move|p2b: Dragonite|Extreme Speed|p1a: Zygarde\n|-damage|p1a: Zygarde|0 fnt\n|faint|p1a: Zygarde\n|\n|win|TheGreaterBasil\n|n|\u2606Penter|penter\n|n|\u2606TheGreaterBasil|thegreaterbasil\n|n| Daepiquejt|daepiquejt\n|n| AIRedzone|airedzone\n","uploadtime":1698938141,"views":5,"p1id":"penter","p2id":"thegreaterbasil","formatid":"gen9nationaldexdoubles","rating":0,"private":0,"password":""}