{"id":"gen9nationaldexdoubles-1972952455","p1":"Kire23","p2":"50stunzeed","format":"[Gen 9] National Dex Doubles","log":"|j|\u2606Kire23\n|j|\u260650stunzeed\n|t:|1697912229\n|gametype|doubles\n|player|p1|Kire23|266|1079\n|player|p2|50stunzeed|proton|1149\n|teamsize|p1|6\n|teamsize|p2|6\n|gen|9\n|tier|[Gen 9] National Dex Doubles\n|rated|\n|rule|HP Percentage Mod: HP is shown in percentages\n|rule|Endless Battle Clause: Forcing endless battles is banned\n|rule|OHKO Clause: OHKO moves are banned\n|rule|Evasion Moves Clause: Evasion moves are banned\n|rule|Evasion Abilities Clause: Evasion abilities are banned\n|rule|Species Clause: Limit one of each Pok\u00e9mon\n|rule|Gravity Sleep Clause: The combination of sleep-inducing moves with imperfect accuracy and Gravity or Gigantamax Orbeetle are banned\n|clearpoke\n|poke|p1|Araquanid, F|\n|poke|p1|Metagross|\n|poke|p1|Empoleon, M|\n|poke|p1|Grimmsnarl, M|\n|poke|p1|Blaziken, M|\n|poke|p1|Ursaluna, M|\n|poke|p2|Jirachi|\n|poke|p2|Eevee, M|\n|poke|p2|Marshadow|\n|poke|p2|Regigigas|\n|poke|p2|Indeedee-F, F|\n|poke|p2|Flamigo, M|\n|teampreview\n|\n|t:|1697912257\n|start\n|switch|p1a: Ursaluna|Ursaluna, M|100\/100\n|switch|p1b: Grimmsnarl|Grimmsnarl, M|100\/100\n|switch|p2a: Indeedee|Indeedee-F, F|100\/100\n|switch|p2b: Eevee|Eevee, M|100\/100\n|-fieldstart|move: Psychic Terrain|[from] ability: Psychic Surge|[of] p2a: Indeedee\n|-ability|p2b: Eevee|Anticipation\n|turn|1\n|\n|t:|1697912273\n|move|p2a: Indeedee|Follow Me|p2a: Indeedee\n|-singleturn|p2a: Indeedee|move: Follow Me\n|move|p1b: Grimmsnarl|Reflect|p1b: Grimmsnarl\n|-sidestart|p1: Kire23|Reflect\n|-zpower|p2b: Eevee\n|move|p2b: Eevee|Extreme Evoboost|p2b: Eevee\n|-boost|p2b: Eevee|atk|2\n|-boost|p2b: Eevee|def|2\n|-boost|p2b: Eevee|spa|2\n|-boost|p2b: Eevee|spd|2\n|-boost|p2b: Eevee|spe|2\n|move|p1a: Ursaluna|Drain Punch|p2a: Indeedee\n|-damage|p2a: Indeedee|56\/100\n|\n|-status|p1a: Ursaluna|brn|[from] item: Flame Orb\n|upkeep\n|turn|2\n|\n|t:|1697912302\n|move|p2a: Indeedee|Follow Me|p2a: Indeedee\n|-singleturn|p2a: Indeedee|move: Follow Me\n|move|p2b: Eevee|Baton Pass|p2b: Eevee\n|\n|t:|1697912306\n|switch|p2b: Marshadow|Marshadow|100\/100|[from] Baton Pass\n|move|p1b: Grimmsnarl|Play Rough|p2a: Indeedee\n|-damage|p2a: Indeedee|0 fnt\n|faint|p2a: Indeedee\n|move|p1a: Ursaluna|Facade|p2b: Marshadow\n|-immune|p2b: Marshadow\n|\n|-damage|p1a: Ursaluna|94\/100 brn|[from] brn\n|upkeep\n|\n|t:|1697912312\n|switch|p2a: Jirachi|Jirachi|100\/100\n|-item|p2a: Jirachi|Air Balloon\n|turn|3\n|\n|t:|1697912336\n|switch|p1b: Araquanid|Araquanid, F, shiny|100\/100\n|move|p2b: Marshadow|Drain Punch|p1a: Ursaluna\n|-supereffective|p1a: Ursaluna\n|-damage|p1a: Ursaluna|29\/100 brn\n|move|p2a: Jirachi|Psych Up|p2b: Marshadow\n|-copyboost|p2a: Jirachi|p2b: Marshadow|[from] move: Psych Up\n|move|p1a: Ursaluna|Headlong Rush|p2b: Marshadow\n|-damage|p2b: Marshadow|29\/100\n|-unboost|p1a: Ursaluna|def|1\n|-unboost|p1a: Ursaluna|spd|1\n|\n|-damage|p1a: Ursaluna|22\/100 brn|[from] brn\n|upkeep\n|turn|4\n|\n|t:|1697912385\n|move|p2b: Marshadow|Protect|p2b: Marshadow\n|-singleturn|p2b: Marshadow|Protect\n|move|p2a: Jirachi|Stored Power|p1a: Ursaluna\n|-damage|p1a: Ursaluna|0 fnt\n|faint|p1a: Ursaluna\n|move|p1b: Araquanid|Toxic|p2b: Marshadow\n|-activate|p2b: Marshadow|move: Protect\n|\n|upkeep\n|\n|t:|1697912395\n|switch|p1a: Blaziken|Blaziken, M|100\/100\n|turn|5\n|\n|t:|1697912407\n|move|p1a: Blaziken|Protect|p1a: Blaziken\n|-singleturn|p1a: Blaziken|Protect\n|move|p2b: Marshadow|Shadow Sneak|p1b: Araquanid\n|-activate|p1b: Araquanid|move: Psychic Terrain\n|move|p2a: Jirachi|Stored Power|p1a: Blaziken\n|-activate|p1a: Blaziken|move: Protect\n|move|p1b: Araquanid|Toxic|p2b: Marshadow\n|-status|p2b: Marshadow|tox\n|\n|-damage|p2b: Marshadow|23\/100 tox|[from] psn\n|-fieldend|move: Psychic Terrain\n|-ability|p1a: Blaziken|Speed Boost|boost\n|-boost|p1a: Blaziken|spe|1\n|upkeep\n|turn|6\n|\n|t:|1697912432\n|move|p2b: Marshadow|Spectral Thief||[still]\n|-clearpositiveboost|p1a: Blaziken|p2b: Marshadow|move: Spectral Thief\n|-boost|p2b: Marshadow|spe|1\n|-anim|p2b: Marshadow|Spectral Thief|p1a: Blaziken\n|-damage|p1a: Blaziken|17\/100\n|move|p2a: Jirachi|Stored Power|p1b: Araquanid\n|-damage|p1b: Araquanid|0 fnt\n|faint|p1b: Araquanid\n|move|p1a: Blaziken|Blaze Kick|p2a: Jirachi\n|-supereffective|p2a: Jirachi\n|-damage|p2a: Jirachi|46\/100\n|-enditem|p2a: Jirachi|Air Balloon\n|\n|-damage|p2b: Marshadow|11\/100 tox|[from] psn\n|-ability|p1a: Blaziken|Speed Boost|boost\n|-boost|p1a: Blaziken|spe|1\n|upkeep\n|\n|t:|1697912451\n|switch|p1b: Grimmsnarl|Grimmsnarl, M|100\/100\n|turn|7\n|\n|t:|1697912469\n|move|p1a: Blaziken|Protect|p1a: Blaziken\n|-singleturn|p1a: Blaziken|Protect\n|move|p1b: Grimmsnarl|Sucker Punch|p2a: Jirachi\n|-supereffective|p2a: Jirachi\n|-damage|p2a: Jirachi|3\/100\n|move|p2b: Marshadow|Drain Punch|p1b: Grimmsnarl\n|-damage|p1b: Grimmsnarl|40\/100\n|-heal|p2b: Marshadow|42\/100 tox|[from] drain|[of] p1b: Grimmsnarl\n|move|p2a: Jirachi|Dazzling Gleam|p1b: Grimmsnarl|[spread] p1b\n|-activate|p1a: Blaziken|move: Protect\n|-supereffective|p1b: Grimmsnarl\n|-damage|p1b: Grimmsnarl|0 fnt\n|faint|p1b: Grimmsnarl\n|\n|-damage|p2b: Marshadow|23\/100 tox|[from] psn\n|-ability|p1a: Blaziken|Speed Boost|boost\n|-boost|p1a: Blaziken|spe|1\n|upkeep\n|\n|t:|1697912489\n|switch|p1b: Metagross|Metagross|100\/100\n|turn|8\n|\n|t:|1697912514\n|move|p2b: Marshadow|Shadow Sneak|p1b: Metagross\n|-supereffective|p1b: Metagross\n|-damage|p1b: Metagross|31\/100\n|move|p1b: Metagross|Bullet Punch|p2b: Marshadow\n|-damage|p2b: Marshadow|7\/100 tox\n|move|p2a: Jirachi|Stored Power|p1a: Blaziken\n|-supereffective|p1a: Blaziken\n|-damage|p1a: Blaziken|0 fnt\n|faint|p1a: Blaziken\n|\n|-damage|p2b: Marshadow|0 fnt|[from] psn\n|faint|p2b: Marshadow\n|-sideend|p1: Kire23|Reflect\n|upkeep\n|\n|t:|1697912526\n|switch|p2b: Flamigo|Flamigo, M|100\/100\n|switch|p1a: Empoleon|Empoleon, M|100\/100\n|-copyboost|p2b: Flamigo|p2a: Jirachi|[from] ability: Costar\n|turn|9\n|\n|t:|1697912551\n|move|p1b: Metagross|Bullet Punch|p2a: Jirachi\n|-resisted|p2a: Jirachi\n|-damage|p2a: Jirachi|0 fnt\n|faint|p2a: Jirachi\n|move|p2b: Flamigo|Low Kick|p1b: Metagross\n|-damage|p1b: Metagross|0 fnt\n|faint|p1b: Metagross\n|move|p1a: Empoleon|Ice Beam|p2b: Flamigo\n|-supereffective|p2b: Flamigo\n|-damage|p2b: Flamigo|49\/100\n|\n|upkeep\n|\n|t:|1697912557\n|switch|p2a: Regigigas|Regigigas, shiny|100\/100\n|-start|p2a: Regigigas|ability: Slow Start\n|turn|10\n|\n|t:|1697912573\n|move|p2b: Flamigo|Low Kick|p1a: Empoleon\n|-supereffective|p1a: Empoleon\n|-damage|p1a: Empoleon|0 fnt\n|faint|p1a: Empoleon\n|\n|win|50stunzeed\n|raw|Kire23's rating: 1079 &rarr; <strong>1061<\/strong><br \/>(-18 for losing)\n|raw|50stunzeed's rating: 1149 &rarr; <strong>1169<\/strong><br \/>(+20 for winning)\n","uploadtime":1697912580,"views":5,"p1id":"kire23","p2id":"50stunzeed","formatid":"gen9nationaldexdoubles","rating":1061,"private":0,"password":""}