{"id":"gen9nationaldexdoubles-1969951534","p1":"cassndra","p2":"kennyk128","format":"[Gen 9] National Dex Doubles","log":"|j|\u2606cassndra\n|j|\u2606kennyk128\n|t:|1697578899\n|gametype|doubles\n|player|p1|cassndra|lisia|1000\n|player|p2|kennyk128|266|1020\n|teamsize|p1|6\n|teamsize|p2|6\n|gen|9\n|tier|[Gen 9] National Dex Doubles\n|rated|\n|rule|HP Percentage Mod: HP is shown in percentages\n|rule|Endless Battle Clause: Forcing endless battles is banned\n|rule|OHKO Clause: OHKO moves are banned\n|rule|Evasion Moves Clause: Evasion moves are banned\n|rule|Evasion Abilities Clause: Evasion abilities are banned\n|rule|Species Clause: Limit one of each Pok\u00e9mon\n|rule|Gravity Sleep Clause: The combination of sleep-inducing moves with imperfect accuracy and Gravity or Gigantamax Orbeetle are banned\n|clearpoke\n|poke|p1|Samurott-Hisui, F|\n|poke|p1|Typhlosion-Hisui, M|\n|poke|p1|Milotic, F|\n|poke|p1|Pelipper, M|\n|poke|p1|Dracovish|\n|poke|p1|Toxapex, F|\n|poke|p2|Greninja-*, F|\n|poke|p2|Muk-Alola, F|\n|poke|p2|Oricorio-Sensu, F|\n|poke|p2|Farigiraf, M|\n|poke|p2|Dragonite, M|\n|poke|p2|Volcarona, F|\n|teampreview\n|\n|t:|1697578907\n|start\n|switch|p1a: Kit|Samurott-Hisui, F|100\/100\n|switch|p1b: Kannaskis|Typhlosion-Hisui, M|100\/100\n|switch|p2a: Muk|Muk-Alola, F|100\/100\n|switch|p2b: Oricorio|Oricorio-Sensu, F|100\/100\n|turn|1\n|\n|t:|1697578930\n|move|p1a: Kit|Water Pledge|p2a: Muk\n|-waiting|p1a: Kit|p1b: Kannaskis\n|move|p1b: Kannaskis|Fire Pledge|p2b: Oricorio|[from]move: Water Pledge\n|-combine\n|-damage|p2b: Oricorio|0 fnt\n|-sidestart|p1: cassndra|Water Pledge\n|faint|p2b: Oricorio\n|-ability|p2a: Muk|Dancer|[from] ability: Power of Alchemy|[of] p2b: Oricorio\n|move|p2a: Muk|Substitute|p2a: Muk\n|-start|p2a: Muk|Substitute\n|-damage|p2a: Muk|76\/100\n|\n|-heal|p2a: Muk|82\/100|[from] item: Leftovers\n|upkeep\n|\n|t:|1697578946\n|switch|p2b: Volcarona|Volcarona, F|100\/100\n|turn|2\n|\n|t:|1697578975\n|move|p1a: Kit|Protect|p1a: Kit\n|-singleturn|p1a: Kit|Protect\n|move|p2b: Volcarona|Quiver Dance|p2b: Volcarona\n|-boost|p2b: Volcarona|spa|1\n|-boost|p2b: Volcarona|spd|1\n|-boost|p2b: Volcarona|spe|1\n|-activate|p2a: Muk|ability: Dancer\n|move|p2a: Muk|Quiver Dance|p2a: Muk|[from]ability: Dancer\n|-boost|p2a: Muk|spa|1\n|-boost|p2a: Muk|spd|1\n|-boost|p2a: Muk|spe|1\n|move|p1b: Kannaskis|Eruption|p2b: Volcarona|[spread] p2a,p2b\n|-end|p2a: Muk|Substitute\n|-damage|p2b: Volcarona|60\/100\n|move|p2a: Muk|Drain Punch|p1a: Kit\n|-activate|p1a: Kit|move: Protect\n|\n|-heal|p2a: Muk|88\/100|[from] item: Leftovers\n|upkeep\n|turn|3\n|\n|t:|1697579004\n|switch|p1b: The Postal Service|Pelipper, M|100\/100\n|-weather|RainDance|[from] ability: Drizzle|[of] p1b: The Postal Service\n|move|p2b: Volcarona|Quiver Dance|p2b: Volcarona\n|-boost|p2b: Volcarona|spa|1\n|-boost|p2b: Volcarona|spd|1\n|-boost|p2b: Volcarona|spe|1\n|-activate|p2a: Muk|ability: Dancer\n|move|p2a: Muk|Quiver Dance|p2a: Muk|[from]ability: Dancer\n|-boost|p2a: Muk|spa|1\n|-boost|p2a: Muk|spd|1\n|-boost|p2a: Muk|spe|1\n|move|p1a: Kit|Bulldoze|p2a: Muk|[spread] p2a,p2b\n|-immune|p1b: The Postal Service\n|-supereffective|p2a: Muk\n|-damage|p2a: Muk|61\/100\n|-damage|p2b: Volcarona|37\/100\n|-unboost|p2a: Muk|spe|1\n|-unboost|p2b: Volcarona|spe|1\n|move|p2a: Muk|Substitute|p2a: Muk\n|-start|p2a: Muk|Substitute\n|-damage|p2a: Muk|36\/100\n|\n|-weather|RainDance|[upkeep]\n|-heal|p2a: Muk|42\/100|[from] item: Leftovers\n|upkeep\n|turn|4\n|\n|t:|1697579036\n|move|p2b: Volcarona|Fiery Dance|p1b: The Postal Service\n|-resisted|p1b: The Postal Service\n|-damage|p1b: The Postal Service|68\/100\n|-boost|p2b: Volcarona|spa|1\n|-activate|p2a: Muk|ability: Dancer\n|move|p2a: Muk|Fiery Dance|p1b: The Postal Service|[from]ability: Dancer\n|-resisted|p1b: The Postal Service\n|-damage|p1b: The Postal Service|60\/100\n|-boost|p2a: Muk|spa|1\n|move|p1a: Kit|Bulldoze|p2a: Muk|[spread] p2a,p2b\n|-immune|p1b: The Postal Service\n|-supereffective|p2a: Muk\n|-end|p2a: Muk|Substitute\n|-damage|p2b: Volcarona|17\/100\n|-unboost|p2b: Volcarona|spe|1\n|move|p2a: Muk|Drain Punch|p1a: Kit\n|-supereffective|p1a: Kit\n|-damage|p1a: Kit|36\/100\n|-heal|p2a: Muk|67\/100|[from] drain|[of] p1a: Kit\n|move|p1b: The Postal Service|Tailwind|p1b: The Postal Service\n|-sidestart|p1: cassndra|move: Tailwind\n|\n|-weather|RainDance|[upkeep]\n|-heal|p2a: Muk|73\/100|[from] item: Leftovers\n|-sideend|p1: cassndra|Water Pledge\n|upkeep\n|turn|5\n|\n|t:|1697579074\n|move|p1a: Kit|Protect|p1a: Kit\n|-singleturn|p1a: Kit|Protect\n|move|p1b: The Postal Service|Acrobatics|p2b: Volcarona\n|-supereffective|p2b: Volcarona\n|-damage|p2b: Volcarona|0 fnt\n|-status|p1b: The Postal Service|brn|[from] ability: Flame Body|[of] p2b: Volcarona\n|faint|p2b: Volcarona\n|move|p2a: Muk|Substitute|p2a: Muk\n|-start|p2a: Muk|Substitute\n|-damage|p2a: Muk|48\/100\n|\n|-weather|RainDance|[upkeep]\n|-heal|p2a: Muk|54\/100|[from] item: Leftovers\n|-damage|p1b: The Postal Service|54\/100 brn|[from] brn\n|upkeep\n|\n|t:|1697579086\n|switch|p2b: Dragonite|Dragonite, M|100\/100\n|turn|6\n|\n|t:|1697579106\n|move|p1a: Kit|Water Pledge|p2a: Muk\n|-activate|p2a: Muk|move: Substitute|[damage]\n|move|p1b: The Postal Service|Acrobatics|p2a: Muk\n|-end|p2a: Muk|Substitute\n|move|p2b: Dragonite|Dragon Dance|p2b: Dragonite\n|-boost|p2b: Dragonite|atk|1\n|-boost|p2b: Dragonite|spe|1\n|-activate|p2a: Muk|ability: Dancer\n|move|p2a: Muk|Dragon Dance|p2a: Muk|[from]ability: Dancer\n|-boost|p2a: Muk|atk|1\n|-boost|p2a: Muk|spe|1\n|move|p2a: Muk|Drain Punch|p1a: Kit\n|-supereffective|p1a: Kit\n|-damage|p1a: Kit|0 fnt\n|-heal|p2a: Muk|68\/100|[from] drain|[of] p1a: Kit\n|faint|p1a: Kit\n|\n|-weather|RainDance|[upkeep]\n|-heal|p2a: Muk|74\/100|[from] item: Leftovers\n|-damage|p1b: The Postal Service|48\/100 brn|[from] brn\n|upkeep\n|\n|t:|1697579126\n|switch|p1a: Millie|Milotic, F|100\/100\n|turn|7\n|\n|t:|1697579142\n|move|p1a: Millie|Ice Beam|p2b: Dragonite\n|-supereffective|p2b: Dragonite\n|-damage|p2b: Dragonite|53\/100\n|move|p2b: Dragonite|Dragon Dance|p2b: Dragonite\n|-boost|p2b: Dragonite|atk|1\n|-boost|p2b: Dragonite|spe|1\n|-activate|p2a: Muk|ability: Dancer\n|move|p2a: Muk|Dragon Dance|p2a: Muk|[from]ability: Dancer\n|-boost|p2a: Muk|atk|1\n|-boost|p2a: Muk|spe|1\n|move|p2a: Muk|Substitute|p2a: Muk\n|-start|p2a: Muk|Substitute\n|-damage|p2a: Muk|49\/100\n|move|p1b: The Postal Service|Facade|p2a: Muk\n|-end|p2a: Muk|Substitute\n|\n|-weather|none\n|-heal|p2b: Dragonite|59\/100|[from] item: Leftovers\n|-heal|p2a: Muk|55\/100|[from] item: Leftovers\n|-damage|p1b: The Postal Service|41\/100 brn|[from] brn\n|-sideend|p1: cassndra|move: Tailwind\n|-status|p1a: Millie|brn|[from] item: Flame Orb\n|upkeep\n|turn|8\n|\n|t:|1697579170\n|move|p2b: Dragonite|Dragon Dance|p2b: Dragonite\n|-boost|p2b: Dragonite|atk|1\n|-boost|p2b: Dragonite|spe|1\n|-activate|p2a: Muk|ability: Dancer\n|move|p2a: Muk|Dragon Dance|p2a: Muk|[from]ability: Dancer\n|-boost|p2a: Muk|atk|1\n|-boost|p2a: Muk|spe|1\n|move|p2a: Muk|Rock Slide|p1a: Millie|[spread] p1a,p1b\n|-supereffective|p1b: The Postal Service\n|-damage|p1a: Millie|78\/100 brn\n|-damage|p1b: The Postal Service|0 fnt\n|faint|p1b: The Postal Service\n|cant|p1a: Millie|flinch\n|\n|-heal|p2b: Dragonite|65\/100|[from] item: Leftovers\n|-heal|p2a: Muk|61\/100|[from] item: Leftovers\n|-damage|p1a: Millie|72\/100 brn|[from] brn\n|upkeep\n|\n|t:|1697579189\n|switch|p1b: PagChomp|Dracovish, shiny|100\/100\n|turn|9\n|\n|t:|1697579211\n|move|p2b: Dragonite|Draco Meteor|p1b: PagChomp\n|-supereffective|p1b: PagChomp\n|-damage|p1b: PagChomp|2\/100\n|-unboost|p2b: Dragonite|spa|2\n|move|p2a: Muk|Knock Off|p1b: PagChomp\n|-damage|p1b: PagChomp|0 fnt\n|-enditem|p1b: PagChomp|Choice Band|[from] move: Knock Off|[of] p2a: Muk\n|faint|p1b: PagChomp\n|move|p1a: Millie|Facade|p2a: Muk\n|-damage|p2a: Muk|40\/100\n|\n|-heal|p2b: Dragonite|71\/100|[from] item: Leftovers\n|-heal|p2a: Muk|46\/100|[from] item: Leftovers\n|-damage|p1a: Millie|66\/100 brn|[from] brn\n|upkeep\n|\n|t:|1697579225\n|switch|p1b: Kannaskis|Typhlosion-Hisui, M|100\/100\n|turn|10\n|\n|t:|1697579247\n|move|p2b: Dragonite|Fire Punch|p1a: Millie\n|-resisted|p1a: Millie\n|-damage|p1a: Millie|47\/100 brn\n|move|p2a: Muk|Knock Off|p1b: Kannaskis\n|-supereffective|p1b: Kannaskis\n|-damage|p1b: Kannaskis|0 fnt\n|-enditem|p1b: Kannaskis|Leftovers|[from] move: Knock Off|[of] p2a: Muk\n|faint|p1b: Kannaskis\n|move|p1a: Millie|Facade|p2a: Muk\n|-damage|p2a: Muk|27\/100\n|\n|-heal|p2b: Dragonite|78\/100|[from] item: Leftovers\n|-heal|p2a: Muk|33\/100|[from] item: Leftovers\n|-damage|p1a: Millie|41\/100 brn|[from] brn\n|upkeep\n|\n|t:|1697579261\n|switch|p1b: Staurozoea|Toxapex, F|100\/100\n|turn|11\n|\n|t:|1697579273\n|switch|p2b: Farigiraf|Farigiraf, M|100\/100\n|move|p1b: Staurozoea|Baneful Bunker|p1b: Staurozoea\n|-singleturn|p1b: Staurozoea|move: Protect\n|move|p2a: Muk|Substitute|p2a: Muk\n|-start|p2a: Muk|Substitute\n|-damage|p2a: Muk|8\/100\n|move|p1a: Millie|Ice Beam|p2b: Farigiraf\n|-damage|p2b: Farigiraf|80\/100\n|\n|-heal|p2a: Muk|15\/100|[from] item: Leftovers\n|-heal|p2b: Farigiraf|86\/100|[from] item: Leftovers\n|-damage|p1a: Millie|35\/100 brn|[from] brn\n|upkeep\n|turn|12\n|\n|t:|1697579295\n|move|p2a: Muk|Rock Slide|p1a: Millie|[spread] p1a,p1b\n|-damage|p1a: Millie|14\/100 brn\n|-damage|p1b: Staurozoea|72\/100\n|move|p1a: Millie|Facade|p2a: Muk\n|-activate|p2a: Muk|move: Substitute|[damage]\n|move|p2b: Farigiraf|Psych Up|p2a: Muk\n|-copyboost|p2b: Farigiraf|p2a: Muk|[from] move: Psych Up\n|move|p1b: Staurozoea|Venoshock|p2a: Muk\n|-resisted|p2a: Muk\n|-activate|p2a: Muk|move: Substitute|[damage]\n|\n|-heal|p2b: Farigiraf|92\/100|[from] item: Leftovers\n|-heal|p2a: Muk|21\/100|[from] item: Leftovers\n|-damage|p1a: Millie|8\/100 brn|[from] brn\n|upkeep\n|turn|13\n|\n|t:|1697579314\n|move|p2b: Farigiraf|Dazzling Gleam|p1a: Millie|[spread] p1a,p1b\n|-resisted|p1b: Staurozoea\n|-damage|p1a: Millie|0 fnt\n|-damage|p1b: Staurozoea|52\/100\n|faint|p1a: Millie\n|move|p2a: Muk|Rock Slide|p1b: Staurozoea\n|-damage|p1b: Staurozoea|15\/100\n|move|p1b: Staurozoea|Venoshock|p2a: Muk\n|-resisted|p2a: Muk\n|-activate|p2a: Muk|move: Substitute|[damage]\n|\n|-heal|p2b: Farigiraf|98\/100|[from] item: Leftovers\n|-heal|p2a: Muk|27\/100|[from] item: Leftovers\n|upkeep\n|turn|14\n|\n|t:|1697579342\n|move|p2b: Farigiraf|Twin Beam|p1b: Staurozoea\n|-supereffective|p1b: Staurozoea\n|-damage|p1b: Staurozoea|0 fnt\n|faint|p1b: Staurozoea\n|-hitcount|p1: Staurozoea|1\n|\n|win|kennyk128\n|raw|cassndra's rating: 1000 &rarr; <strong>1000<\/strong><br \/>(+0 for losing)\n|raw|kennyk128's rating: 1020 &rarr; <strong>1055<\/strong><br \/>(+35 for winning)\n|c|\u2606cassndra|ggs that muk is nasty \/pos\n|c|\u2606kennyk128|ggs man\n","uploadtime":1697579400,"views":10,"p1id":"cassndra","p2id":"kennyk128","formatid":"gen9nationaldexdoubles","rating":1000,"private":0,"password":""}