{"id":"gen9nationaldexdoubles-1972031765","p1":"omegashenronone","p2":"khush19","format":"[Gen 9] National Dex Doubles","log":"|j|\u2606omegashenronone\n|j|\u2606khush19\n|t:|1697806735\n|gametype|doubles\n|player|p1|omegashenronone|hugh|\n|player|p2|khush19|n|\n|teamsize|p1|6\n|teamsize|p2|6\n|gen|9\n|tier|[Gen 9] National Dex Doubles\n|rule|HP Percentage Mod: HP is shown in percentages\n|rule|Endless Battle Clause: Forcing endless battles is banned\n|rule|OHKO Clause: OHKO moves are banned\n|rule|Evasion Moves Clause: Evasion moves are banned\n|rule|Evasion Abilities Clause: Evasion abilities are banned\n|rule|Species Clause: Limit one of each Pok\u00e9mon\n|rule|Gravity Sleep Clause: The combination of sleep-inducing moves with imperfect accuracy and Gravity or Gigantamax Orbeetle are banned\n|clearpoke\n|poke|p1|Pelipper, F|\n|poke|p1|Gyarados, F|\n|poke|p1|Greninja-*, M|\n|poke|p1|Dracovish|\n|poke|p1|Walking Wake|\n|poke|p1|Rotom-Wash|\n|poke|p2|Cinderace, F|\n|poke|p2|Swampert, F|\n|poke|p2|Blaziken, M|\n|poke|p2|Mimikyu, M|\n|poke|p2|Greninja-*, M|\n|poke|p2|Charizard, F|\n|teampreview\n|inactive|Battle timer is ON: inactive players will automatically lose when time's up. (requested by omegashenronone)\n|\n|t:|1697806741\n|start\n|switch|p1a: Happy|Pelipper, F|100\/100\n|switch|p1b: Former rotom phone|Rotom-Wash, shiny|100\/100\n|switch|p2a: Swampert|Swampert, F|100\/100\n|switch|p2b: Greninja|Greninja, M|100\/100\n|-weather|RainDance|[from] ability: Drizzle|[of] p1a: Happy\n|turn|1\n|inactive|khush19 has 270 seconds left.\n|\n|t:|1697806774\n|move|p2b: Greninja|Dark Pulse|p1b: Former rotom phone\n|-start|p2b: Greninja|typechange|Dark|[from] ability: Protean\n|-damage|p1b: Former rotom phone|61\/100\n|move|p2a: Swampert|Yawn|p1b: Former rotom phone\n|-start|p1b: Former rotom phone|move: Yawn|[of] p2a: Swampert\n|move|p1b: Former rotom phone|Hyper Voice|p2b: Greninja|[spread] p2a,p2b\n|-damage|p2a: Swampert|75\/100\n|-damage|p2b: Greninja|67\/100\n|-damage|p1b: Former rotom phone|51\/100|[from] item: Life Orb\n|move|p1a: Happy|Tailwind|p1a: Happy\n|-sidestart|p1: omegashenronone|move: Tailwind\n|\n|-weather|RainDance|[upkeep]\n|-heal|p2a: Swampert|81\/100|[from] item: Leftovers\n|upkeep\n|turn|2\n|inactive|khush19 has 270 seconds left.\n|\n|t:|1697806803\n|switch|p1b: Waking walk|Walking Wake|100\/100\n|-enditem|p1b: Waking walk|Booster Energy\n|-activate|p1b: Waking walk|ability: Protosynthesis|[fromitem]\n|-start|p1b: Waking walk|protosynthesisspa\n|move|p2b: Greninja|Dark Pulse|p1a: Happy\n|-damage|p1a: Happy|58\/100\n|move|p1a: Happy|Icy Wind|p2b: Greninja|[spread] p2a,p2b\n|-crit|p2a: Swampert\n|-damage|p2a: Swampert|68\/100\n|-damage|p2b: Greninja|53\/100\n|-unboost|p2a: Swampert|spe|1\n|-unboost|p2b: Greninja|spe|1\n|move|p2a: Swampert|Yawn|p1a: Happy\n|-start|p1a: Happy|move: Yawn|[of] p2a: Swampert\n|\n|-weather|RainDance|[upkeep]\n|-heal|p2a: Swampert|74\/100|[from] item: Leftovers\n|upkeep\n|turn|3\n|inactive|khush19 has 270 seconds left.\n|\n|t:|1697806830\n|move|p1b: Waking walk|Hydro Steam|p2a: Swampert\n|-damage|p2a: Swampert|0 fnt\n|faint|p2a: Swampert\n|move|p1a: Happy|U-turn|p2b: Greninja\n|-supereffective|p2b: Greninja\n|-damage|p2b: Greninja|27\/100\n|\n|t:|1697806836\n|switch|p1a: Former rotom phone|Rotom-Wash, shiny|51\/100|[from] U-turn\n|move|p2b: Greninja|Dark Pulse|p1a: Former rotom phone\n|-damage|p1a: Former rotom phone|13\/100\n|\n|-weather|RainDance|[upkeep]\n|upkeep\n|inactive|khush19 has 270 seconds left.\n|\n|t:|1697806856\n|switch|p2a: Mimikyu|Mimikyu, M|100\/100\n|turn|4\n|inactive|khush19 has 270 seconds left.\n|inactive|omegashenronone has 270 seconds left.\n|\n|t:|1697806887\n|switch|p1a: Happy|Pelipper, F|58\/100\n|switch|p2a: Charizard|Charizard, F|100\/100\n|move|p2b: Greninja|Protect|p2b: Greninja\n|-singleturn|p2b: Greninja|Protect\n|move|p1b: Waking walk|Hydro Steam|p2a: Charizard\n|-supereffective|p2a: Charizard\n|-damage|p2a: Charizard|0 fnt\n|faint|p2a: Charizard\n|\n|-weather|RainDance|[upkeep]\n|-sideend|p1: omegashenronone|move: Tailwind\n|upkeep\n|\n|t:|1697806903\n|switch|p2a: Cinderace|Cinderace, F|100\/100\n|turn|5\n|inactive|khush19 has 270 seconds left.\n|\n|t:|1697806917\n|move|p2a: Cinderace|High Jump Kick|p1b: Waking walk\n|-start|p2a: Cinderace|typechange|Fighting|[from] ability: Libero\n|-damage|p1b: Waking walk|10\/100\n|-damage|p2a: Cinderace|91\/100|[from] item: Life Orb\n|move|p1b: Waking walk|Hydro Steam|p2b: Greninja\n|-damage|p2b: Greninja|0 fnt\n|faint|p2b: Greninja\n|move|p1a: Happy|Tailwind|p1a: Happy\n|-sidestart|p1: omegashenronone|move: Tailwind\n|\n|-weather|RainDance|[upkeep]\n|upkeep\n|\n|t:|1697806936\n|switch|p2b: Blaziken|Blaziken, M|100\/100\n|turn|6\n|inactive|khush19 has 270 seconds left.\n|\n|t:|1697806964\n|-terastallize|p2a: Cinderace|Fire\n|move|p1b: Waking walk|Hurricane|p2a: Cinderace\n|-damage|p2a: Cinderace|19\/100\n|move|p2a: Cinderace|Acrobatics|p1a: Happy\n|-damage|p1a: Happy|33\/100\n|-damage|p2a: Cinderace|9\/100|[from] item: Life Orb\n|move|p1a: Happy|Hurricane|p2b: Blaziken\n|-supereffective|p2b: Blaziken\n|-damage|p2b: Blaziken|0 fnt\n|faint|p2b: Blaziken\n|\n|-weather|RainDance|[upkeep]\n|upkeep\n|\n|t:|1697806978\n|switch|p2b: Mimikyu|Mimikyu, M|100\/100\n|turn|7\n|inactive|khush19 has 270 seconds left.\n|\n|t:|1697807003\n|-end|p1b: Waking walk|Protosynthesis|[silent]\n|switch|p1b: Genji|Greninja, M, shiny|100\/100\n|move|p2b: Mimikyu|Shadow Sneak|p1a: Happy\n|-damage|p1a: Happy|12\/100\n|-damage|p2b: Mimikyu|91\/100|[from] item: Life Orb\n|move|p2a: Cinderace|Shadow Ball|p1a: Happy\n|-damage|p1a: Happy|0 fnt\n|faint|p1a: Happy\n|-damage|p2a: Cinderace|0 fnt|[from] item: Life Orb\n|faint|p2a: Cinderace\n|\n|-weather|RainDance|[upkeep]\n|upkeep\n|\n|t:|1697807016\n|switch|p1a: Ze Fish?|Dracovish|100\/100\n|turn|8\n|\n|t:|1697807028\n|move|p1a: Ze Fish?|Fishious Rend|p2b: Mimikyu\n|-activate|p2b: Mimikyu|ability: Disguise\n|-damage|p2b: Mimikyu|91\/100\n|detailschange|p2b: Mimikyu|Mimikyu-Busted, M\n|-damage|p2b: Mimikyu|78\/100|[from] pokemon: Mimikyu-Busted\n|move|p1b: Genji|Scald|p2b: Mimikyu\n|-start|p1b: Genji|typechange|Water|[from] ability: Protean\n|-damage|p2b: Mimikyu|0 fnt\n|faint|p2b: Mimikyu\n|\n|win|omegashenronone\n|c|\u2606omegashenronone|1 death\n|c|\u2606khush19|Gg\n|c|\u2606omegashenronone|Good game\n|c|\u2606khush19|Idc\n|c|\u2606khush19|I'll still get you\n|c|\u2606omegashenronone|I cant do a fourth match sorry\n|c|\u2606khush19|Alr\n|c|\u2606omegashenronone|Maybe in a few hours?\n|c|\u2606khush19|Idk\n","uploadtime":1697807046,"views":11,"p1id":"omegashenronone","p2id":"khush19","formatid":"gen9nationaldexdoubles","rating":0,"private":0,"password":""}