{"id":"gen9nationaldexdoubles-1961075161","p1":"SageHarpuia06","p2":"CoffeeDrummer","format":"[Gen 9] National Dex Doubles","log":"|j|\u203dSageHarpuia06\n|j|\u2606CoffeeDrummer\n|t:|1696594817\n|gametype|doubles\n|player|p1|SageHarpuia06|266|1098\n|player|p2|CoffeeDrummer|101|1035\n|teamsize|p1|6\n|teamsize|p2|6\n|gen|9\n|tier|[Gen 9] National Dex Doubles\n|rated|\n|rule|HP Percentage Mod: HP is shown in percentages\n|rule|Endless Battle Clause: Forcing endless battles is banned\n|rule|OHKO Clause: OHKO moves are banned\n|rule|Evasion Moves Clause: Evasion moves are banned\n|rule|Evasion Abilities Clause: Evasion abilities are banned\n|rule|Species Clause: Limit one of each Pok\u00e9mon\n|rule|Gravity Sleep Clause: The combination of sleep-inducing moves with imperfect accuracy and Gravity or Gigantamax Orbeetle are banned\n|clearpoke\n|poke|p1|Ambipom, F|\n|poke|p1|Sinistcha-Masterpiece|\n|poke|p1|Infernape, M|\n|poke|p1|Darmanitan-Galar, F|\n|poke|p1|Rillaboom, F|\n|poke|p1|Zarude|\n|poke|p2|Golisopod, M|\n|poke|p2|Iron Moth|\n|poke|p2|Ribombee, F|\n|poke|p2|Rabsca, M|\n|poke|p2|Vikavolt, M|\n|poke|p2|Masquerain, M|\n|teampreview\n|\n|t:|1696594831\n|start\n|switch|p1a: Rillaboom|Rillaboom, F|100\/100\n|switch|p1b: Infernape|Infernape, M|100\/100\n|switch|p2a: Golisopod|Golisopod, M|100\/100\n|switch|p2b: Masquerain|Masquerain, M|100\/100\n|-fieldstart|move: Grassy Terrain|[from] ability: Grassy Surge|[of] p1a: Rillaboom\n|-enditem|p1a: Rillaboom|Grassy Seed\n|-boost|p1a: Rillaboom|def|1|[from] item: Grassy Seed\n|-ability|p2b: Masquerain|Intimidate|boost\n|-unboost|p1a: Rillaboom|atk|1\n|-unboost|p1b: Infernape|atk|1\n|turn|1\n|\n|t:|1696594854\n|switch|p1b: Zarude|Zarude|100\/100\n|move|p2a: Golisopod|First Impression|p1a: Rillaboom\n|-supereffective|p1a: Rillaboom\n|-damage|p1a: Rillaboom|24\/100\n|move|p1a: Rillaboom|Swords Dance|p1a: Rillaboom\n|-boost|p1a: Rillaboom|atk|2\n|move|p2b: Masquerain|U-turn|p1a: Rillaboom\n|-supereffective|p1a: Rillaboom\n|-damage|p1a: Rillaboom|3\/100\n|\n|t:|1696594867\n|switch|p2b: Rabsca|Rabsca, M|100\/100|[from] U-turn\n|\n|-heal|p1a: Rillaboom|9\/100|[from] Grassy Terrain\n|upkeep\n|turn|2\n|\n|t:|1696594897\n|switch|p1a: Infernape|Infernape, M|100\/100\n|switch|p2a: Vikavolt|Vikavolt, M|100\/100\n|-terastallize|p1b: Zarude|Dark\n|move|p1b: Zarude|Darkest Lariat|p2b: Rabsca\n|-supereffective|p2b: Rabsca\n|-enditem|p2b: Rabsca|Focus Sash\n|-damage|p2b: Rabsca|1\/100\n|move|p2b: Rabsca|Trick Room|p2b: Rabsca\n|-fieldstart|move: Trick Room|[of] p2b: Rabsca\n|\n|-heal|p2b: Rabsca|7\/100|[from] Grassy Terrain\n|upkeep\n|turn|3\n|\n|t:|1696594927\n|move|p1a: Infernape|Mach Punch|p2b: Rabsca\n|-resisted|p2b: Rabsca\n|-damage|p2b: Rabsca|0 fnt\n|faint|p2b: Rabsca\n|move|p1b: Zarude|Jungle Healing||[still]|[spread] \n|-fail|p1b: Zarude\n|move|p2a: Vikavolt|Light Screen|p2a: Vikavolt\n|-sidestart|p2: CoffeeDrummer|move: Light Screen\n|\n|upkeep\n|\n|t:|1696594938\n|switch|p2b: Golisopod|Golisopod, M|100\/100\n|turn|4\n|\n|t:|1696594953\n|switch|p2a: Masquerain|Masquerain, M|100\/100\n|-ability|p2a: Masquerain|Intimidate|boost\n|-unboost|p1a: Infernape|atk|1\n|-unboost|p1b: Zarude|atk|1\n|move|p2b: Golisopod|First Impression|p1b: Zarude\n|-supereffective|p1b: Zarude\n|-damage|p1b: Zarude|15\/100\n|move|p1b: Zarude|Jungle Healing|p1b: Zarude|[spread] p1a,p1b\n|-heal|p1b: Zarude|39\/100\n|move|p1a: Infernape|Thunder Punch|p2b: Golisopod\n|-supereffective|p2b: Golisopod\n|-damage|p2b: Golisopod|72\/100\n|\n|-heal|p2b: Golisopod|78\/100|[from] Grassy Terrain\n|-heal|p1b: Zarude|45\/100|[from] Grassy Terrain\n|-heal|p1b: Zarude|51\/100|[from] item: Leftovers\n|upkeep\n|turn|5\n|\n|t:|1696594986\n|switch|p1a: Sinistcha|Sinistcha-Masterpiece|100\/100\n|-heal|p1b: Zarude|76\/100|[from] ability: Hospitality|[of] p1a: Sinistcha\n|move|p2b: Golisopod|Liquidation|p1a: Sinistcha\n|-resisted|p1a: Sinistcha\n|-damage|p1a: Sinistcha|80\/100\n|-unboost|p1a: Sinistcha|def|1\n|move|p1b: Zarude|Jungle Healing|p1b: Zarude|[spread] p1a,p1b\n|-heal|p1a: Sinistcha|100\/100\n|-heal|p1b: Zarude|100\/100\n|move|p2a: Masquerain|Stun Spore|p1b: Zarude\n|-status|p1b: Zarude|par\n|\n|-heal|p2b: Golisopod|85\/100|[from] Grassy Terrain\n|-fieldend|move: Grassy Terrain\n|upkeep\n|turn|6\n|\n|t:|1696595013\n|-terastallize|p2a: Masquerain|Ghost\n|move|p2b: Golisopod|Knock Off|p1a: Sinistcha\n|-supereffective|p1a: Sinistcha\n|-damage|p1a: Sinistcha|6\/100\n|-enditem|p1a: Sinistcha|Iapapa Berry|[from] move: Knock Off|[of] p2b: Golisopod\n|move|p1b: Zarude|Darkest Lariat|p2a: Masquerain\n|-supereffective|p2a: Masquerain\n|-enditem|p2a: Masquerain|Focus Sash\n|-damage|p2a: Masquerain|1\/100\n|move|p1a: Sinistcha|Matcha Gotcha|p2a: Masquerain|[spread] p2a,p2b\n|-damage|p2a: Masquerain|0 fnt\n|-heal|p1a: Sinistcha|6\/100|[from] drain|[of] p2a: Masquerain\n|-damage|p2b: Golisopod|73\/100\n|-heal|p1a: Sinistcha|12\/100|[from] drain|[of] p2b: Golisopod\n|faint|p2a: Masquerain\n|\n|-fieldend|move: Trick Room\n|upkeep\n|\n|t:|1696595034\n|switch|p2a: Vikavolt|Vikavolt, M|100\/100\n|turn|7\n|\n|t:|1696595098\n|switch|p1b: Darmanitan|Darmanitan-Galar, F|100\/100\n|move|p2b: Golisopod|Aqua Jet|p1a: Sinistcha\n|-resisted|p1a: Sinistcha\n|-damage|p1a: Sinistcha|0 fnt\n|faint|p1a: Sinistcha\n|move|p2a: Vikavolt|Electric Terrain|p2a: Vikavolt\n|-fieldstart|move: Electric Terrain\n|\n|-sideend|p2: CoffeeDrummer|move: Light Screen\n|upkeep\n|\n|t:|1696595107\n|switch|p1a: Infernape|Infernape, M|100\/100\n|turn|8\n|\n|t:|1696595125\n|switch|p2a: Iron Moth|Iron Moth|100\/100\n|-activate|p2a: Iron Moth|ability: Quark Drive\n|-start|p2a: Iron Moth|quarkdrivespa\n|move|p1b: Darmanitan|U-turn|p2a: Iron Moth\n|-resisted|p2a: Iron Moth\n|-damage|p2a: Iron Moth|76\/100\n|\n|t:|1696595133\n|switch|p1b: Ambipom|Ambipom, F|100\/100|[from] U-turn\n|move|p1a: Infernape|Thunder Punch|p2b: Golisopod\n|-supereffective|p2b: Golisopod\n|-damage|p2b: Golisopod|19\/100\n|-activate|p2b: Golisopod|ability: Emergency Exit\n|\n|t:|1696595140\n|switch|p2b: Ribombee|Ribombee, F|100\/100\n|\n|upkeep\n|turn|9\n|\n|t:|1696595178\n|switch|p2b: Golisopod|Golisopod, M|19\/100\n|move|p1b: Ambipom|Fake Out|p2a: Iron Moth\n|-damage|p2a: Iron Moth|27\/100\n|cant|p2a: Iron Moth|flinch\n|move|p1a: Infernape|Fire Punch|p2b: Golisopod\n|-damage|p2b: Golisopod|0 fnt\n|faint|p2b: Golisopod\n|\n|upkeep\n|\n|t:|1696595188\n|switch|p2b: Ribombee|Ribombee, F|100\/100\n|turn|10\n|inactive|Battle timer is ON: inactive players will automatically lose when time's up. (requested by SageHarpuia06)\n|\n|t:|1696595198\n|switch|p1a: Darmanitan|Darmanitan-Galar, F|100\/100\n|move|p2b: Ribombee|Sticky Web|p1b: Ambipom\n|-sidestart|p1: SageHarpuia06|move: Sticky Web\n|move|p2a: Iron Moth|Fire Blast|p1b: Ambipom\n|-damage|p1b: Ambipom|0 fnt\n|faint|p1b: Ambipom\n|\n|upkeep\n|\n|t:|1696595210\n|switch|p1b: Infernape|Infernape, M|100\/100\n|-activate|p1b: Infernape|move: Sticky Web\n|-unboost|p1b: Infernape|spe|1\n|turn|11\n|\n|t:|1696595239\n|move|p1b: Infernape|Mach Punch|p2a: Iron Moth\n|-resisted|p2a: Iron Moth\n|-damage|p2a: Iron Moth|6\/100\n|move|p2b: Ribombee|Pollen Puff|p2a: Iron Moth\n|-heal|p2a: Iron Moth|56\/100\n|move|p2a: Iron Moth|Fire Blast|p1a: Darmanitan\n|-supereffective|p1a: Darmanitan\n|-damage|p1a: Darmanitan|0 fnt\n|faint|p1a: Darmanitan\n|\n|-fieldend|move: Electric Terrain\n|-end|p2a: Iron Moth|Quark Drive\n|upkeep\n|\n|t:|1696595249\n|switch|p1a: Zarude|Zarude, tera:Dark|100\/100 par\n|-activate|p1a: Zarude|move: Sticky Web\n|-unboost|p1a: Zarude|spe|1\n|turn|12\n|inactive|CoffeeDrummer has 120 seconds left.\n|\n|t:|1696595281\n|switch|p2b: Vikavolt|Vikavolt, M|100\/100\n|move|p2a: Iron Moth|Sludge Wave|p1a: Zarude|[spread] p2b,p1a,p1b\n|-damage|p2b: Vikavolt|46\/100\n|-damage|p1a: Zarude|67\/100 par\n|-damage|p1b: Infernape|43\/100\n|move|p1b: Infernape|Fire Punch|p2b: Vikavolt\n|-supereffective|p2b: Vikavolt\n|-damage|p2b: Vikavolt|0 fnt\n|faint|p2b: Vikavolt\n|move|p1a: Zarude|U-turn|p2a: Iron Moth\n|-resisted|p2a: Iron Moth\n|-damage|p2a: Iron Moth|45\/100\n|\n|t:|1696595292\n|switch|p1a: Rillaboom|Rillaboom, F|9\/100|[from] U-turn\n|-activate|p1a: Rillaboom|move: Sticky Web\n|-unboost|p1a: Rillaboom|spe|1\n|-fieldstart|move: Grassy Terrain|[from] ability: Grassy Surge|[of] p1a: Rillaboom\n|\n|-heal|p2a: Iron Moth|51\/100|[from] Grassy Terrain\n|-heal|p1b: Infernape|49\/100|[from] Grassy Terrain\n|-heal|p1a: Rillaboom|15\/100|[from] Grassy Terrain\n|upkeep\n|inactive|CoffeeDrummer has 120 seconds left.\n|\n|t:|1696595302\n|switch|p2b: Ribombee|Ribombee, F|100\/100\n|turn|13\n|\n|t:|1696595320\n|move|p1b: Infernape|Mach Punch|p2a: Iron Moth\n|-resisted|p2a: Iron Moth\n|-damage|p2a: Iron Moth|29\/100\n|move|p1a: Rillaboom|Grassy Glide|p2a: Iron Moth\n|-resisted|p2a: Iron Moth\n|-damage|p2a: Iron Moth|14\/100\n|move|p2b: Ribombee|Pollen Puff|p2a: Iron Moth\n|-heal|p2a: Iron Moth|64\/100\n|move|p2a: Iron Moth|Sludge Wave|p1a: Rillaboom|[spread] p2b,p1a,p1b\n|-supereffective|p2b: Ribombee\n|-supereffective|p1a: Rillaboom\n|-enditem|p2b: Ribombee|Focus Sash\n|-damage|p2b: Ribombee|1\/100\n|-damage|p1a: Rillaboom|0 fnt\n|-damage|p1b: Infernape|0 fnt\n|faint|p1a: Rillaboom\n|faint|p1b: Infernape\n|\n|-heal|p2b: Ribombee|7\/100|[from] Grassy Terrain\n|-heal|p2a: Iron Moth|70\/100|[from] Grassy Terrain\n|upkeep\n|\n|t:|1696595331\n|switch|p1a: Zarude|Zarude, tera:Dark|67\/100 par\n|-activate|p1a: Zarude|move: Sticky Web\n|-unboost|p1a: Zarude|spe|1\n|turn|14\n|-message|SageHarpuia06 forfeited.\n|\n|win|CoffeeDrummer\n|raw|SageHarpuia06's rating: 1098 &rarr; <strong>1069<\/strong><br \/>(-29 for losing)\n|raw|CoffeeDrummer's rating: 1035 &rarr; <strong>1076<\/strong><br \/>(+41 for winning)\n|l|\u203dSageHarpuia06\n|c|\u2606CoffeeDrummer|Ggs?\n","uploadtime":1696595356,"views":12,"p1id":"sageharpuia06","p2id":"coffeedrummer","formatid":"gen9nationaldexdoubles","rating":1069,"private":0,"password":""}