{"id":"gen9nationaldexdoubles-1991074677","p1":"HappieGameZ","p2":"DADA2077","format":"[Gen 9] National Dex Doubles","log":"|j|\u2606HappieGameZ\n|j|\u2606DADA2077\n|t:|1700038790\n|gametype|doubles\n|player|p1|HappieGameZ|lucian|1000\n|player|p2|DADA2077|iris-gen5bw2|1050\n|teamsize|p1|6\n|teamsize|p2|6\n|gen|9\n|tier|[Gen 9] National Dex Doubles\n|rated|\n|rule|HP Percentage Mod: HP is shown in percentages\n|rule|Endless Battle Clause: Forcing endless battles is banned\n|rule|OHKO Clause: OHKO moves are banned\n|rule|Evasion Moves Clause: Evasion moves are banned\n|rule|Evasion Abilities Clause: Evasion abilities are banned\n|rule|Species Clause: Limit one of each Pok\u00e9mon\n|rule|Gravity Sleep Clause: The combination of sleep-inducing moves with imperfect accuracy and Gravity or Gigantamax Orbeetle are banned\n|clearpoke\n|poke|p1|Delcatty, F|\n|poke|p1|Sableye, M|\n|poke|p1|Smeargle, M|\n|poke|p1|Ursaring, M|\n|poke|p1|Porygon2|\n|poke|p1|Hawlucha, M|\n|poke|p2|Salamence, M|\n|poke|p2|Indeedee-F, F|\n|poke|p2|Amoonguss, M|\n|poke|p2|Zapdos-Galar|\n|poke|p2|Chien-Pao|\n|poke|p2|Flutter Mane|\n|teampreview\n|inactive|Battle timer is ON: inactive players will automatically lose when time's up. (requested by HappieGameZ)\n|\n|t:|1700038802\n|start\n|switch|p1a: Smeargle|Smeargle, M, shiny|100\/100\n|switch|p1b: Delcatty|Delcatty, F, shiny|100\/100\n|switch|p2a: Salamence|Salamence, M|100\/100\n|switch|p2b: Indeedee|Indeedee-F, F|100\/100\n|-ability|p2a: Salamence|Intimidate|boost\n|-unboost|p1a: Smeargle|atk|1\n|-unboost|p1b: Delcatty|atk|1\n|turn|1\n|\n|t:|1700038812\n|move|p1b: Delcatty|Fake Out|p2a: Salamence\n|-damage|p2a: Salamence|86\/100\n|move|p2b: Indeedee|Fake Out|p1b: Delcatty\n|-damage|p1b: Delcatty|88\/100\n|-damage|p2b: Indeedee|84\/100|[from] item: Rocky Helmet|[of] p1b: Delcatty\n|cant|p2a: Salamence|flinch\n|move|p1a: Smeargle|Skill Swap|p1b: Delcatty\n|-activate|p1a: Smeargle|move: Skill Swap|||[of] p1b: Delcatty\n|\n|upkeep\n|turn|2\n|\n|t:|1700038838\n|detailschange|p2a: Salamence|Salamence-Mega, M\n|-mega|p2a: Salamence|Salamence|Salamencite\n|move|p2b: Indeedee|Follow Me|p2b: Indeedee\n|-singleturn|p2b: Indeedee|move: Follow Me\n|move|p2a: Salamence|Dragon Dance|p2a: Salamence\n|-boost|p2a: Salamence|atk|1\n|-boost|p2a: Salamence|spe|1\n|move|p1b: Delcatty|Thunder Wave|p2b: Indeedee\n|-status|p2b: Indeedee|par\n|-activate|p2b: Indeedee|ability: Synchronize\n|-status|p1b: Delcatty|par\n|move|p1a: Smeargle|Skill Swap|p2b: Indeedee\n|-activate|p1a: Smeargle|move: Skill Swap|Synchronize|Normalize|[of] p2b: Indeedee\n|\n|upkeep\n|turn|3\n|\n|t:|1700038867\n|move|p2b: Indeedee|Protect|p2b: Indeedee\n|-singleturn|p2b: Indeedee|Protect\n|move|p2a: Salamence|Earthquake|p1a: Smeargle|[spread] p1a,p1b\n|-activate|p2b: Indeedee|move: Protect\n|-enditem|p1a: Smeargle|Focus Sash\n|-damage|p1a: Smeargle|1\/100\n|-damage|p1b: Delcatty|4\/100 par\n|move|p1a: Smeargle|Belly Drum||[still]\n|-fail|p1a: Smeargle\n|move|p1b: Delcatty|Body Slam|p2a: Salamence\n|-damage|p2a: Salamence|68\/100\n|\n|upkeep\n|turn|4\n|\n|t:|1700038889\n|move|p2b: Indeedee|Protect|p2b: Indeedee\n|-singleturn|p2b: Indeedee|Protect\n|move|p2a: Salamence|Earthquake|p1a: Smeargle|[spread] p1a,p1b\n|-activate|p2b: Indeedee|move: Protect\n|-damage|p1a: Smeargle|0 fnt\n|-damage|p1b: Delcatty|0 fnt\n|faint|p1a: Smeargle\n|faint|p1b: Delcatty\n|\n|upkeep\n|\n|t:|1700038902\n|switch|p1b: Hawlucha|Hawlucha, M, shiny|100\/100\n|switch|p1a: Sableye|Sableye, M|100\/100\n|turn|5\n|\n|t:|1700038928\n|cant|p2b: Indeedee|par\n|move|p2a: Salamence|Dragon Claw|p1a: Sableye\n|-damage|p1a: Sableye|0 fnt\n|faint|p1a: Sableye\n|move|p1b: Hawlucha|Fling|p2a: Salamence\n|-damage|p2a: Salamence|60\/100\n|-status|p2a: Salamence|brn\n|-enditem|p1b: Hawlucha|Flame Orb|[from] move: Fling\n|\n|-damage|p2a: Salamence|54\/100 brn|[from] brn\n|upkeep\n|\n|t:|1700038933\n|switch|p1a: Ursaring|Ursaring, M, shiny|100\/100\n|turn|6\n|inactive|DADA2077 has 120 seconds left.\n|\n|t:|1700038968\n|move|p2b: Indeedee|Helping Hand|p2a: Salamence\n|-singleturn|p2a: Salamence|Helping Hand|[of] p2b: Indeedee\n|move|p1b: Hawlucha|Acrobatics|p2a: Salamence\n|-damage|p2a: Salamence|15\/100 brn\n|move|p2a: Salamence|Dragon Claw|p1a: Ursaring\n|-damage|p1a: Ursaring|21\/100\n|move|p1a: Ursaring|Brick Break|p2b: Indeedee\n|-damage|p2b: Indeedee|52\/100 par\n|\n|-damage|p2a: Salamence|9\/100 brn|[from] brn\n|-status|p1a: Ursaring|brn|[from] item: Flame Orb\n|upkeep\n|turn|7\n|\n|t:|1700038992\n|move|p2b: Indeedee|Protect|p2b: Indeedee\n|-singleturn|p2b: Indeedee|Protect\n|move|p1b: Hawlucha|Acrobatics|p2a: Salamence\n|-damage|p2a: Salamence|0 fnt\n|faint|p2a: Salamence\n|move|p1a: Ursaring|Brick Break|p2b: Indeedee\n|-activate|p2b: Indeedee|move: Protect\n|\n|-damage|p1a: Ursaring|15\/100 brn|[from] brn\n|upkeep\n|inactive|DADA2077 has 120 seconds left.\n|\n|t:|1700039008\n|switch|p2a: Flutter Mane|Flutter Mane|100\/100\n|-enditem|p2a: Flutter Mane|Booster Energy\n|-activate|p2a: Flutter Mane|ability: Protosynthesis|[fromitem]\n|-start|p2a: Flutter Mane|protosynthesisspe\n|turn|8\n|\n|t:|1700039031\n|move|p2b: Indeedee|Follow Me|p2b: Indeedee\n|-singleturn|p2b: Indeedee|move: Follow Me\n|move|p1b: Hawlucha|Poison Jab|p2b: Indeedee\n|-damage|p2b: Indeedee|24\/100 par\n|-enditem|p2b: Indeedee|Aguav Berry|[eat]\n|-heal|p2b: Indeedee|57\/100 par|[from] item: Aguav Berry\n|move|p2a: Flutter Mane|Dazzling Gleam|p1b: Hawlucha|[spread] p1a,p1b\n|-supereffective|p1b: Hawlucha\n|-damage|p1a: Ursaring|0 fnt\n|-damage|p1b: Hawlucha|0 fnt\n|faint|p1a: Ursaring\n|faint|p1b: Hawlucha\n|\n|upkeep\n|\n|t:|1700039046\n|switch|p1b: Porygon2|Porygon2, shiny|100\/100\n|-ability|p1b: Porygon2|Download|boost\n|-boost|p1b: Porygon2|atk|1\n|turn|9\n|\n|t:|1700039056\n|switch|p2b: Zapdos|Zapdos-Galar|100\/100\n|-terastallize|p1b: Porygon2|Normal\n|move|p2a: Flutter Mane|Dazzling Gleam|p1b: Porygon2\n|-crit|p1b: Porygon2\n|-damage|p1b: Porygon2|60\/100\n|move|p1b: Porygon2|Shadow Ball|p2a: Flutter Mane\n|-supereffective|p2a: Flutter Mane\n|-damage|p2a: Flutter Mane|43\/100\n|\n|upkeep\n|turn|10\n|\n|t:|1700039078\n|move|p2a: Flutter Mane|Dazzling Gleam|p1b: Porygon2\n|-damage|p1b: Porygon2|28\/100\n|move|p2b: Zapdos|Thunderous Kick|p1b: Porygon2\n|-supereffective|p1b: Porygon2\n|-damage|p1b: Porygon2|0 fnt\n|faint|p1b: Porygon2\n|\n|win|DADA2077\n|raw|HappieGameZ's rating: 1000 &rarr; <strong>1000<\/strong><br \/>(+0 for losing)\n|raw|DADA2077's rating: 1050 &rarr; <strong>1078<\/strong><br \/>(+28 for winning)\n|l|\u2606HappieGameZ\n","uploadtime":1700039091,"views":6,"p1id":"happiegamez","p2id":"dada2077","formatid":"gen9nationaldexdoubles","rating":1000,"private":0,"password":""}