{"id":"gen9nationaldexdoubles-1989593850","p1":"jin2jin","p2":"conbomb","format":"[Gen 9] National Dex Doubles","log":"|j|\u2606jin2jin\n|j|\u2606conbomb\n|t:|1699876286\n|gametype|doubles\n|player|p1|jin2jin|rosa|1175\n|player|p2|conbomb|swimmer-gen4dp|1173\n|teamsize|p1|6\n|teamsize|p2|6\n|gen|9\n|tier|[Gen 9] National Dex Doubles\n|rated|\n|rule|HP Percentage Mod: HP is shown in percentages\n|rule|Endless Battle Clause: Forcing endless battles is banned\n|rule|OHKO Clause: OHKO moves are banned\n|rule|Evasion Moves Clause: Evasion moves are banned\n|rule|Evasion Abilities Clause: Evasion abilities are banned\n|rule|Species Clause: Limit one of each Pok\u00e9mon\n|rule|Gravity Sleep Clause: The combination of sleep-inducing moves with imperfect accuracy and Gravity or Gigantamax Orbeetle are banned\n|clearpoke\n|poke|p1|Torkoal, F|\n|poke|p1|Whimsicott, F|\n|poke|p1|Venusaur, F|\n|poke|p1|Walking Wake|\n|poke|p1|Excadrill, F|\n|poke|p1|Charizard, F|\n|poke|p2|Regigigas|\n|poke|p2|Flamigo, M|\n|poke|p2|Ursaluna-Bloodmoon, M|\n|poke|p2|Audino, M|\n|poke|p2|Oranguru, M|\n|poke|p2|Malamar, F|\n|teampreview\n|\n|t:|1699876294\n|start\n|switch|p1a: Torkoal|Torkoal, F, shiny|100\/100\n|switch|p1b: Venusaur|Venusaur, F, shiny|100\/100\n|switch|p2a: Oranguru|Oranguru, M|100\/100\n|switch|p2b: Ursaluna|Ursaluna-Bloodmoon, M|100\/100\n|-weather|SunnyDay|[from] ability: Drought|[of] p1a: Torkoal\n|turn|1\n|j| Asphalt the pro\n|\n|t:|1699876303\n|-terastallize|p2b: Ursaluna|Ghost\n|move|p1b: Venusaur|Sleep Powder|p2a: Oranguru|[miss]\n|-miss|p1b: Venusaur|p2a: Oranguru\n|move|p2b: Ursaluna|Calm Mind|p2b: Ursaluna\n|-boost|p2b: Ursaluna|spa|1\n|-boost|p2b: Ursaluna|spd|1\n|move|p1a: Torkoal|Solar Beam||[still]\n|-prepare|p1a: Torkoal|Solar Beam\n|-anim|p1a: Torkoal|Solar Beam|p2b: Ursaluna\n|-damage|p2b: Ursaluna|76\/100\n|move|p2a: Oranguru|Trick Room|p2a: Oranguru\n|-fieldstart|move: Trick Room|[of] p2a: Oranguru\n|\n|-weather|SunnyDay|[upkeep]\n|upkeep\n|turn|2\n|\n|t:|1699876318\n|switch|p1b: Excadrill|Excadrill, F, shiny|100\/100\n|-ability|p1b: Excadrill|Mold Breaker\n|move|p1a: Torkoal|Heat Wave|p2b: Ursaluna|[spread] p2a,p2b\n|-damage|p2a: Oranguru|72\/100\n|-damage|p2b: Ursaluna|40\/100\n|move|p2b: Ursaluna|Blood Moon|p1b: Excadrill\n|-resisted|p1b: Excadrill\n|-damage|p1b: Excadrill|21\/100\n|move|p2a: Oranguru|Instruct|p2b: Ursaluna\n|-singleturn|p2b: Ursaluna|move: Instruct|[of] p2a: Oranguru\n|move|p2b: Ursaluna|Blood Moon|p1b: Excadrill\n|-resisted|p1b: Excadrill\n|-damage|p1b: Excadrill|0 fnt\n|faint|p1b: Excadrill\n|-hint|Some effects can force a Pokemon to use Blood Moon again in a row.\n|\n|-weather|SunnyDay|[upkeep]\n|upkeep\n|l| Asphalt the pro\n|\n|t:|1699876338\n|switch|p1b: Charizard|Charizard, F, shiny|100\/100\n|turn|3\n|\n|t:|1699876344\n|move|p1b: Charizard|Protect|p1b: Charizard\n|-singleturn|p1b: Charizard|Protect\n|move|p1a: Torkoal|Heat Wave|p2b: Ursaluna|[spread] p2a,p2b\n|-damage|p2a: Oranguru|39\/100\n|-damage|p2b: Ursaluna|6\/100\n|-status|p2b: Ursaluna|brn\n|move|p2b: Ursaluna|Earth Power|p1a: Torkoal\n|-supereffective|p1a: Torkoal\n|-damage|p1a: Torkoal|0 fnt\n|faint|p1a: Torkoal\n|move|p2a: Oranguru|Taunt|p1b: Charizard\n|-activate|p1b: Charizard|move: Protect\n|\n|-weather|SunnyDay|[upkeep]\n|-damage|p1b: Charizard|88\/100|[from] ability: Solar Power|[of] p1b: Charizard\n|-damage|p2b: Ursaluna|0 fnt|[from] brn\n|faint|p2b: Ursaluna\n|upkeep\n|\n|t:|1699876355\n|switch|p1a: Whimsicott|Whimsicott, F, shiny|100\/100\n|switch|p2b: Malamar|Malamar, F, shiny|100\/100\n|turn|4\n|\n|t:|1699876365\n|switch|p2a: MC Compensator|Regigigas, shiny|100\/100\n|-start|p2a: MC Compensator|ability: Slow Start\n|move|p1a: Whimsicott|Encore||[still]\n|-fail|p1a: Whimsicott\n|move|p2b: Malamar|Simple Beam|p2a: MC Compensator\n|-end|p2a: MC Compensator|Slow Start|[silent]\n|-endability|p2a: MC Compensator|Slow Start|[from] move: Simple Beam\n|-ability|p2a: MC Compensator|Simple|[from] move: Simple Beam\n|move|p1b: Charizard|Heat Wave|p2b: Malamar|[spread] p2a,p2b\n|-damage|p2a: MC Compensator|41\/100\n|-enditem|p2b: Malamar|Focus Sash\n|-damage|p2b: Malamar|1\/100\n|-damage|p1b: Charizard|78\/100|[from] item: Life Orb\n|\n|-weather|SunnyDay|[upkeep]\n|-damage|p1b: Charizard|66\/100|[from] ability: Solar Power|[of] p1b: Charizard\n|upkeep\n|turn|5\n|\n|t:|1699876389\n|move|p1b: Charizard|Protect|p1b: Charizard\n|-singleturn|p1b: Charizard|Protect\n|move|p1a: Whimsicott|Encore|p2b: Malamar\n|-hint|Since gen 7, Dark is immune to Prankster moves.\n|-immune|p2b: Malamar\n|move|p2b: Malamar|Hidden Power|p2a: MC Compensator\n|-supereffective|p2a: MC Compensator\n|-damage|p2a: MC Compensator|30\/100\n|-enditem|p2a: MC Compensator|Weakness Policy\n|-boost|p2a: MC Compensator|atk|4|[from] item: Weakness Policy\n|-boost|p2a: MC Compensator|spa|4|[from] item: Weakness Policy\n|move|p2a: MC Compensator|Rock Slide|p1a: Whimsicott|[spread] p1a\n|-activate|p1b: Charizard|move: Protect\n|-damage|p1a: Whimsicott|12\/100\n|\n|-weather|SunnyDay|[upkeep]\n|-damage|p1b: Charizard|53\/100|[from] ability: Solar Power|[of] p1b: Charizard\n|-fieldend|move: Trick Room\n|upkeep\n|turn|6\n|\n|t:|1699876411\n|switch|p2b: Flamigo|Flamigo, M|100\/100\n|-copyboost|p2b: Flamigo|p2a: MC Compensator|[from] ability: Costar\n|move|p1a: Whimsicott|Tailwind|p1a: Whimsicott\n|-sidestart|p1: jin2jin|move: Tailwind\n|move|p1b: Charizard|Heat Wave|p2a: MC Compensator|[spread] p2a,p2b\n|-damage|p2a: MC Compensator|0 fnt\n|-damage|p2b: Flamigo|0 fnt\n|faint|p2a: MC Compensator\n|faint|p2b: Flamigo\n|-damage|p1b: Charizard|44\/100|[from] item: Life Orb\n|\n|-weather|SunnyDay|[upkeep]\n|-damage|p1b: Charizard|31\/100|[from] ability: Solar Power|[of] p1b: Charizard\n|upkeep\n|-message|conbomb forfeited.\n|\n|win|jin2jin\n|raw|jin2jin's rating: 1175 &rarr; <strong>1200<\/strong><br \/>(+25 for winning)\n|raw|conbomb's rating: 1173 &rarr; <strong>1148<\/strong><br \/>(-25 for losing)\n|l|\u2606conbomb\n","uploadtime":1699876427,"views":11,"p1id":"jin2jin","p2id":"conbomb","formatid":"gen9nationaldexdoubles","rating":1148,"private":0,"password":""}