{"id":"gen9nationaldexdoubles-1999400066","p1":"ALLIWANTISCHRIMA","p2":"moxix_00","format":"[Gen 9] National Dex Doubles","log":"|j|\u2606ALLIWANTISCHRIMA\n|j|\u2606moxix_00\n|t:|1701074035\n|gametype|doubles\n|player|p1|ALLIWANTISCHRIMA|2|1094\n|player|p2|moxix_00|silver|1244\n|teamsize|p1|6\n|teamsize|p2|6\n|gen|9\n|tier|[Gen 9] National Dex Doubles\n|rated|\n|rule|HP Percentage Mod: HP is shown in percentages\n|rule|Endless Battle Clause: Forcing endless battles is banned\n|rule|OHKO Clause: OHKO moves are banned\n|rule|Evasion Moves Clause: Evasion moves are banned\n|rule|Evasion Abilities Clause: Evasion abilities are banned\n|rule|Species Clause: Limit one of each Pok\u00e9mon\n|rule|Gravity Sleep Clause: The combination of sleep-inducing moves with imperfect accuracy and Gravity or Gigantamax Orbeetle are banned\n|clearpoke\n|poke|p1|Maushold-Four|\n|poke|p1|Meowscarada, M|\n|poke|p1|Skeledirge, F|\n|poke|p1|Murkrow, F|\n|poke|p1|Iron Hands|\n|poke|p1|Ceruledge, F|\n|poke|p2|Buzzwole|\n|poke|p2|Guzzlord|\n|poke|p2|Stakataka|\n|poke|p2|Kartana|\n|poke|p2|Glastrier|\n|poke|p2|Hariyama, M|\n|teampreview\n|inactive|Battle timer is ON: inactive players will automatically lose when time's up. (requested by moxix_00)\n|\n|t:|1701074069\n|start\n|switch|p1a: Murkrow|Murkrow, F|100\/100\n|switch|p1b: Ceruledge|Ceruledge, F|100\/100\n|switch|p2a: Stakataka|Stakataka, shiny|100\/100\n|switch|p2b: Glastrier|Glastrier|100\/100\n|turn|1\n|\n|t:|1701074090\n|-terastallize|p2b: Glastrier|Psychic\n|move|p1a: Murkrow|Tailwind|p1a: Murkrow\n|-sidestart|p1: ALLIWANTISCHRIMA|move: Tailwind\n|move|p1b: Ceruledge|Bitter Blade|p2b: Glastrier\n|-damage|p2b: Glastrier|67\/100\n|move|p2b: Glastrier|Stomping Tantrum|p1b: Ceruledge\n|-supereffective|p1b: Ceruledge\n|-damage|p1b: Ceruledge|24\/100\n|move|p2a: Stakataka|Trick Room|p2a: Stakataka\n|-fieldstart|move: Trick Room|[of] p2a: Stakataka\n|\n|-heal|p1b: Ceruledge|30\/100|[from] item: Leftovers\n|upkeep\n|turn|2\n|\n|t:|1701074117\n|move|p1a: Murkrow|Protect|p1a: Murkrow\n|-singleturn|p1a: Murkrow|Protect\n|move|p1b: Ceruledge|Protect|p1b: Ceruledge\n|-singleturn|p1b: Ceruledge|Protect\n|move|p2a: Stakataka|Body Press|p1a: Murkrow\n|-activate|p1a: Murkrow|move: Protect\n|move|p2b: Glastrier|Stomping Tantrum|p1b: Ceruledge\n|-activate|p1b: Ceruledge|move: Protect\n|\n|-heal|p1b: Ceruledge|36\/100|[from] item: Leftovers\n|upkeep\n|turn|3\n|\n|t:|1701074138\n|switch|p1b: Maushold|Maushold-Four|100\/100\n|switch|p1a: Skeledirge|Skeledirge, F|100\/100\n|move|p2a: Stakataka|Body Press|p1a: Skeledirge\n|-immune|p1a: Skeledirge\n|move|p2b: Glastrier|Stomping Tantrum|p1b: Maushold\n|-damage|p1b: Maushold|62\/100\n|\n|upkeep\n|turn|4\n|\n|t:|1701074163\n|move|p1b: Maushold|Follow Me|p1b: Maushold\n|-singleturn|p1b: Maushold|move: Follow Me\n|move|p2a: Stakataka|Body Press|p1b: Maushold\n|-supereffective|p1b: Maushold\n|-damage|p1b: Maushold|0 fnt\n|faint|p1b: Maushold\n|-ability|p2a: Stakataka|Beast Boost|boost\n|-boost|p2a: Stakataka|def|1\n|move|p2b: Glastrier|Stomping Tantrum|p1a: Skeledirge\n|-supereffective|p1a: Skeledirge\n|-damage|p1a: Skeledirge|59\/100\n|move|p1a: Skeledirge|Torch Song|p2a: Stakataka\n|-damage|p2a: Stakataka|72\/100\n|-boost|p1a: Skeledirge|spa|1\n|\n|-sideend|p1: ALLIWANTISCHRIMA|move: Tailwind\n|upkeep\n|inactive|ALLIWANTISCHRIMA has 120 seconds left.\n|\n|t:|1701074187\n|switch|p1b: Ceruledge|Ceruledge, F|36\/100\n|turn|5\n|\n|t:|1701074206\n|switch|p2a: Guzzlord|Guzzlord, shiny|100\/100\n|move|p1a: Skeledirge|Protect|p1a: Skeledirge\n|-singleturn|p1a: Skeledirge|Protect\n|move|p1b: Ceruledge|Protect|p1b: Ceruledge\n|-singleturn|p1b: Ceruledge|Protect\n|move|p2b: Glastrier|Stomping Tantrum|p1a: Skeledirge\n|-activate|p1a: Skeledirge|move: Protect\n|\n|-heal|p1b: Ceruledge|42\/100|[from] item: Leftovers\n|-fieldend|move: Trick Room\n|upkeep\n|turn|6\n|\n|t:|1701074232\n|move|p2b: Glastrier|Protect|p2b: Glastrier\n|-singleturn|p2b: Glastrier|Protect\n|move|p1b: Ceruledge|Shadow Claw|p2b: Glastrier\n|-activate|p2b: Glastrier|move: Protect\n|move|p1a: Skeledirge|Poltergeist|p2a: Guzzlord\n|-activate|p2a: Guzzlord|move: Poltergeist|Mirror Herb\n|-resisted|p2a: Guzzlord\n|-damage|p2a: Guzzlord|89\/100\n|move|p2a: Guzzlord|Crunch|p1b: Ceruledge\n|-supereffective|p1b: Ceruledge\n|-damage|p1b: Ceruledge|0 fnt\n|faint|p1b: Ceruledge\n|-ability|p2a: Guzzlord|Beast Boost|boost\n|-boost|p2a: Guzzlord|atk|1\n|\n|upkeep\n|inactive|ALLIWANTISCHRIMA has 120 seconds left.\n|\n|t:|1701074247\n|switch|p1b: Murkrow|Murkrow, F|100\/100\n|turn|7\n|\n|t:|1701074261\n|move|p1b: Murkrow|U-turn|p2a: Guzzlord\n|-supereffective|p2a: Guzzlord\n|-damage|p2a: Guzzlord|71\/100\n|\n|t:|1701074264\n|switch|p1b: Meowscarada|Meowscarada, M|100\/100|[from] U-turn\n|move|p1a: Skeledirge|Torch Song|p2b: Glastrier\n|-damage|p2b: Glastrier|33\/100\n|-boost|p1a: Skeledirge|spa|1\n|-enditem|p2a: Guzzlord|Mirror Herb\n|-boost|p2a: Guzzlord|spa|1|[from] item: Mirror Herb\n|move|p2a: Guzzlord|Crunch|p1a: Skeledirge\n|-supereffective|p1a: Skeledirge\n|-damage|p1a: Skeledirge|0 fnt\n|faint|p1a: Skeledirge\n|-ability|p2a: Guzzlord|Beast Boost|boost\n|-boost|p2a: Guzzlord|atk|1\n|move|p2b: Glastrier|Icicle Spear|p1b: Meowscarada\n|-supereffective|p1b: Meowscarada\n|-damage|p1b: Meowscarada|69\/100\n|-supereffective|p1b: Meowscarada\n|-damage|p1b: Meowscarada|35\/100\n|-supereffective|p1b: Meowscarada\n|-damage|p1b: Meowscarada|2\/100\n|-supereffective|p1b: Meowscarada\n|-damage|p1b: Meowscarada|0 fnt\n|faint|p1b: Meowscarada\n|-ability|p2b: Glastrier|Chilling Neigh|boost\n|-boost|p2b: Glastrier|atk|1\n|-hitcount|p1: Meowscarada|4\n|\n|upkeep\n|\n|t:|1701074287\n|switch|p1b: Murkrow|Murkrow, F|100\/100\n|switch|p1a: Iron Hands|Iron Hands|100\/100\n|-enditem|p1a: Iron Hands|Booster Energy\n|-activate|p1a: Iron Hands|ability: Quark Drive|[fromitem]\n|-start|p1a: Iron Hands|quarkdriveatk\n|turn|8\n|\n|t:|1701074306\n|move|p2a: Guzzlord|Protect|p2a: Guzzlord\n|-singleturn|p2a: Guzzlord|Protect\n|move|p1b: Murkrow|U-turn|p2b: Glastrier\n|-supereffective|p2b: Glastrier\n|-damage|p2b: Glastrier|14\/100\n|move|p1a: Iron Hands|Play Rough|p2a: Guzzlord\n|-activate|p2a: Guzzlord|move: Protect\n|move|p2b: Glastrier|Zen Headbutt|p1a: Iron Hands\n|-supereffective|p1a: Iron Hands\n|-damage|p1a: Iron Hands|18\/100\n|\n|upkeep\n|turn|9\n|\n|t:|1701074323\n|move|p2b: Glastrier|Protect|p2b: Glastrier\n|-singleturn|p2b: Glastrier|Protect\n|move|p1b: Murkrow|U-turn|p2b: Glastrier\n|-activate|p2b: Glastrier|move: Protect\n|move|p1a: Iron Hands|Play Rough|p2a: Guzzlord\n|-supereffective|p2a: Guzzlord\n|-damage|p2a: Guzzlord|0 fnt\n|faint|p2a: Guzzlord\n|\n|upkeep\n|\n|t:|1701074334\n|switch|p2a: Hariyama|Hariyama, M, shiny|100\/100\n|turn|10\n|\n|t:|1701074351\n|move|p2a: Hariyama|Fake Out|p1a: Iron Hands\n|-damage|p1a: Iron Hands|9\/100\n|move|p1b: Murkrow|U-turn|p2b: Glastrier\n|-supereffective|p2b: Glastrier\n|-damage|p2b: Glastrier|0 fnt\n|faint|p2b: Glastrier\n|cant|p1a: Iron Hands|flinch\n|\n|-status|p2a: Hariyama|brn|[from] item: Flame Orb\n|upkeep\n|\n|t:|1701074363\n|switch|p2b: Buzzwole|Buzzwole, shiny|100\/100\n|turn|11\n|\n|t:|1701074390\n|move|p1b: Murkrow|Tailwind|p1b: Murkrow\n|-sidestart|p1: ALLIWANTISCHRIMA|move: Tailwind\n|move|p1a: Iron Hands|Play Rough|p2a: Hariyama\n|-supereffective|p2a: Hariyama\n|-damage|p2a: Hariyama|8\/100 brn\n|move|p2b: Buzzwole|Drain Punch|p1a: Iron Hands\n|-damage|p1a: Iron Hands|0 fnt\n|faint|p1a: Iron Hands\n|-end|p1a: Iron Hands|Quark Drive|[silent]\n|-ability|p2b: Buzzwole|Beast Boost|boost\n|-boost|p2b: Buzzwole|atk|1\n|move|p2a: Hariyama|Brick Break|p1b: Murkrow\n|-enditem|p1b: Murkrow|Focus Sash\n|-damage|p1b: Murkrow|1\/100\n|\n|-damage|p2a: Hariyama|2\/100 brn|[from] brn\n|upkeep\n|turn|12\n|\n|t:|1701074415\n|-terastallize|p1b: Murkrow|Dark\n|move|p2a: Hariyama|Bullet Punch|p1b: Murkrow\n|-damage|p1b: Murkrow|0 fnt\n|faint|p1b: Murkrow\n|\n|win|moxix_00\n|raw|ALLIWANTISCHRIMA's rating: 1094 &rarr; <strong>1080<\/strong><br \/>(-14 for losing)\n|raw|moxix_00's rating: 1244 &rarr; <strong>1259<\/strong><br \/>(+15 for winning)\n","uploadtime":1701074425,"views":4,"p1id":"alliwantischrima","p2id":"moxix00","formatid":"gen9nationaldexdoubles","rating":1080,"private":0,"password":""}