{"id":"gen9nationaldexdoubles-1973849622","p1":"rarwolf10","p2":"neroche","format":"[Gen 9] National Dex Doubles","log":"|j|\u2606rarwolf10\n|j|\u2606neroche\n|t:|1698020314\n|gametype|doubles\n|player|p1|rarwolf10|karen|\n|player|p2|neroche|265|\n|teamsize|p1|6\n|teamsize|p2|6\n|gen|9\n|tier|[Gen 9] National Dex Doubles\n|rule|HP Percentage Mod: HP is shown in percentages\n|rule|Endless Battle Clause: Forcing endless battles is banned\n|rule|OHKO Clause: OHKO moves are banned\n|rule|Evasion Moves Clause: Evasion moves are banned\n|rule|Evasion Abilities Clause: Evasion abilities are banned\n|rule|Species Clause: Limit one of each Pok\u00e9mon\n|rule|Gravity Sleep Clause: The combination of sleep-inducing moves with imperfect accuracy and Gravity or Gigantamax Orbeetle are banned\n|clearpoke\n|poke|p1|Ribombee, F|\n|poke|p1|Scizor, M|\n|poke|p1|Heracross, F|\n|poke|p1|Kricketune, F|\n|poke|p1|Masquerain, F|\n|poke|p1|Kleavor, M|\n|poke|p2|Rotom-Mow|\n|poke|p2|Amoonguss, F|\n|poke|p2|Ogerpon-Hearthflame, F|\n|poke|p2|Rillaboom, M|\n|poke|p2|Sinistcha-Masterpiece|\n|poke|p2|Iron Leaves|\n|teampreview\n|j| elianm10\n|j| HornytSamedi\n|j| Reis Honig\n|l| Reis Honig\n|inactive|Battle timer is ON: inactive players will automatically lose when time's up. (requested by neroche)\n|\n|t:|1698020378\n|start\n|switch|p1a: Masquerain|Masquerain, F|100\/100\n|switch|p1b: DragonSlayer|Ribombee, F|100\/100\n|switch|p2a: Sodimac|Rotom-Mow|100\/100\n|switch|p2b: Zhander Setso|Ogerpon-Hearthflame, F|100\/100\n|-ability|p1a: Masquerain|Intimidate|boost\n|-unboost|p2a: Sodimac|atk|1\n|-unboost|p2b: Zhander Setso|atk|1\n|-ability|p2b: Zhander Setso|Mold Breaker\n|turn|1\n|j| EL GRAN CARPINCHO\n|j| Reis Honig\n|c| EL GRAN CARPINCHO|LETS GOOO\n|\n|t:|1698020397\n|move|p2b: Zhander Setso|Spiky Shield|p2b: Zhander Setso\n|-singleturn|p2b: Zhander Setso|move: Protect\n|move|p1b: DragonSlayer|Sticky Web|p2b: Zhander Setso\n|-sidestart|p2: neroche|move: Sticky Web\n|move|p1a: Masquerain|Tailwind|p1a: Masquerain\n|-sidestart|p1: rarwolf10|move: Tailwind\n|move|p2a: Sodimac|Electroweb|p1a: Masquerain|[spread] p1a,p1b\n|-supereffective|p1a: Masquerain\n|-damage|p1a: Masquerain|60\/100\n|-damage|p1b: DragonSlayer|76\/100\n|-unboost|p1a: Masquerain|spe|1\n|\n|upkeep\n|turn|2\n|\n|t:|1698020423\n|-terastallize|p2b: Zhander Setso|Fire\n|detailschange|p2b: Zhander Setso|Ogerpon-Hearthflame-Tera, F, tera:Fire\n|-ability|p2b: Zhander Setso|Embody Aspect (Hearthflame)|boost\n|-boost|p2b: Zhander Setso|atk|1\n|move|p1b: DragonSlayer|Struggle Bug|p2a: Sodimac|[spread] p2a,p2b\n|-supereffective|p2a: Sodimac\n|-resisted|p2b: Zhander Setso\n|-damage|p2a: Sodimac|77\/100\n|-damage|p2b: Zhander Setso|93\/100\n|-unboost|p2a: Sodimac|spa|1\n|-unboost|p2b: Zhander Setso|spa|1\n|move|p1a: Masquerain|Struggle Bug|p2b: Zhander Setso|[spread] p2a,p2b\n|-supereffective|p2a: Sodimac\n|-resisted|p2b: Zhander Setso\n|-damage|p2a: Sodimac|50\/100\n|-damage|p2b: Zhander Setso|84\/100\n|-unboost|p2a: Sodimac|spa|1\n|-unboost|p2b: Zhander Setso|spa|1\n|-enditem|p2a: Sodimac|Sitrus Berry|[eat]\n|-heal|p2a: Sodimac|75\/100|[from] item: Sitrus Berry\n|move|p2b: Zhander Setso|Ivy Cudgel|p1b: DragonSlayer\n|-supereffective|p1b: DragonSlayer\n|-damage|p1b: DragonSlayer|0 fnt\n|faint|p1b: DragonSlayer\n|move|p2a: Sodimac|Electroweb|p1a: Masquerain|[miss]\n|-miss|p2a: Sodimac|p1a: Masquerain\n|\n|upkeep\n|\n|t:|1698020428\n|switch|p1b: Kleavor|Kleavor, M|100\/100\n|turn|3\n|inactive|neroche has 270 seconds left.\n|\n|t:|1698020463\n|switch|p2b: Susn't|Amoonguss, F|100\/100\n|-activate|p2b: Susn't|move: Sticky Web\n|-unboost|p2b: Susn't|spe|1\n|move|p1b: Kleavor|Stone Axe|p2b: Susn't\n|-damage|p2b: Susn't|38\/100\n|-sidestart|p2: neroche|move: Stealth Rock\n|-damage|p1b: Kleavor|91\/100|[from] item: Life Orb\n|move|p1a: Masquerain|Struggle Bug|p2a: Sodimac|[spread] p2a,p2b\n|-supereffective|p2a: Sodimac\n|-damage|p2a: Sodimac|48\/100\n|-damage|p2b: Susn't|25\/100\n|-unboost|p2a: Sodimac|spa|1\n|-unboost|p2b: Susn't|spa|1\n|move|p2a: Sodimac|Will-O-Wisp|p1b: Kleavor|[miss]\n|-miss|p2a: Sodimac|p1b: Kleavor\n|\n|-heal|p2b: Susn't|32\/100|[from] item: Leftovers\n|upkeep\n|turn|4\n|c| EL GRAN CARPINCHO|COMO QUE ROCA NO RESISTE FUEGO????\n|c| Reis Honig|Estoy 100% seguro que roca resiste fuego\n|c| Reis Honig|Lastimosamente ese kleavor al ser bicho, no\n|inactive|neroche has 270 seconds left.\n|\n|t:|1698020487\n|move|p1b: Kleavor|X-Scissor|p2a: Sodimac\n|-supereffective|p2a: Sodimac\n|-damage|p2a: Sodimac|0 fnt\n|faint|p2a: Sodimac\n|-damage|p1b: Kleavor|81\/100|[from] item: Life Orb\n|move|p1a: Masquerain|Struggle Bug|p2b: Susn't\n|-damage|p2b: Susn't|16\/100\n|-unboost|p2b: Susn't|spa|1\n|move|p2b: Susn't|Spore|p1b: Kleavor\n|-status|p1b: Kleavor|slp|[from] move: Spore\n|\n|-heal|p2b: Susn't|22\/100|[from] item: Leftovers\n|-sideend|p1: rarwolf10|move: Tailwind\n|upkeep\n|inactive|neroche has 270 seconds left.\n|\n|t:|1698020506\n|switch|p2a: T\u00e9 con Chele|Sinistcha-Masterpiece|100\/100\n|-activate|p2a: T\u00e9 con Chele|move: Sticky Web\n|-unboost|p2a: T\u00e9 con Chele|spe|1\n|-damage|p2a: T\u00e9 con Chele|88\/100|[from] Stealth Rock\n|turn|5\n|inactive|neroche has 270 seconds left.\n|\n|t:|1698020523\n|switch|p1b: BUGMAN|Heracross, F|100\/100\n|move|p1a: Masquerain|Struggle Bug|p2b: Susn't|[spread] p2a,p2b\n|-damage|p2a: T\u00e9 con Chele|68\/100\n|-damage|p2b: Susn't|10\/100\n|-unboost|p2a: T\u00e9 con Chele|spa|1\n|-unboost|p2b: Susn't|spa|1\n|move|p2a: T\u00e9 con Chele|Calm Mind|p2a: T\u00e9 con Chele\n|-boost|p2a: T\u00e9 con Chele|spa|1\n|-boost|p2a: T\u00e9 con Chele|spd|1\n|move|p2b: Susn't|Sludge Bomb|p1a: Masquerain\n|-damage|p1a: Masquerain|44\/100\n|\n|-heal|p2b: Susn't|16\/100|[from] item: Leftovers\n|-status|p1b: BUGMAN|brn|[from] item: Flame Orb\n|upkeep\n|turn|6\n|\n|t:|1698020548\n|move|p2b: Susn't|Rage Powder|p2b: Susn't\n|-singleturn|p2b: Susn't|move: Rage Powder\n|move|p1b: BUGMAN|Knock Off|p2b: Susn't\n|-damage|p2b: Susn't|0 fnt\n|-enditem|p2b: Susn't|Leftovers|[from] move: Knock Off|[of] p1b: BUGMAN\n|faint|p2b: Susn't\n|move|p1a: Masquerain|Tailwind|p1a: Masquerain\n|-sidestart|p1: rarwolf10|move: Tailwind\n|move|p2a: T\u00e9 con Chele|Shadow Ball|p1b: BUGMAN\n|-damage|p1b: BUGMAN|48\/100 brn\n|\n|-damage|p1b: BUGMAN|42\/100 brn|[from] brn\n|upkeep\n|inactive|neroche has 270 seconds left.\n|\n|t:|1698020562\n|switch|p2b: Sonic verde|Iron Leaves|100\/100\n|-activate|p2b: Sonic verde|move: Sticky Web\n|-unboost|p2b: Sonic verde|spe|1\n|-damage|p2b: Sonic verde|88\/100|[from] Stealth Rock\n|-enditem|p2b: Sonic verde|Booster Energy\n|-activate|p2b: Sonic verde|ability: Quark Drive|[fromitem]\n|-start|p2b: Sonic verde|quarkdriveatk\n|turn|7\n|inactive|neroche has 270 seconds left.\n|\n|t:|1698020587\n|move|p1b: BUGMAN|Knock Off|p2b: Sonic verde\n|-supereffective|p2b: Sonic verde\n|-damage|p2b: Sonic verde|16\/100\n|move|p1a: Masquerain|Struggle Bug|p2b: Sonic verde|[spread] p2a,p2b\n|-supereffective|p2b: Sonic verde\n|-damage|p2a: T\u00e9 con Chele|56\/100\n|-damage|p2b: Sonic verde|0 fnt\n|-unboost|p2a: T\u00e9 con Chele|spa|1\n|faint|p2b: Sonic verde\n|-end|p2b: Sonic verde|Quark Drive|[silent]\n|move|p2a: T\u00e9 con Chele|Shadow Ball|p1b: BUGMAN\n|-damage|p1b: BUGMAN|4\/100 brn\n|\n|-damage|p1b: BUGMAN|0 fnt|[from] brn\n|faint|p1b: BUGMAN\n|upkeep\n|\n|t:|1698020604\n|switch|p2b: Hincha de R.F.|Rillaboom, M|100\/100\n|switch|p1b: Kricketune|Kricketune, F|100\/100\n|-activate|p2b: Hincha de R.F.|move: Sticky Web\n|-unboost|p2b: Hincha de R.F.|spe|1\n|-damage|p2b: Hincha de R.F.|88\/100|[from] Stealth Rock\n|-fieldstart|move: Grassy Terrain|[from] ability: Grassy Surge|[of] p2b: Hincha de R.F.\n|turn|8\n|c| EL GRAN CARPINCHO|UHHHHH\n|inactive|neroche has 270 seconds left.\n|\n|t:|1698020648\n|move|p2b: Hincha de R.F.|Grassy Glide|p1b: Kricketune\n|-resisted|p1b: Kricketune\n|-damage|p1b: Kricketune|50\/100\n|move|p1a: Masquerain|Bug Buzz|p2b: Hincha de R.F.\n|-supereffective|p2b: Hincha de R.F.\n|-damage|p2b: Hincha de R.F.|0 fnt\n|faint|p2b: Hincha de R.F.\n|move|p1b: Kricketune|Aerial Ace|p2a: T\u00e9 con Chele\n|-supereffective|p2a: T\u00e9 con Chele\n|-damage|p2a: T\u00e9 con Chele|9\/100\n|move|p2a: T\u00e9 con Chele|Shadow Ball|p1b: Kricketune\n|-damage|p1b: Kricketune|7\/100\n|\n|-heal|p1b: Kricketune|13\/100|[from] Grassy Terrain\n|-heal|p2a: T\u00e9 con Chele|15\/100|[from] Grassy Terrain\n|upkeep\n|j| Ultra-Wach99\n|\n|t:|1698020664\n|switch|p2b: Zhander Setso|Ogerpon-Hearthflame-Tera, F, tera:Fire|84\/100\n|-activate|p2b: Zhander Setso|move: Sticky Web\n|-unboost|p2b: Zhander Setso|spe|1\n|-damage|p2b: Zhander Setso|59\/100|[from] Stealth Rock\n|-ability|p2b: Zhander Setso|Embody Aspect (Hearthflame)|boost\n|-boost|p2b: Zhander Setso|atk|1\n|turn|9\n|inactive|neroche has 270 seconds left.\n|\n|t:|1698020686\n|move|p2b: Zhander Setso|Spiky Shield|p2b: Zhander Setso\n|-singleturn|p2b: Zhander Setso|move: Protect\n|move|p1a: Masquerain|Struggle Bug|p2b: Zhander Setso|[spread] p2a\n|-activate|p2b: Zhander Setso|move: Protect\n|-damage|p2a: T\u00e9 con Chele|3\/100\n|-unboost|p2a: T\u00e9 con Chele|spa|1\n|move|p1b: Kricketune|Aerial Ace|p2b: Zhander Setso\n|-activate|p2b: Zhander Setso|move: Protect\n|-damage|p1b: Kricketune|1\/100|[from] Spiky Shield|[of] p2b: Zhander Setso\n|move|p2a: T\u00e9 con Chele|Shadow Ball|p1b: Kricketune\n|-damage|p1b: Kricketune|0 fnt\n|faint|p1b: Kricketune\n|\n|-heal|p2b: Zhander Setso|65\/100|[from] Grassy Terrain\n|-heal|p2a: T\u00e9 con Chele|9\/100|[from] Grassy Terrain\n|-sideend|p1: rarwolf10|move: Tailwind\n|upkeep\n|\n|t:|1698020691\n|switch|p1b: Iron Mantis|Scizor, M|100\/100\n|turn|10\n|inactive|neroche has 270 seconds left.\n|\n|t:|1698020716\n|detailschange|p1b: Iron Mantis|Scizor-Mega, M\n|-mega|p1b: Iron Mantis|Scizor|Scizorite\n|move|p1a: Masquerain|Struggle Bug|p2a: T\u00e9 con Chele|[spread] p2a,p2b\n|-resisted|p2b: Zhander Setso\n|-damage|p2a: T\u00e9 con Chele|0 fnt\n|-damage|p2b: Zhander Setso|56\/100\n|-unboost|p2b: Zhander Setso|spa|1\n|faint|p2a: T\u00e9 con Chele\n|move|p2b: Zhander Setso|Ivy Cudgel|p1b: Iron Mantis\n|-supereffective|p1b: Iron Mantis\n|-damage|p1b: Iron Mantis|0 fnt\n|faint|p1b: Iron Mantis\n|\n|-heal|p2b: Zhander Setso|63\/100|[from] Grassy Terrain\n|upkeep\n|\n|t:|1698020721\n|switch|p1b: Kleavor|Kleavor, M|81\/100 slp\n|turn|11\n|\n|t:|1698020740\n|cant|p1b: Kleavor|slp\n|move|p1a: Masquerain|Bug Buzz|p2b: Zhander Setso\n|-resisted|p2b: Zhander Setso\n|-damage|p2b: Zhander Setso|41\/100\n|move|p2b: Zhander Setso|Horn Leech|p1b: Kleavor\n|-damage|p1b: Kleavor|0 fnt\n|-heal|p2b: Zhander Setso|75\/100|[from] drain|[of] p1b: Kleavor\n|faint|p1b: Kleavor\n|\n|-heal|p2b: Zhander Setso|81\/100|[from] Grassy Terrain\n|upkeep\n|turn|12\n|c|\u2606rarwolf10|ptm\n|c|\u2606rarwolf10|gg\n|\n|t:|1698020752\n|move|p1a: Masquerain|Protect|p1a: Masquerain\n|-singleturn|p1a: Masquerain|Protect\n|move|p2b: Zhander Setso|Ivy Cudgel|p1a: Masquerain\n|-activate|p1a: Masquerain|move: Protect\n|\n|-heal|p2b: Zhander Setso|87\/100|[from] Grassy Terrain\n|-fieldend|move: Grassy Terrain\n|upkeep\n|turn|13\n|c| Ultra-Wach99|GG\n|c| HornytSamedi|el fue el intimidado todo este tiempo\n|\n|t:|1698020770\n|move|p1a: Masquerain|Bug Buzz|p2b: Zhander Setso\n|-resisted|p2b: Zhander Setso\n|-damage|p2b: Zhander Setso|66\/100\n|move|p2b: Zhander Setso|Ivy Cudgel|p1a: Masquerain\n|-supereffective|p1a: Masquerain\n|-damage|p1a: Masquerain|0 fnt\n|faint|p1a: Masquerain\n|\n|win|neroche\n|c| EL GRAN CARPINCHO|pobrecito\n|l|\u2606rarwolf10\n|l| EL GRAN CARPINCHO\n|c|\u2606neroche|gg\n|l| HornytSamedi\n","uploadtime":1698020790,"views":14,"p1id":"rarwolf10","p2id":"neroche","formatid":"gen9nationaldexdoubles","rating":0,"private":0,"password":""}