{"id":"gen9nationaldexdoubles-1949082937","p1":"Generic_Personname","p2":"L0rdBagel","format":"[Gen 9] National Dex Doubles","log":"|j|\u2606Generic_Personname\n|j|\u2606L0rdBagel\n|t:|1695324515\n|gametype|doubles\n|player|p1|Generic_Personname|1|\n|player|p2|L0rdBagel|juan|\n|teamsize|p1|3\n|teamsize|p2|4\n|gen|9\n|tier|[Gen 9] National Dex Doubles\n|rule|HP Percentage Mod: HP is shown in percentages\n|rule|Endless Battle Clause: Forcing endless battles is banned\n|rule|OHKO Clause: OHKO moves are banned\n|rule|Evasion Moves Clause: Evasion moves are banned\n|rule|Evasion Abilities Clause: Evasion abilities are banned\n|rule|Species Clause: Limit one of each Pok\u00e9mon\n|rule|Gravity Sleep Clause: The combination of sleep-inducing moves with imperfect accuracy and Gravity or Gigantamax Orbeetle are banned\n|clearpoke\n|poke|p1|Chandelure, M|\n|poke|p1|Scizor, M|\n|poke|p1|Kingambit, F|\n|poke|p2|Lucario, M|\n|poke|p2|Togedemaru, M|\n|poke|p2|Skarmory, F|\n|poke|p2|Aegislash, M|\n|teampreview\n|c|\u2606Generic_Personname|Now I consider myself fairly good at counting\n|inactive|Battle timer is ON: inactive players will automatically lose when time's up. (requested by L0rdBagel)\n|c|\u2606Generic_Personname|and it seems you have 4 mons\n|c|\u2606L0rdBagel|Yea I agree\n|c|\u2606Generic_Personname|when I have 3\n|c|\u2606Generic_Personname|aren't you meant to use the same amount of mons as me?\n|inactive|Generic_Personname has 270 seconds left.\n|c|\u2606Generic_Personname|wait nvm\n|c|\u2606L0rdBagel|Yea I\u2019m the rules if you have 3 or 4 I can use 4\n|c|\u2606Generic_Personname|Just seen that\n|c|\u2606Generic_Personname|my bad\n|\n|t:|1695324598\n|start\n|switch|p1a: Chandelure|Chandelure, M|100\/100\n|switch|p1b: Scizor|Scizor, M|100\/100\n|switch|p2a: Skarmory|Skarmory, F|100\/100\n|switch|p2b: Aegislash|Aegislash, M, shiny|100\/100\n|turn|1\n|\n|t:|1695324615\n|switch|p1a: Kingambit|Kingambit, F|100\/100\n|-terastallize|p1b: Scizor|Fire\n|move|p2a: Skarmory|Stealth Rock|p1a: Kingambit\n|-sidestart|p1: Generic_Personname|move: Stealth Rock\n|move|p1b: Scizor|Tera Blast|p2a: Skarmory|[anim] Tera Blast Fire\n|-supereffective|p2a: Skarmory\n|-damage|p2a: Skarmory|26\/100\n|-formechange|p2b: Aegislash|Aegislash-Blade||[from] ability: Stance Change\n|move|p2b: Aegislash|Shadow Claw|p1a: Kingambit\n|-resisted|p1a: Kingambit\n|-damage|p1a: Kingambit|84\/100\n|\n|-heal|p2a: Skarmory|32\/100|[from] item: Leftovers\n|upkeep\n|turn|2\n|inactive|L0rdBagel has 270 seconds left.\n|\n|t:|1695324647\n|move|p2a: Skarmory|Body Press|p1a: Kingambit\n|-supereffective|p1a: Kingambit\n|-damage|p1a: Kingambit|0 fnt\n|faint|p1a: Kingambit\n|-end|p1a: Kingambit|fallenundefined|[silent]\n|move|p1b: Scizor|Tera Blast|p2a: Skarmory|[anim] Tera Blast Fire\n|-supereffective|p2a: Skarmory\n|-damage|p2a: Skarmory|0 fnt\n|faint|p2a: Skarmory\n|move|p2b: Aegislash|Shadow Claw|p1b: Scizor\n|-damage|p1b: Scizor|55\/100\n|\n|upkeep\n|\n|t:|1695324659\n|switch|p2a: Togedemaru|Togedemaru, M|100\/100\n|switch|p1a: Chandelure|Chandelure, M|100\/100\n|-damage|p1a: Chandelure|76\/100|[from] Stealth Rock\n|turn|3\n|\n|t:|1695324668\n|move|p2a: Togedemaru|Fake Out|p1b: Scizor\n|-damage|p1b: Scizor|46\/100\n|move|p1a: Chandelure|Flamethrower|p2a: Togedemaru\n|-supereffective|p2a: Togedemaru\n|-damage|p2a: Togedemaru|0 fnt\n|faint|p2a: Togedemaru\n|cant|p1b: Scizor|flinch\n|move|p2b: Aegislash|Shadow Claw|p1b: Scizor\n|-damage|p1b: Scizor|3\/100\n|\n|upkeep\n|\n|t:|1695324675\n|switch|p2a: Lucario|Lucario, M|100\/100\n|turn|4\n|\n|t:|1695324693\n|move|p2a: Lucario|Aura Sphere|p1b: Scizor\n|-damage|p1b: Scizor|0 fnt\n|faint|p1b: Scizor\n|move|p1a: Chandelure|Flamethrower|p2b: Aegislash\n|-supereffective|p2b: Aegislash\n|-damage|p2b: Aegislash|0 fnt\n|faint|p2b: Aegislash\n|\n|upkeep\n|turn|5\n|\n|t:|1695324699\n|move|p2a: Lucario|Protect|p2a: Lucario\n|-singleturn|p2a: Lucario|Protect\n|move|p1a: Chandelure|Flamethrower|p2a: Lucario\n|-activate|p2a: Lucario|move: Protect\n|\n|upkeep\n|turn|6\n|\n|t:|1695324716\n|move|p2a: Lucario|Hidden Power|p1a: Chandelure\n|-resisted|p1a: Chandelure\n|-damage|p1a: Chandelure|61\/100\n|move|p1a: Chandelure|Flamethrower|p2a: Lucario\n|-supereffective|p2a: Lucario\n|-damage|p2a: Lucario|0 fnt\n|faint|p2a: Lucario\n|\n|win|Generic_Personname\n|c|\u2606Generic_Personname|gg\n|c|\u2606L0rdBagel|Gg\n","uploadtime":1695324726,"views":7,"p1id":"genericpersonname","p2id":"l0rdbagel","formatid":"gen9nationaldexdoubles","rating":0,"private":0,"password":""}