{"id":"gen9nationaldexdoubles-1966778346","p1":"tankaider","p2":"Atomic_Hedgefox","format":"[Gen 9] National Dex Doubles","log":"|j|\u2606tankaider\n|j|\u203dAtomic_Hedgefox\n|t:|1697221042\n|gametype|doubles\n|player|p1|tankaider|workerice|1050\n|player|p2|Atomic_Hedgefox|1|1131\n|teamsize|p1|6\n|teamsize|p2|6\n|gen|9\n|tier|[Gen 9] National Dex Doubles\n|rated|\n|rule|HP Percentage Mod: HP is shown in percentages\n|rule|Endless Battle Clause: Forcing endless battles is banned\n|rule|OHKO Clause: OHKO moves are banned\n|rule|Evasion Moves Clause: Evasion moves are banned\n|rule|Evasion Abilities Clause: Evasion abilities are banned\n|rule|Species Clause: Limit one of each Pok\u00e9mon\n|rule|Gravity Sleep Clause: The combination of sleep-inducing moves with imperfect accuracy and Gravity or Gigantamax Orbeetle are banned\n|clearpoke\n|poke|p1|Serperior, M|\n|poke|p1|Maushold|\n|poke|p1|Great Tusk|\n|poke|p1|Armarouge, F|\n|poke|p1|Urshifu-*, F|\n|poke|p1|Indeedee-F, F|\n|poke|p2|Charizard, F|\n|poke|p2|Walking Wake|\n|poke|p2|Ninetales, F|\n|poke|p2|Scizor, F|\n|poke|p2|Pikachu, F|\n|poke|p2|Chi-Yu|\n|teampreview\n|inactive|Battle timer is ON: inactive players will automatically lose when time's up. (requested by tankaider)\n|inactive|Atomic_Hedgefox has 120 seconds left.\n|\n|t:|1697221078\n|start\n|switch|p1a: Armarouge|Armarouge, F|100\/100\n|switch|p1b: Maushold|Maushold|100\/100\n|switch|p2a: Ninetales|Ninetales, F|100\/100\n|switch|p2b: Scizor|Scizor, F|100\/100\n|-weather|SunnyDay|[from] ability: Drought|[of] p2a: Ninetales\n|turn|1\n|\n|t:|1697221093\n|switch|p2b: Walking Wake|Walking Wake|100\/100\n|-activate|p2b: Walking Wake|ability: Protosynthesis\n|-start|p2b: Walking Wake|protosynthesisspa\n|-terastallize|p1a: Armarouge|Psychic\n|move|p1b: Maushold|U-turn|p1a: Armarouge\n|-supereffective|p1a: Armarouge\n|-damage|p1a: Armarouge|72\/100\n|-ability|p1a: Armarouge|Weak Armor|boost\n|-unboost|p1a: Armarouge|def|1\n|-boost|p1a: Armarouge|spe|2\n|-enditem|p1a: Armarouge|Weakness Policy\n|-boost|p1a: Armarouge|atk|2|[from] item: Weakness Policy\n|-boost|p1a: Armarouge|spa|2|[from] item: Weakness Policy\n|\n|t:|1697221106\n|switch|p1b: Indeedee|Indeedee-F, F, shiny|100\/100|[from] U-turn\n|move|p1a: Armarouge|Expanding Force|p2a: Ninetales\n|-damage|p2a: Ninetales|0 fnt\n|faint|p2a: Ninetales\n|\n|-weather|SunnyDay|[upkeep]\n|upkeep\n|\n|t:|1697221119\n|switch|p2a: Chi-Yu|Chi-Yu|100\/100\n|-ability|p2a: Chi-Yu|Beads of Ruin\n|turn|2\n|\n|t:|1697221139\n|move|p1b: Indeedee|Follow Me|p1b: Indeedee\n|-singleturn|p1b: Indeedee|move: Follow Me\n|move|p1a: Armarouge|Aura Sphere|p2a: Chi-Yu\n|-supereffective|p2a: Chi-Yu\n|-damage|p2a: Chi-Yu|0 fnt\n|faint|p2a: Chi-Yu\n|move|p2b: Walking Wake|Hydro Steam|p1b: Indeedee\n|-damage|p1b: Indeedee|44\/100\n|-enditem|p1b: Indeedee|Sitrus Berry|[eat]\n|-heal|p1b: Indeedee|69\/100|[from] item: Sitrus Berry\n|\n|-weather|SunnyDay|[upkeep]\n|upkeep\n|\n|t:|1697221150\n|switch|p2a: Charizard|Charizard, F|100\/100\n|turn|3\n|\n|t:|1697221160\n|detailschange|p2a: Charizard|Charizard-Mega-Y, F\n|-mega|p2a: Charizard|Charizard|Charizardite Y\n|move|p1b: Indeedee|Follow Me|p1b: Indeedee\n|-singleturn|p1b: Indeedee|move: Follow Me\n|move|p1a: Armarouge|Expanding Force|p2b: Walking Wake\n|-damage|p2b: Walking Wake|0 fnt\n|faint|p2b: Walking Wake\n|-end|p2b: Walking Wake|Protosynthesis|[silent]\n|move|p2a: Charizard|Flame Burst|p1b: Indeedee\n|-damage|p1b: Indeedee|20\/100\n|-damage|p1a: Armarouge|66\/100|[from] flameburst|[of] p2a: Charizard\n|\n|-weather|SunnyDay|[upkeep]\n|upkeep\n|\n|t:|1697221170\n|switch|p2b: Pikachu|Pikachu, F|100\/100\n|turn|4\n|\n|t:|1697221182\n|-terastallize|p2b: Pikachu|Normal\n|move|p2b: Pikachu|Extreme Speed|p1a: Armarouge\n|-damage|p1a: Armarouge|0 fnt\n|faint|p1a: Armarouge\n|move|p2a: Charizard|Air Slash|p1b: Indeedee\n|-damage|p1b: Indeedee|0 fnt\n|faint|p1b: Indeedee\n|\n|-weather|SunnyDay|[upkeep]\n|upkeep\n|\n|t:|1697221196\n|switch|p1a: Maushold|Maushold|100\/100\n|switch|p1b: Great Tusk|Great Tusk|100\/100\n|-activate|p1b: Great Tusk|ability: Protosynthesis\n|-start|p1b: Great Tusk|protosynthesisatk\n|turn|5\n|\n|t:|1697221208\n|move|p2b: Pikachu|Extreme Speed|p1b: Great Tusk\n|-damage|p1b: Great Tusk|66\/100\n|move|p1a: Maushold|Population Bomb|p2a: Charizard\n|-damage|p2a: Charizard|86\/100\n|-damage|p2a: Charizard|74\/100\n|-damage|p2a: Charizard|60\/100\n|-damage|p2a: Charizard|46\/100\n|-hitcount|p2a: Charizard|4\n|move|p2a: Charizard|Solar Beam||[still]\n|-prepare|p2a: Charizard|Solar Beam\n|-anim|p2a: Charizard|Solar Beam|p1b: Great Tusk\n|-supereffective|p1b: Great Tusk\n|-damage|p1b: Great Tusk|0 fnt\n|faint|p1b: Great Tusk\n|-end|p1b: Great Tusk|Protosynthesis|[silent]\n|\n|-weather|none\n|upkeep\n|\n|t:|1697221221\n|switch|p1b: Urshifu|Urshifu-Rapid-Strike, F|100\/100\n|turn|6\n|l|\u203dAtomic_Hedgefox\n|inactive|Atomic_Hedgefox disconnected and has a minute to reconnect!\n|player|p2|\n|j|\u203dAtomic_Hedgefox\n|inactive|Atomic_Hedgefox reconnected and has 135 seconds left.\n|player|p2|Atomic_Hedgefox|1\n|n|\u203dAtomic_Hedgefox|atomichedgefox\n|\n|t:|1697221249\n|switch|p2a: Scizor|Scizor, F|100\/100\n|move|p2b: Pikachu|Extreme Speed|p1a: Maushold\n|-damage|p1a: Maushold|34\/100\n|move|p1a: Maushold|Population Bomb|p2a: Scizor\n|-resisted|p2a: Scizor\n|-damage|p2a: Scizor|97\/100\n|-resisted|p2a: Scizor\n|-damage|p2a: Scizor|93\/100\n|-resisted|p2a: Scizor\n|-damage|p2a: Scizor|89\/100\n|-resisted|p2a: Scizor\n|-damage|p2a: Scizor|84\/100\n|-resisted|p2a: Scizor\n|-damage|p2a: Scizor|80\/100\n|-resisted|p2a: Scizor\n|-damage|p2a: Scizor|76\/100\n|-resisted|p2a: Scizor\n|-damage|p2a: Scizor|72\/100\n|-resisted|p2a: Scizor\n|-damage|p2a: Scizor|68\/100\n|-resisted|p2a: Scizor\n|-damage|p2a: Scizor|64\/100\n|-hitcount|p2a: Scizor|9\n|move|p1b: Urshifu|Surging Strikes|p2a: Scizor\n|-crit|p2a: Scizor\n|-damage|p2a: Scizor|43\/100\n|-crit|p2a: Scizor\n|-damage|p2a: Scizor|24\/100\n|-crit|p2a: Scizor\n|-damage|p2a: Scizor|4\/100\n|-hitcount|p2a: Scizor|3\n|\n|-heal|p2a: Scizor|10\/100|[from] item: Leftovers\n|upkeep\n|turn|7\n|\n|t:|1697221272\n|move|p2b: Pikachu|Extreme Speed|p1a: Maushold\n|-damage|p1a: Maushold|0 fnt\n|faint|p1a: Maushold\n|move|p1b: Urshifu|Surging Strikes|p2b: Pikachu\n|-crit|p2b: Pikachu\n|-damage|p2b: Pikachu|32\/100\n|-crit|p2b: Pikachu\n|-damage|p2b: Pikachu|0 fnt\n|faint|p2b: Pikachu\n|-hitcount|p2: Pikachu|2\n|move|p2a: Scizor|Aerial Ace|p1b: Urshifu\n|-supereffective|p1b: Urshifu\n|-damage|p1b: Urshifu|33\/100\n|-damage|p2a: Scizor|0 fnt|[from] item: Rocky Helmet|[of] p1b: Urshifu\n|faint|p2a: Scizor\n|\n|upkeep\n|\n|t:|1697221280\n|switch|p1a: Serperior|Serperior, M, shiny|100\/100\n|switch|p2b: Charizard|Charizard-Mega-Y, F|46\/100\n|-weather|SunnyDay|[from] ability: Drought|[of] p2b: Charizard\n|turn|8\n|\n|t:|1697221310\n|move|p1a: Serperior|Hidden Power|p2b: Charizard\n|-supereffective|p2b: Charizard\n|-damage|p2b: Charizard|31\/100\n|move|p2b: Charizard|Solar Beam||[still]\n|-prepare|p2b: Charizard|Solar Beam\n|-anim|p2b: Charizard|Solar Beam|p1b: Urshifu\n|-supereffective|p1b: Urshifu\n|-damage|p1b: Urshifu|0 fnt\n|faint|p1b: Urshifu\n|\n|-weather|SunnyDay|[upkeep]\n|upkeep\n|turn|9\n|\n|t:|1697221335\n|move|p1a: Serperior|Dragon Pulse|p2b: Charizard\n|-damage|p2b: Charizard|9\/100\n|move|p2b: Charizard|Weather Ball|p1a: Serperior\n|-supereffective|p1a: Serperior\n|-damage|p1a: Serperior|0 fnt\n|faint|p1a: Serperior\n|\n|win|Atomic_Hedgefox\n|raw|tankaider's rating: 1050 &rarr; <strong>1037<\/strong><br \/>(-13 for losing)\n|raw|Atomic_Hedgefox's rating: 1131 &rarr; <strong>1150<\/strong><br \/>(+19 for winning)\n|l|\u2606tankaider\n","uploadtime":1697221345,"views":10,"p1id":"tankaider","p2id":"atomichedgefox","formatid":"gen9nationaldexdoubles","rating":1037,"private":0,"password":""}