{"id":"gen9nationaldexdoubles-1968862968","p1":"SubwayBossAstro","p2":"Whiske_what","format":"[Gen 9] National Dex Doubles","log":"|j|\u2606SubwayBossAstro\n|j|\u2606Whiske_what\n|t:|1697470948\n|gametype|doubles\n|player|p1|SubwayBossAstro|ingo|\n|player|p2|Whiske_what|cynthia|\n|teamsize|p1|5\n|teamsize|p2|5\n|gen|9\n|tier|[Gen 9] National Dex Doubles\n|rule|HP Percentage Mod: HP is shown in percentages\n|rule|Endless Battle Clause: Forcing endless battles is banned\n|rule|OHKO Clause: OHKO moves are banned\n|rule|Evasion Moves Clause: Evasion moves are banned\n|rule|Evasion Abilities Clause: Evasion abilities are banned\n|rule|Species Clause: Limit one of each Pok\u00e9mon\n|rule|Gravity Sleep Clause: The combination of sleep-inducing moves with imperfect accuracy and Gravity or Gigantamax Orbeetle are banned\n|clearpoke\n|poke|p1|Rotom-Heat|\n|poke|p1|Gholdengo|\n|poke|p1|Ceruledge, M|\n|poke|p1|Garganacl, M|\n|poke|p1|Regigigas|\n|poke|p2|Magikarp, M|\n|poke|p2|Iron Hands|\n|poke|p2|Greedent, M|\n|poke|p2|Slowpoke, F|\n|poke|p2|Diglett, M|\n|teampreview\n|\n|t:|1697470992\n|start\n|switch|p1a: hot pcoket|Rotom-Heat|100\/100\n|switch|p1b: bully|Ceruledge, M|100\/100\n|switch|p2a: Iron Hands|Iron Hands|100\/100\n|switch|p2b: Magikarp|Magikarp, M|100\/100\n|turn|1\n|\n|t:|1697471019\n|move|p1a: hot pcoket|Trick|p2a: Iron Hands\n|-activate|p1a: hot pcoket|move: Trick|[of] p2a: Iron Hands\n|-item|p2a: Iron Hands|Flame Orb|[from] move: Trick\n|-item|p1a: hot pcoket|Metal Coat|[from] move: Trick\n|move|p1b: bully|Bitter Blade|p2a: Iron Hands\n|-damage|p2a: Iron Hands|72\/100\n|-damage|p1b: bully|91\/100|[from] item: Life Orb\n|move|p2b: Magikarp|Flail|p1b: bully\n|-immune|p1b: bully\n|move|p2a: Iron Hands|Close Combat|p1a: hot pcoket\n|-damage|p1a: hot pcoket|43\/100\n|-unboost|p2a: Iron Hands|def|1\n|-unboost|p2a: Iron Hands|spd|1\n|\n|-status|p2a: Iron Hands|brn|[from] item: Flame Orb\n|upkeep\n|turn|2\n|\n|t:|1697471050\n|move|p1a: hot pcoket|Trick|p2a: Iron Hands\n|-activate|p1a: hot pcoket|move: Trick|[of] p2a: Iron Hands\n|-item|p2a: Iron Hands|Metal Coat|[from] move: Trick\n|-item|p1a: hot pcoket|Flame Orb|[from] move: Trick\n|move|p1b: bully|Shadow Claw|p2a: Iron Hands\n|-damage|p2a: Iron Hands|39\/100 brn\n|-damage|p1b: bully|81\/100|[from] item: Life Orb\n|move|p2b: Magikarp|Splash|p2b: Magikarp\n|-nothing\n|move|p2a: Iron Hands|Iron Head|p1b: bully\n|-resisted|p1b: bully\n|-damage|p1b: bully|68\/100\n|\n|-damage|p2a: Iron Hands|33\/100 brn|[from] brn\n|upkeep\n|turn|3\n|\n|t:|1697471072\n|-end|p2a: Iron Hands|Quark Drive|[silent]\n|switch|p2a: Slowpoke|Slowpoke, F|100\/100\n|move|p1a: hot pcoket|Shadow Ball|p2b: Magikarp\n|-damage|p2b: Magikarp|1\/100\n|move|p1b: bully|Bitter Blade|p2a: Slowpoke\n|-resisted|p2a: Slowpoke\n|-damage|p2a: Slowpoke|74\/100\n|-heal|p1b: bully|84\/100|[from] drain|[of] p2a: Slowpoke\n|-damage|p1b: bully|74\/100|[from] item: Life Orb\n|move|p2b: Magikarp|Tackle|p1a: hot pcoket\n|-damage|p1a: hot pcoket|41\/100\n|\n|upkeep\n|turn|4\n|\n|t:|1697471094\n|switch|p2b: Greedent|Greedent, M|100\/100\n|move|p1a: hot pcoket|Protect|p1a: hot pcoket\n|-singleturn|p1a: hot pcoket|Protect\n|move|p1b: bully|Shadow Claw|p2a: Slowpoke\n|-supereffective|p2a: Slowpoke\n|-damage|p2a: Slowpoke|0 fnt\n|faint|p2a: Slowpoke\n|-damage|p1b: bully|64\/100|[from] item: Life Orb\n|\n|upkeep\n|\n|t:|1697471110\n|switch|p2a: Diglett|Diglett, M|100\/100\n|turn|5\n|\n|t:|1697471120\n|move|p1a: hot pcoket|Trick|p2b: Greedent\n|-activate|p1a: hot pcoket|move: Trick|[of] p2b: Greedent\n|-item|p2b: Greedent|Flame Orb|[from] move: Trick\n|-item|p1a: hot pcoket|Ability Shield|[from] move: Trick\n|move|p1b: bully|Close Combat|p2b: Greedent\n|-supereffective|p2b: Greedent\n|-damage|p2b: Greedent|16\/100\n|-unboost|p1b: bully|def|1\n|-unboost|p1b: bully|spd|1\n|-damage|p1b: bully|54\/100|[from] item: Life Orb\n|move|p2a: Diglett|Rock Blast|p1b: bully\n|-supereffective|p1b: bully\n|-damage|p1b: bully|32\/100\n|-supereffective|p1b: bully\n|-damage|p1b: bully|13\/100\n|-supereffective|p1b: bully\n|-damage|p1b: bully|0 fnt\n|faint|p1b: bully\n|-hitcount|p1: bully|3\n|move|p2b: Greedent|Counter|p1a: hot pcoket|[notarget]\n|-fail|p2b: Greedent\n|\n|-status|p2b: Greedent|brn|[from] item: Flame Orb\n|upkeep\n|\n|t:|1697471140\n|switch|p1b: garg on these nuts|Garganacl, M|100\/100\n|turn|6\n|\n|t:|1697471169\n|move|p1a: hot pcoket|Shadow Ball|p2a: Diglett\n|-damage|p2a: Diglett|43\/100\n|-unboost|p2a: Diglett|spd|1\n|move|p2a: Diglett|Rock Blast|p1a: hot pcoket\n|-supereffective|p1a: hot pcoket\n|-damage|p1a: hot pcoket|31\/100\n|-supereffective|p1a: hot pcoket\n|-damage|p1a: hot pcoket|22\/100\n|-supereffective|p1a: hot pcoket\n|-damage|p1a: hot pcoket|14\/100\n|-supereffective|p1a: hot pcoket\n|-damage|p1a: hot pcoket|4\/100\n|-supereffective|p1a: hot pcoket\n|-damage|p1a: hot pcoket|0 fnt\n|faint|p1a: hot pcoket\n|-hitcount|p1: hot pcoket|5\n|move|p1b: garg on these nuts|Iron Defense|p1b: garg on these nuts\n|-boost|p1b: garg on these nuts|def|2\n|move|p2b: Greedent|Counter||[still]\n|-fail|p2b: Greedent\n|\n|-damage|p2b: Greedent|10\/100 brn|[from] brn\n|upkeep\n|\n|t:|1697471188\n|switch|p1a: Atlas|Regigigas, shiny|100\/100\n|-start|p1a: Atlas|ability: Slow Start\n|turn|7\n|\n|t:|1697471204\n|-terastallize|p2b: Greedent|Normal\n|move|p2a: Diglett|Rock Blast|p1a: Atlas\n|-damage|p1a: Atlas|97\/100\n|-damage|p1a: Atlas|94\/100\n|-damage|p1a: Atlas|90\/100\n|-hitcount|p1a: Atlas|3\n|move|p1b: garg on these nuts|Iron Defense|p1b: garg on these nuts\n|-boost|p1b: garg on these nuts|def|2\n|move|p1a: Atlas|Substitute|p1a: Atlas\n|-start|p1a: Atlas|Substitute\n|-damage|p1a: Atlas|66\/100\n|move|p2b: Greedent|Substitute|p2b: Greedent\n|-fail|p2b: Greedent|move: Substitute|[weak]\n|\n|-heal|p1a: Atlas|72\/100|[from] item: Leftovers\n|-damage|p2b: Greedent|4\/100 brn|[from] brn\n|upkeep\n|turn|8\n|\n|t:|1697471229\n|move|p2a: Diglett|Rock Blast|p1b: garg on these nuts\n|-damage|p1b: garg on these nuts|99\/100\n|-damage|p1b: garg on these nuts|98\/100\n|-damage|p1b: garg on these nuts|97\/100\n|-hitcount|p1b: garg on these nuts|3\n|move|p1b: garg on these nuts|Iron Defense|p1b: garg on these nuts\n|-boost|p1b: garg on these nuts|def|2\n|move|p1a: Atlas|Toxic|p2a: Diglett\n|-status|p2a: Diglett|tox\n|move|p2b: Greedent|Hyper Voice|p1a: Atlas|[spread] p1a,p1b\n|-resisted|p1b: garg on these nuts\n|-damage|p1a: Atlas|61\/100\n|-damage|p1b: garg on these nuts|88\/100\n|\n|-heal|p1a: Atlas|67\/100|[from] item: Leftovers\n|-damage|p2a: Diglett|37\/100 tox|[from] psn\n|-damage|p2b: Greedent|0 fnt|[from] brn\n|faint|p2b: Greedent\n|upkeep\n|\n|t:|1697471248\n|switch|p2b: Iron Hands|Iron Hands|33\/100 brn\n|turn|9\n|\n|t:|1697471268\n|move|p2a: Diglett|Rock Blast|p1a: Atlas\n|-activate|p1a: Atlas|move: Substitute|[damage]\n|-activate|p1a: Atlas|move: Substitute|[damage]\n|-hitcount|p1a: Atlas|2\n|move|p2b: Iron Hands|Close Combat|p1b: garg on these nuts\n|-supereffective|p1b: garg on these nuts\n|-damage|p1b: garg on these nuts|79\/100\n|-unboost|p2b: Iron Hands|def|1\n|-unboost|p2b: Iron Hands|spd|1\n|-damage|p2b: Iron Hands|16\/100 brn|[from] item: Rocky Helmet|[of] p1b: garg on these nuts\n|move|p1b: garg on these nuts|Salt Cure|p2b: Iron Hands\n|-resisted|p2b: Iron Hands\n|-damage|p2b: Iron Hands|11\/100 brn\n|-start|p2b: Iron Hands|Salt Cure\n|move|p1a: Atlas|Focus Blast|p2a: Diglett\n|-damage|p2a: Diglett|0 fnt\n|faint|p2a: Diglett\n|\n|-heal|p1a: Atlas|74\/100|[from] item: Leftovers\n|-damage|p2b: Iron Hands|4\/100 brn|[from] brn\n|-damage|p2b: Iron Hands|0 fnt|[from] Salt Cure\n|faint|p2b: Iron Hands\n|-end|p2b: Iron Hands|Quark Drive|[silent]\n|upkeep\n|\n|t:|1697471293\n|switch|p2a: Magikarp|Magikarp, M|1\/100\n|turn|10\n|\n|t:|1697471312\n|move|p2a: Magikarp|Splash|p2a: Magikarp\n|-nothing\n|move|p1b: garg on these nuts|Recover|p1b: garg on these nuts\n|-heal|p1b: garg on these nuts|100\/100\n|move|p1a: Atlas|Toxic|p2a: Magikarp\n|-status|p2a: Magikarp|tox\n|\n|-heal|p1a: Atlas|80\/100|[from] item: Leftovers\n|-damage|p2a: Magikarp|0 fnt|[from] psn\n|faint|p2a: Magikarp\n|\n|win|SubwayBossAstro\n|upkeep\n","uploadtime":1697471326,"views":6,"p1id":"subwaybossastro","p2id":"whiskewhat","formatid":"gen9nationaldexdoubles","rating":0,"private":0,"password":""}