{"id":"gen9nationaldexdoubles-1991700396","p1":"Siphonaptera","p2":"Voscoa","format":"[Gen 9] National Dex Doubles","log":"|j|\u2606Siphonaptera\n|j|\u2606Voscoa\n|t:|1700104246\n|gametype|doubles\n|player|p1|Siphonaptera|elesa|\n|player|p2|Voscoa|dancer|\n|teamsize|p1|6\n|teamsize|p2|6\n|gen|9\n|tier|[Gen 9] National Dex Doubles\n|rated|Tournament battle\n|rule|HP Percentage Mod: HP is shown in percentages\n|rule|Endless Battle Clause: Forcing endless battles is banned\n|rule|Evasion Abilities Clause: Evasion abilities are banned\n|rule|Gravity Sleep Clause: The combination of sleep-inducing moves with imperfect accuracy and Gravity or Gigantamax Orbeetle are banned\n|clearpoke\n|poke|p1|Regieleki|\n|poke|p1|Slaking, F|\n|poke|p1|Audino-Mega, M|\n|poke|p1|Arceus-Ghost|\n|poke|p1|Calyrex-Shadow|\n|poke|p1|Regieleki|\n|poke|p2|Aerodactyl-Mega, M|\n|poke|p2|Electrode-Hisui|\n|poke|p2|Groudon-Primal|\n|poke|p2|Mewtwo-Mega-Y|\n|poke|p2|Ting-Lu|\n|poke|p2|Venusaur-Mega, F|\n|teampreview\n|inactive|Battle timer is ON: inactive players will automatically lose when time's up. (requested by Siphonaptera)\n|inactive|Voscoa also wants the timer to be on.\n|\n|t:|1700104265\n|start\n|switch|p1a: Regieleki|Regieleki|100\/100\n|switch|p1b: Audino|Audino-Mega, M|100\/100\n|switch|p2a: Mewtwo|Mewtwo-Mega-Y, shiny|100\/100\n|switch|p2b: Electrode|Electrode-Hisui, shiny|100\/100\n|-ability|p2a: Mewtwo|As One\n|-ability|p2a: Mewtwo|Unnerve\n|turn|1\n|j|#Bahamut\n|j|#Pure Hackmons\n|\n|t:|1700104287\n|switch|p1b: Slaking|Slaking, F|100\/100\n|move|p1a: Regieleki|Knock Off|p2a: Mewtwo\n|-supereffective|p2a: Mewtwo\n|-damage|p2a: Mewtwo|52\/100\n|-enditem|p2a: Mewtwo|Life Orb|[from] move: Knock Off|[of] p1a: Regieleki\n|move|p2b: Electrode|Fire Spin|p1b: Slaking|[miss]\n|-miss|p2b: Electrode|p1b: Slaking\n|move|p2a: Mewtwo|Freezing Glare|p1a: Regieleki\n|-damage|p1a: Regieleki|35\/100\n|\n|upkeep\n|turn|2\n|j|\u2729Hiusi guy %\u25d5\u203f\u203f\u25d5%\n|inactive|Voscoa has 120 seconds left.\n|\n|t:|1700104324\n|move|p1b: Slaking|Fake Out|p2a: Mewtwo\n|-crit|p2a: Mewtwo\n|-damage|p2a: Mewtwo|0 fnt\n|faint|p2a: Mewtwo\n|move|p1a: Regieleki|Knock Off|p2b: Electrode\n|-damage|p2b: Electrode|67\/100\n|-enditem|p2b: Electrode|Binding Band|[from] move: Knock Off|[of] p1a: Regieleki\n|move|p2b: Electrode|Fire Spin|p1a: Regieleki\n|-damage|p1a: Regieleki|21\/100\n|-activate|p1a: Regieleki|move: Fire Spin|[of] p2b: Electrode\n|\n|-damage|p1a: Regieleki|9\/100|[from] move: Fire Spin|[partiallytrapped]\n|upkeep\n|\n|t:|1700104335\n|switch|p2a: Groudon|Groudon-Primal, shiny|100\/100\n|turn|3\n|\n|t:|1700104345\n|move|p2b: Electrode|Detect|p2b: Electrode\n|-singleturn|p2b: Electrode|Protect\n|move|p2a: Groudon|Baneful Bunker|p2a: Groudon\n|-singleturn|p2a: Groudon|move: Protect\n|move|p1b: Slaking|Extreme Speed|p2b: Electrode\n|-activate|p2b: Electrode|move: Protect\n|move|p1a: Regieleki|Knock Off|p2a: Groudon\n|-activate|p2a: Groudon|move: Protect\n|-status|p1a: Regieleki|psn\n|\n|-damage|p1a: Regieleki|0 fnt|[from] psn\n|faint|p1a: Regieleki\n|upkeep\n|\n|t:|1700104358\n|switch|p1a: Calyrex|Calyrex-Shadow|100\/100\n|turn|4\n|\n|t:|1700104379\n|move|p1b: Slaking|Extreme Speed|p2b: Electrode\n|-damage|p2b: Electrode|0 fnt\n|faint|p2b: Electrode\n|move|p1a: Calyrex|Revival Blessing|p1a: Calyrex\n|\n|t:|1700104385\n|-heal|p1: Regieleki|50\/100|[from] move: Revival Blessing\n|move|p2a: Groudon|Precipice Blades|p1a: Calyrex|[spread] p1b\n|-immune|p1a: Calyrex|[from] ability: Wonder Guard\n|-damage|p1b: Slaking|59\/100\n|\n|upkeep\n|\n|t:|1700104393\n|switch|p2b: Ting-Lu|Ting-Lu, shiny|100\/100\n|turn|5\n|\n|t:|1700104405\n|move|p1a: Calyrex|Spore|p2a: Groudon\n|-status|p2a: Groudon|slp|[from] move: Spore\n|cant|p2a: Groudon|slp\n|move|p1b: Slaking|Sticky Web|p2b: Ting-Lu\n|-sidestart|p2: Voscoa|move: Sticky Web\n|move|p2b: Ting-Lu|Cosmic Power|p2b: Ting-Lu\n|-boost|p2b: Ting-Lu|def|1\n|-boost|p2b: Ting-Lu|spd|1\n|\n|upkeep\n|turn|6\n|\n|t:|1700104418\n|switch|p1b: Regieleki|Regieleki|50\/100\n|cant|p2a: Groudon|slp\n|move|p1a: Calyrex|Spore|p2b: Ting-Lu\n|-status|p2b: Ting-Lu|slp|[from] move: Spore\n|cant|p2b: Ting-Lu|slp\n|\n|upkeep\n|turn|7\n|j| Sheeplol\n|inactive|Voscoa has 120 seconds left.\n|\n|t:|1700104468\n|move|p1b: Regieleki|Knock Off|p2a: Groudon\n|-damage|p2a: Groudon|86\/100 slp\n|-enditem|p2a: Groudon|Soft Sand|[from] move: Knock Off|[of] p1b: Regieleki\n|move|p1a: Calyrex|Stealth Rock|p2b: Ting-Lu\n|-sidestart|p2: Voscoa|move: Stealth Rock\n|-curestatus|p2a: Groudon|slp|[msg]\n|move|p2a: Groudon|Precipice Blades|p1b: Regieleki|[spread] p1b\n|-immune|p1a: Calyrex|[from] ability: Wonder Guard\n|-supereffective|p1b: Regieleki\n|-damage|p1b: Regieleki|0 fnt\n|faint|p1b: Regieleki\n|cant|p2b: Ting-Lu|slp\n|\n|upkeep\n|\n|t:|1700104478\n|switch|p1b: Audino|Audino-Mega, M|100\/100\n|turn|8\n|j| blahpy\n|inactive|Voscoa has 120 seconds left.\n|inactive|Voscoa has 90 seconds left.\n|\n|t:|1700104527\n|switch|p1a: Regieleki|Regieleki|100\/100\n|move|p2a: Groudon|Precipice Blades|p1a: Regieleki|[spread] p1a\n|-immune|p1b: Audino|[from] ability: Wonder Guard\n|-supereffective|p1a: Regieleki\n|-damage|p1a: Regieleki|0 fnt\n|faint|p1a: Regieleki\n|cant|p2b: Ting-Lu|slp\n|move|p1b: Audino|Revival Blessing|p1b: Audino\n|\n|t:|1700104536\n|-heal|p1: Regieleki|50\/100|[from] move: Revival Blessing\n|\n|upkeep\n|switch|p1a: Regieleki|Regieleki|50\/100\n|turn|9\n|inactive|Voscoa has 90 seconds left.\n|inactive|Voscoa has 60 seconds left.\n|inactive|Voscoa has 30 seconds left.\n|\n|t:|1700104634\n|move|p1a: Regieleki|Sheer Cold|p2a: Groudon\n|-damage|p2a: Groudon|0 fnt\n|faint|p2a: Groudon\n|-ohko\n|-curestatus|p2b: Ting-Lu|slp|[msg]\n|move|p2b: Ting-Lu|Cosmic Power|p2b: Ting-Lu\n|-boost|p2b: Ting-Lu|def|1\n|-boost|p2b: Ting-Lu|spd|1\n|move|p1b: Audino|Lunar Dance|p1b: Audino\n|faint|p1b: Audino\n|\n|upkeep\n|inactive|Voscoa has 30 seconds left.\n|inactive|Voscoa has 20 seconds left.\n|\n|t:|1700104664\n|switch|p2a: Aerodactyl|Aerodactyl-Mega, M, shiny|100\/100\n|switch|p1b: Slaking|Slaking, F|59\/100\n|-damage|p2a: Aerodactyl|75\/100|[from] Stealth Rock\n|-heal|p1b: Slaking|100\/100|[from] move: Lunar Dance\n|turn|10\n|c| Sheeplol|inb4 he times out\n|inactive|Voscoa has 30 seconds left.\n|\n|t:|1700104680\n|move|p1b: Slaking|Fake Out|p2b: Ting-Lu\n|-damage|p2b: Ting-Lu|89\/100\n|move|p1a: Regieleki|Sheer Cold|p2a: Aerodactyl\n|-damage|p2a: Aerodactyl|0 fnt\n|faint|p2a: Aerodactyl\n|-ohko\n|cant|p2b: Ting-Lu|flinch\n|\n|upkeep\n|\n|t:|1700104684\n|switch|p2a: Venusaur|Venusaur-Mega, F, shiny|100\/100\n|-activate|p2a: Venusaur|move: Sticky Web\n|-unboost|p2a: Venusaur|spe|1\n|-damage|p2a: Venusaur|88\/100|[from] Stealth Rock\n|-weather|DesolateLand|[from] ability: Desolate Land|[of] p2a: Venusaur\n|turn|11\n|\n|t:|1700104699\n|move|p1b: Slaking|Extreme Speed|p2a: Venusaur\n|-damage|p2a: Venusaur|24\/100\n|move|p1a: Regieleki|Sheer Cold|p2b: Ting-Lu\n|-damage|p2b: Ting-Lu|0 fnt\n|faint|p2b: Ting-Lu\n|-ohko\n|move|p2a: Venusaur|Earth Power|p1a: Regieleki\n|-supereffective|p1a: Regieleki\n|-damage|p1a: Regieleki|0 fnt\n|faint|p1a: Regieleki\n|\n|-weather|DesolateLand|[upkeep]\n|upkeep\n|\n|t:|1700104703\n|switch|p1a: Arceus|Arceus-Ghost|100\/100\n|-ability|p1a: Arceus|Neutralizing Gas\n|-block|p1b: Slaking|item: Ability Shield\n|-weather|none\n|turn|12\n|c|\u2606Siphonaptera|gg\n|c| Sheeplol|gg\n|inactive|Voscoa has 60 seconds left.\n|\n|t:|1700104733\n|move|p1b: Slaking|Extreme Speed|p2a: Venusaur\n|-damage|p2a: Venusaur|0 fnt\n|faint|p2a: Venusaur\n|\n|win|Siphonaptera\n|n|\u2606Siphonaptera|siphonaptera\n|n|\u2606Voscoa|voscoa\n|n| Bahamut|bahamut\n|n| Pure Hackmons|purehackmons\n|n| Hiusi guy %\u25d5\u203f\u203f\u25d5%|hiusiguy\n|n| Sheeplol|sheeplol\n|n| blahpy|blahpy\n","uploadtime":1700104734,"views":8,"p1id":"siphonaptera","p2id":"voscoa","formatid":"gen9nationaldexdoubles","rating":0,"private":0,"password":""}