{"id":"gen9nationaldexdoubles-1987195455","p1":"QEUhfpisudv","p2":"Specter1237","format":"[Gen 9] National Dex Doubles","log":"|j|\u2606QEUhfpisudv\n|j|\u2606Specter1237\n|t:|1699564207\n|gametype|doubles\n|player|p1|QEUhfpisudv|ninjaboy|1000\n|player|p2|Specter1237|pokemonrangerf|1028\n|teamsize|p1|6\n|teamsize|p2|6\n|gen|9\n|tier|[Gen 9] National Dex Doubles\n|rated|\n|rule|HP Percentage Mod: HP is shown in percentages\n|rule|Endless Battle Clause: Forcing endless battles is banned\n|rule|OHKO Clause: OHKO moves are banned\n|rule|Evasion Moves Clause: Evasion moves are banned\n|rule|Evasion Abilities Clause: Evasion abilities are banned\n|rule|Species Clause: Limit one of each Pok\u00e9mon\n|rule|Gravity Sleep Clause: The combination of sleep-inducing moves with imperfect accuracy and Gravity or Gigantamax Orbeetle are banned\n|clearpoke\n|poke|p1|Sinistcha-Masterpiece|\n|poke|p1|Rillaboom, F|\n|poke|p1|Jirachi|\n|poke|p1|Ursaluna, M|\n|poke|p1|Oranguru, M|\n|poke|p1|Indeedee-F, F|\n|poke|p2|Heatran, M|\n|poke|p2|Ferrothorn, F|\n|poke|p2|Toxapex, M|\n|poke|p2|Goodra, F|\n|poke|p2|Zapdos|\n|poke|p2|Clodsire, F|\n|teampreview\n|inactive|Battle timer is ON: inactive players will automatically lose when time's up. (requested by QEUhfpisudv)\n|c|\u2606Specter1237|hi\n|c|\u2606Specter1237|this pokemon team is AI generated\n|c|\u2606Specter1237|so im just trying it out rn\n|\n|t:|1699564241\n|start\n|switch|p1a: Rillaboom|Rillaboom, F|100\/100\n|switch|p1b: Sinistcha|Sinistcha-Masterpiece|100\/100\n|switch|p2a: Heatran|Heatran, M|100\/100\n|switch|p2b: Ferrothorn|Ferrothorn, F|100\/100\n|-fieldstart|move: Grassy Terrain|[from] ability: Grassy Surge|[of] p1a: Rillaboom\n|turn|1\n|\n|t:|1699564255\n|move|p2b: Ferrothorn|Protect|p2b: Ferrothorn\n|-singleturn|p2b: Ferrothorn|Protect\n|move|p1a: Rillaboom|Fake Out|p2a: Heatran\n|-resisted|p2a: Heatran\n|-damage|p2a: Heatran|94\/100\n|cant|p2a: Heatran|flinch\n|-zpower|p1b: Sinistcha\n|move|p1b: Sinistcha|Z-Trick Room|p1b: Sinistcha|[anim]Trick Room\n|-boost|p1b: Sinistcha|accuracy|1|[zeffect]\n|-fieldstart|move: Trick Room|[of] p1b: Sinistcha\n|\n|-heal|p2a: Heatran|99\/100|[from] Grassy Terrain\n|-heal|p2a: Heatran|100\/100|[from] item: Leftovers\n|upkeep\n|turn|2\n|\n|t:|1699564275\n|move|p2b: Ferrothorn|Gyro Ball|p1a: Rillaboom\n|-damage|p1a: Rillaboom|79\/100\n|move|p1b: Sinistcha|Nasty Plot|p1b: Sinistcha\n|-boost|p1b: Sinistcha|spa|2\n|move|p1a: Rillaboom|Stomping Tantrum|p2a: Heatran\n|-supereffective|p2a: Heatran\n|-damage|p2a: Heatran|7\/100\n|move|p2a: Heatran|Stealth Rock|p1a: Rillaboom\n|-sidestart|p1: QEUhfpisudv|move: Stealth Rock\n|\n|-heal|p1a: Rillaboom|85\/100|[from] Grassy Terrain\n|-heal|p2a: Heatran|13\/100|[from] Grassy Terrain\n|-heal|p2a: Heatran|20\/100|[from] item: Leftovers\n|upkeep\n|turn|3\n|\n|t:|1699564301\n|move|p2b: Ferrothorn|Protect|p2b: Ferrothorn\n|-singleturn|p2b: Ferrothorn|Protect\n|move|p1b: Sinistcha|Nasty Plot|p1b: Sinistcha\n|-boost|p1b: Sinistcha|spa|2\n|move|p1a: Rillaboom|Stomping Tantrum|p2a: Heatran\n|-supereffective|p2a: Heatran\n|-damage|p2a: Heatran|0 fnt\n|faint|p2a: Heatran\n|\n|-heal|p1a: Rillaboom|91\/100|[from] Grassy Terrain\n|upkeep\n|\n|t:|1699564310\n|switch|p2a: Goodra|Goodra, F|100\/100\n|turn|4\n|\n|t:|1699564336\n|move|p2b: Ferrothorn|Gyro Ball|p1b: Sinistcha\n|-damage|p1b: Sinistcha|81\/100\n|move|p1b: Sinistcha|Shadow Ball|p2a: Goodra\n|-damage|p2a: Goodra|56\/100\n|move|p1a: Rillaboom|U-turn|p2a: Goodra\n|-damage|p2a: Goodra|27\/100\n|\n|t:|1699564355\n|switch|p1a: Ursaluna|Ursaluna, M|100\/100|[from] U-turn\n|-damage|p1a: Ursaluna|94\/100|[from] Stealth Rock\n|move|p2a: Goodra|Sludge Bomb|p1a: Ursaluna\n|-resisted|p1a: Ursaluna\n|-damage|p1a: Ursaluna|84\/100\n|-status|p1a: Ursaluna|psn\n|\n|-heal|p1a: Ursaluna|91\/100 psn|[from] Grassy Terrain\n|-heal|p1b: Sinistcha|87\/100|[from] Grassy Terrain\n|-heal|p2a: Goodra|33\/100|[from] Grassy Terrain\n|-damage|p1a: Ursaluna|78\/100 psn|[from] psn\n|upkeep\n|turn|5\n|\n|t:|1699564377\n|move|p2b: Ferrothorn|Power Whip|p1a: Ursaluna\n|-supereffective|p1a: Ursaluna\n|-damage|p1a: Ursaluna|2\/100 psn\n|move|p1a: Ursaluna|Close Combat|p2b: Ferrothorn\n|-supereffective|p2b: Ferrothorn\n|-damage|p2b: Ferrothorn|2\/100\n|-unboost|p1a: Ursaluna|def|1\n|-unboost|p1a: Ursaluna|spd|1\n|-damage|p1a: Ursaluna|0 fnt|[from] ability: Iron Barbs|[of] p2b: Ferrothorn\n|faint|p1a: Ursaluna\n|move|p1b: Sinistcha|Shadow Ball|p2a: Goodra\n|-damage|p2a: Goodra|0 fnt\n|faint|p2a: Goodra\n|\n|-heal|p2b: Ferrothorn|8\/100|[from] Grassy Terrain\n|-heal|p1b: Sinistcha|93\/100|[from] Grassy Terrain\n|-fieldend|move: Trick Room\n|-fieldend|move: Grassy Terrain\n|upkeep\n|\n|t:|1699564396\n|switch|p2a: Zapdos|Zapdos|100\/100\n|switch|p1a: Oranguru|Oranguru, M|100\/100\n|-damage|p1a: Oranguru|88\/100|[from] Stealth Rock\n|turn|6\n|\n|t:|1699564413\n|move|p1a: Oranguru|Ally Switch|p1a: Oranguru\n|swap|p1a: Oranguru|1|[from] move: Ally Switch\n|move|p2a: Zapdos|Heat Wave|p1b: Oranguru|[spread] p1b\n|-miss|p2a: Zapdos|p1a: Sinistcha\n|-damage|p1b: Oranguru|72\/100\n|move|p2b: Ferrothorn|Gyro Ball|p1a: Sinistcha\n|-damage|p1a: Sinistcha|74\/100\n|move|p1a: Sinistcha|Trick Room|p1a: Sinistcha\n|-fieldstart|move: Trick Room|[of] p1a: Sinistcha\n|\n|upkeep\n|turn|7\n|\n|t:|1699564438\n|switch|p1b: Rillaboom|Rillaboom, F|91\/100\n|-damage|p1b: Rillaboom|79\/100|[from] Stealth Rock\n|-fieldstart|move: Grassy Terrain|[from] ability: Grassy Surge|[of] p1b: Rillaboom\n|move|p2b: Ferrothorn|Gyro Ball|p1b: Rillaboom\n|-damage|p1b: Rillaboom|57\/100\n|move|p1a: Sinistcha|Matcha Gotcha|p2b: Ferrothorn|[spread] p2a,p2b\n|-resisted|p2a: Zapdos\n|-resisted|p2b: Ferrothorn\n|-damage|p2a: Zapdos|44\/100\n|-heal|p1a: Sinistcha|100\/100|[from] drain|[of] p2a: Zapdos\n|-damage|p2b: Ferrothorn|0 fnt\n|faint|p2b: Ferrothorn\n|move|p2a: Zapdos|Roost|p2a: Zapdos\n|-heal|p2a: Zapdos|94\/100\n|-singleturn|p2a: Zapdos|move: Roost\n|\n|-heal|p1b: Rillaboom|63\/100|[from] Grassy Terrain\n|-heal|p2a: Zapdos|99\/100|[from] Grassy Terrain\n|-heal|p2a: Zapdos|100\/100|[from] item: Leftovers\n|upkeep\n|\n|t:|1699564462\n|switch|p2b: Toxapex|Toxapex, M|100\/100\n|turn|8\n|\n|t:|1699564473\n|move|p1b: Rillaboom|Fake Out|p2a: Zapdos\n|-damage|p2a: Zapdos|90\/100\n|move|p2b: Toxapex|Toxic|p1a: Sinistcha\n|-status|p1a: Sinistcha|tox\n|move|p1a: Sinistcha|Matcha Gotcha|p2b: Toxapex|[spread] p2a,p2b\n|-resisted|p2a: Zapdos\n|-damage|p2a: Zapdos|23\/100\n|-damage|p2b: Toxapex|0 fnt\n|faint|p2b: Toxapex\n|cant|p2a: Zapdos|flinch\n|\n|-heal|p1b: Rillaboom|69\/100|[from] Grassy Terrain\n|-heal|p2a: Zapdos|29\/100|[from] item: Leftovers\n|-damage|p1a: Sinistcha|95\/100 tox|[from] psn\n|upkeep\n|\n|t:|1699564477\n|switch|p2b: Clodsire|Clodsire, F|100\/100\n|turn|9\n|\n|t:|1699564487\n|move|p2b: Clodsire|Earthquake|p1a: Sinistcha|[spread] p1a,p1b\n|-immune|p2a: Zapdos\n|-resisted|p1a: Sinistcha\n|-resisted|p1b: Rillaboom\n|-damage|p1a: Sinistcha|89\/100 tox\n|-damage|p1b: Rillaboom|63\/100\n|move|p1a: Sinistcha|Matcha Gotcha|p2a: Zapdos|[spread] p2a,p2b\n|-resisted|p2a: Zapdos\n|-damage|p2a: Zapdos|0 fnt\n|-heal|p1a: Sinistcha|100\/100 tox|[from] drain|[of] p2a: Zapdos\n|-damage|p2b: Clodsire|8\/100\n|-status|p2b: Clodsire|brn\n|faint|p2a: Zapdos\n|move|p1b: Rillaboom|U-turn|p2b: Clodsire\n|-resisted|p2b: Clodsire\n|-damage|p2b: Clodsire|0 fnt\n|faint|p2b: Clodsire\n|\n|win|QEUhfpisudv\n|raw|QEUhfpisudv's rating: 1000 &rarr; <strong>1043<\/strong><br \/>(+43 for winning)\n|raw|Specter1237's rating: 1028 &rarr; <strong>1013<\/strong><br \/>(-15 for losing)\n|c|\u2606Specter1237|gg\n","uploadtime":1699564502,"views":5,"p1id":"qeuhfpisudv","p2id":"specter1237","formatid":"gen9nationaldexdoubles","rating":1013,"private":0,"password":""}