{"id":"gen9nationaldexdoubles-1985344135","p1":"zonibu_","p2":"Dragonite man 2","format":"[Gen 9] National Dex Doubles","log":"|j|\u2606zonibu_\n|j|\u2606Dragonite man 2\n|t:|1699366538\n|gametype|doubles\n|player|p1|zonibu_|2|1003\n|player|p2|Dragonite man 2|pokefan|1105\n|teamsize|p1|6\n|teamsize|p2|6\n|gen|9\n|tier|[Gen 9] National Dex Doubles\n|rated|\n|rule|HP Percentage Mod: HP is shown in percentages\n|rule|Endless Battle Clause: Forcing endless battles is banned\n|rule|OHKO Clause: OHKO moves are banned\n|rule|Evasion Moves Clause: Evasion moves are banned\n|rule|Evasion Abilities Clause: Evasion abilities are banned\n|rule|Species Clause: Limit one of each Pok\u00e9mon\n|rule|Gravity Sleep Clause: The combination of sleep-inducing moves with imperfect accuracy and Gravity or Gigantamax Orbeetle are banned\n|clearpoke\n|poke|p1|Mismagius, F|\n|poke|p1|Gardevoir, F|\n|poke|p1|Tapu Fini|\n|poke|p1|Grimmsnarl, M|\n|poke|p1|Tapu Bulu|\n|poke|p1|Tinkaton, F|\n|poke|p2|Parasect, M|\n|poke|p2|Politoed, F|\n|poke|p2|Pelipper, F|\n|poke|p2|Raichu, F|\n|poke|p2|Heliolisk, M|\n|poke|p2|Tatsugiri, F|\n|teampreview\n|\n|t:|1699366554\n|start\n|switch|p1a: Tinkaton|Tinkaton, F, shiny|100\/100\n|switch|p1b: Grimmsnarl|Grimmsnarl, M, shiny|100\/100\n|switch|p2a: Pelipper|Pelipper, F|100\/100\n|switch|p2b: Parasect|Parasect, M|100\/100\n|-ability|p1a: Tinkaton|Mold Breaker\n|-item|p1a: Tinkaton|Air Balloon\n|-weather|RainDance|[from] ability: Drizzle|[of] p2a: Pelipper\n|turn|1\n|\n|t:|1699366578\n|move|p1b: Grimmsnarl|Light Screen|p1b: Grimmsnarl\n|-sidestart|p1: zonibu_|move: Light Screen\n|move|p1a: Tinkaton|Thunder Wave|p2a: Pelipper\n|-status|p2a: Pelipper|par\n|move|p2b: Parasect|Spore|p1b: Grimmsnarl\n|-status|p1b: Grimmsnarl|slp|[from] move: Spore\n|move|p2a: Pelipper|Surf|p1b: Grimmsnarl|[spread] p1a,p1b\n|-immune|p2b: Parasect|[from] ability: Dry Skin\n|-damage|p1a: Tinkaton|75\/100\n|-damage|p1b: Grimmsnarl|77\/100 slp\n|-enditem|p1a: Tinkaton|Air Balloon\n|\n|-weather|RainDance|[upkeep]\n|upkeep\n|turn|2\n|\n|t:|1699366618\n|move|p2b: Parasect|Protect|p2b: Parasect\n|-singleturn|p2b: Parasect|Protect\n|cant|p1b: Grimmsnarl|slp\n|move|p1a: Tinkaton|Gigaton Hammer|p2a: Pelipper\n|-resisted|p2a: Pelipper\n|-damage|p2a: Pelipper|71\/100 par\n|cant|p2a: Pelipper|par\n|\n|-weather|RainDance|[upkeep]\n|upkeep\n|turn|3\n|\n|t:|1699366639\n|cant|p1b: Grimmsnarl|slp\n|move|p1a: Tinkaton|Encore|p2a: Pelipper\n|-start|p2a: Pelipper|Encore\n|move|p2b: Parasect|Leech Life|p1b: Grimmsnarl\n|-damage|p1b: Grimmsnarl|53\/100 slp\n|cant|p2a: Pelipper|par\n|\n|-weather|RainDance|[upkeep]\n|upkeep\n|turn|4\n|\n|t:|1699366662\n|switch|p2a: Tatsugiri|Tatsugiri, F|100\/100\n|-curestatus|p1b: Grimmsnarl|slp|[msg]\n|move|p1b: Grimmsnarl|Misty Terrain|p1b: Grimmsnarl\n|-fieldstart|move: Misty Terrain\n|move|p1a: Tinkaton|Knock Off|p2a: Tatsugiri\n|-damage|p2a: Tatsugiri|56\/100\n|-enditem|p2a: Tatsugiri|Choice Scarf|[from] move: Knock Off|[of] p1a: Tinkaton\n|move|p2b: Parasect|Spore|p1a: Tinkaton\n|-activate|p1a: Tinkaton|move: Misty Terrain\n|\n|-weather|RainDance|[upkeep]\n|upkeep\n|turn|5\n|\n|t:|1699366707\n|switch|p2b: Politoed|Politoed, F|100\/100\n|move|p1b: Grimmsnarl|Parting Shot|p2a: Tatsugiri\n|-unboost|p2a: Tatsugiri|atk|1\n|-unboost|p2a: Tatsugiri|spa|1\n|\n|t:|1699366716\n|switch|p1b: Tapu Bulu|Tapu Bulu|100\/100|[from] Parting Shot\n|-fieldstart|move: Grassy Terrain|[from] ability: Grassy Surge|[of] p1b: Tapu Bulu\n|move|p1a: Tinkaton|Thunder Wave|p2a: Tatsugiri\n|-status|p2a: Tatsugiri|par\n|move|p2a: Tatsugiri|Surf|p1a: Tinkaton|[spread] p2b,p1a,p1b\n|-resisted|p2b: Politoed\n|-resisted|p1b: Tapu Bulu\n|-damage|p2b: Politoed|84\/100\n|-damage|p1a: Tinkaton|50\/100\n|-damage|p1b: Tapu Bulu|88\/100\n|\n|-weather|RainDance|[upkeep]\n|-heal|p1a: Tinkaton|56\/100|[from] Grassy Terrain\n|-heal|p1b: Tapu Bulu|94\/100|[from] Grassy Terrain\n|-heal|p2b: Politoed|90\/100|[from] Grassy Terrain\n|-heal|p2a: Tatsugiri|62\/100 par|[from] Grassy Terrain\n|upkeep\n|turn|6\n|\n|t:|1699366741\n|move|p1a: Tinkaton|Knock Off|p2b: Politoed\n|-damage|p2b: Politoed|65\/100\n|-enditem|p2b: Politoed|Damp Rock|[from] move: Knock Off|[of] p1a: Tinkaton\n|move|p1b: Tapu Bulu|Horn Leech|p2a: Tatsugiri\n|-damage|p2a: Tatsugiri|0 fnt\n|-heal|p1b: Tapu Bulu|100\/100|[from] drain|[of] p2a: Tatsugiri\n|faint|p2a: Tatsugiri\n|move|p2b: Politoed|Earth Power|p1a: Tinkaton\n|-supereffective|p1a: Tinkaton\n|-damage|p1a: Tinkaton|24\/100\n|\n|-weather|RainDance|[upkeep]\n|-heal|p1a: Tinkaton|30\/100|[from] Grassy Terrain\n|-heal|p2b: Politoed|71\/100|[from] Grassy Terrain\n|upkeep\n|\n|t:|1699366755\n|switch|p2a: Heliolisk|Heliolisk, M|100\/100\n|turn|7\n|\n|t:|1699366772\n|move|p1a: Tinkaton|Gigaton Hammer|p2a: Heliolisk\n|-resisted|p2a: Heliolisk\n|-damage|p2a: Heliolisk|60\/100\n|move|p2a: Heliolisk|Thunder|p1a: Tinkaton\n|-damage|p1a: Tinkaton|1\/100\n|move|p1b: Tapu Bulu|Horn Leech|p2b: Politoed\n|-supereffective|p2b: Politoed\n|-damage|p2b: Politoed|0 fnt\n|faint|p2b: Politoed\n|\n|-weather|RainDance|[upkeep]\n|-heal|p2a: Heliolisk|72\/100|[from] ability: Dry Skin\n|-heal|p1a: Tinkaton|7\/100|[from] Grassy Terrain\n|-heal|p2a: Heliolisk|78\/100|[from] Grassy Terrain\n|upkeep\n|\n|t:|1699366786\n|switch|p2b: Raichu|Raichu, F|100\/100\n|turn|8\n|\n|t:|1699366801\n|switch|p2a: Pelipper|Pelipper, F|71\/100 par\n|move|p2b: Raichu|Fake Out|p1a: Tinkaton\n|-resisted|p1a: Tinkaton\n|-damage|p1a: Tinkaton|2\/100\n|cant|p1a: Tinkaton|flinch\n|-zpower|p1b: Tapu Bulu\n|move|p1b: Tapu Bulu|All-Out Pummeling|p2b: Raichu|[zeffect]\n|-damage|p2b: Raichu|0 fnt\n|faint|p2b: Raichu\n|\n|-weather|none\n|-heal|p1a: Tinkaton|8\/100|[from] Grassy Terrain\n|-sideend|p1: zonibu_|move: Light Screen\n|upkeep\n|\n|t:|1699366816\n|switch|p2b: Heliolisk|Heliolisk, M|78\/100\n|turn|9\n|\n|t:|1699366830\n|move|p1a: Tinkaton|Encore||[still]\n|-fail|p1a: Tinkaton\n|move|p2b: Heliolisk|Hyper Voice|p1a: Tinkaton|[spread] p1a,p1b\n|-resisted|p1a: Tinkaton\n|-damage|p1a: Tinkaton|0 fnt\n|-damage|p1b: Tapu Bulu|73\/100\n|faint|p1a: Tinkaton\n|-enditem|p2b: Heliolisk|Throat Spray\n|-boost|p2b: Heliolisk|spa|1|[from] item: Throat Spray\n|move|p1b: Tapu Bulu|Stone Edge|p2a: Pelipper\n|-supereffective|p2a: Pelipper\n|-damage|p2a: Pelipper|0 fnt\n|faint|p2a: Pelipper\n|\n|-heal|p2b: Heliolisk|84\/100|[from] Grassy Terrain\n|-heal|p1b: Tapu Bulu|79\/100|[from] Grassy Terrain\n|-fieldend|move: Grassy Terrain\n|upkeep\n|\n|t:|1699366848\n|switch|p1a: Gardevoir|Gardevoir, F, shiny|100\/100\n|switch|p2a: Parasect|Parasect, M|100\/100\n|-ability|p1a: Gardevoir|Dry Skin|[from] ability: Trace|[of] p2a: Parasect\n|turn|10\n|\n|t:|1699366860\n|detailschange|p1a: Gardevoir|Gardevoir-Mega, F, shiny\n|-mega|p1a: Gardevoir|Gardevoir|Gardevoirite\n|move|p1a: Gardevoir|Mystical Fire|p2a: Parasect\n|-supereffective|p2a: Parasect\n|-damage|p2a: Parasect|0 fnt\n|faint|p2a: Parasect\n|move|p2b: Heliolisk|Thunder|p1a: Gardevoir\n|-damage|p1a: Gardevoir|32\/100\n|-status|p1a: Gardevoir|par\n|move|p1b: Tapu Bulu|Swords Dance|p1b: Tapu Bulu\n|-boost|p1b: Tapu Bulu|atk|2\n|\n|upkeep\n|turn|11\n|\n|t:|1699366880\n|move|p2b: Heliolisk|Hyper Voice|p1b: Tapu Bulu|[spread] p1a,p1b\n|-damage|p1a: Gardevoir|0 fnt\n|-damage|p1b: Tapu Bulu|39\/100\n|faint|p1a: Gardevoir\n|move|p1b: Tapu Bulu|Close Combat|p2b: Heliolisk\n|-supereffective|p2b: Heliolisk\n|-damage|p2b: Heliolisk|0 fnt\n|-unboost|p1b: Tapu Bulu|def|1\n|-unboost|p1b: Tapu Bulu|spd|1\n|faint|p2b: Heliolisk\n|\n|win|zonibu_\n|raw|zonibu_'s rating: 1003 &rarr; <strong>1054<\/strong><br \/>(+51 for winning)\n|raw|Dragonite man 2's rating: 1105 &rarr; <strong>1073<\/strong><br \/>(-32 for losing)\n|l|\u2606Dragonite man 2\n","uploadtime":1699366896,"views":10,"p1id":"zonibu","p2id":"dragoniteman2","formatid":"gen9nationaldexdoubles","rating":1054,"private":0,"password":""}