{"id":"gen9nationaldexdoubles-1967562653","p1":"830r","p2":"chumlee's pawnshop","format":"[Gen 9] National Dex Doubles","log":"|j|\u2606830r\n|j|\u2606chumlee's pawnshop\n|t:|1697313944\n|gametype|doubles\n|player|p1|830r|veteran|1124\n|player|p2|chumlee's pawnshop|policeman-gen4|1066\n|teamsize|p1|6\n|teamsize|p2|6\n|gen|9\n|tier|[Gen 9] National Dex Doubles\n|rated|\n|rule|HP Percentage Mod: HP is shown in percentages\n|rule|Endless Battle Clause: Forcing endless battles is banned\n|rule|OHKO Clause: OHKO moves are banned\n|rule|Evasion Moves Clause: Evasion moves are banned\n|rule|Evasion Abilities Clause: Evasion abilities are banned\n|rule|Species Clause: Limit one of each Pok\u00e9mon\n|rule|Gravity Sleep Clause: The combination of sleep-inducing moves with imperfect accuracy and Gravity or Gigantamax Orbeetle are banned\n|clearpoke\n|poke|p1|Gholdengo|\n|poke|p1|Ninetales-Alola, M|\n|poke|p1|Armarouge, F|\n|poke|p1|Farigiraf, F|\n|poke|p1|Scizor, F|\n|poke|p1|Amoonguss, M|\n|poke|p2|Rampardos, F|\n|poke|p2|Swoobat, M|\n|poke|p2|Slowbro-Galar, F|\n|poke|p2|Darmanitan, F|\n|poke|p2|Tangela, F|\n|poke|p2|Golisopod, F|\n|teampreview\n|inactive|Battle timer is ON: inactive players will automatically lose when time's up. (requested by 830r)\n|\n|t:|1697313961\n|start\n|switch|p1a: Ninetales|Ninetales-Alola, M, shiny|100\/100\n|switch|p1b: Farigiraf|Farigiraf, F|100\/100\n|switch|p2a: Rampardos|Rampardos, F|100\/100\n|switch|p2b: Swoobat|Swoobat, M|100\/100\n|-weather|Snow|[from] ability: Snow Warning|[of] p1a: Ninetales\n|turn|1\n|\n|t:|1697313973\n|move|p2a: Rampardos|Endure|p2a: Rampardos\n|-singleturn|p2a: Rampardos|move: Endure\n|move|p2b: Swoobat|Speed Swap|p2a: Rampardos\n|-activate|p2b: Swoobat|move: Speed Swap|[of] p2a: Rampardos\n|move|p1a: Ninetales|Aurora Veil|p1a: Ninetales\n|-sidestart|p1: 830r|move: Aurora Veil\n|move|p1b: Farigiraf|Energy Ball|p2a: Rampardos\n|-supereffective|p2a: Rampardos\n|-activate|p2a: Rampardos|move: Endure\n|-damage|p2a: Rampardos|1\/100\n|-enditem|p2a: Rampardos|Salac Berry|[eat]\n|-boost|p2a: Rampardos|spe|1|[from] item: Salac Berry\n|\n|-weather|Snow|[upkeep]\n|upkeep\n|turn|2\n|\n|t:|1697313992\n|move|p2b: Swoobat|Ally Switch|p2b: Swoobat\n|swap|p2b: Swoobat|0|[from] move: Ally Switch\n|move|p2b: Rampardos|Earthquake|p1a: Ninetales|[spread] p1a,p1b\n|-immune|p2a: Swoobat\n|-damage|p1a: Ninetales|79\/100\n|-damage|p1b: Farigiraf|78\/100\n|move|p1a: Ninetales|Blizzard|p2a: Swoobat|[spread] p2a,p2b\n|-supereffective|p2a: Swoobat\n|-enditem|p2a: Swoobat|Focus Sash\n|-damage|p2a: Swoobat|1\/100\n|-damage|p2b: Rampardos|0 fnt\n|-status|p2a: Swoobat|frz\n|faint|p2b: Rampardos\n|move|p1b: Farigiraf|Dazzling Gleam|p2a: Swoobat\n|-damage|p2a: Swoobat|0 fnt\n|faint|p2a: Swoobat\n|\n|-weather|Snow|[upkeep]\n|upkeep\n|inactive|chumlee's pawnshop has 120 seconds left.\n|\n|t:|1697314024\n|switch|p2a: Darmanitan|Darmanitan, F|100\/100\n|switch|p2b: Golisopod|Golisopod, F|100\/100\n|turn|3\n|\n|t:|1697314041\n|switch|p1a: Armarouge|Armarouge, F|100\/100\n|move|p2a: Darmanitan|Flare Blitz|p1a: Armarouge\n|-start|p1a: Armarouge|ability: Flash Fire\n|move|p1b: Farigiraf|Hyper Voice|p2b: Golisopod|[spread] p2a,p2b\n|-damage|p2a: Darmanitan|48\/100\n|-damage|p2b: Golisopod|78\/100\n|move|p2b: Golisopod|Iron Head|p1a: Armarouge\n|-resisted|p1a: Armarouge\n|-damage|p1a: Armarouge|93\/100\n|\n|-weather|Snow|[upkeep]\n|upkeep\n|turn|4\n|\n|t:|1697314066\n|-terastallize|p1b: Farigiraf|Normal\n|move|p2b: Golisopod|Aqua Jet|p1a: Armarouge\n|-supereffective|p1a: Armarouge\n|-damage|p1a: Armarouge|68\/100\n|move|p2a: Darmanitan|Flare Blitz|p1b: Farigiraf\n|-damage|p1b: Farigiraf|16\/100\n|-enditem|p1b: Farigiraf|Iapapa Berry|[eat]\n|-heal|p1b: Farigiraf|50\/100|[from] item: Iapapa Berry\n|-damage|p2a: Darmanitan|22\/100|[from] Recoil\n|move|p1a: Armarouge|Armor Cannon|p2b: Golisopod\n|-damage|p2b: Golisopod|11\/100\n|-unboost|p1a: Armarouge|def|1\n|-unboost|p1a: Armarouge|spd|1\n|-enditem|p1a: Armarouge|Eject Pack\n|-activate|p2b: Golisopod|ability: Emergency Exit\n|\n|t:|1697314082\n|switch|p2b: Slowbro|Slowbro-Galar, F|100\/100\n|move|p1b: Farigiraf|Hyper Voice|p2b: Slowbro|[spread] p2a,p2b\n|-damage|p2a: Darmanitan|0 fnt\n|-damage|p2b: Slowbro|52\/100\n|faint|p2a: Darmanitan\n|\n|-weather|Snow|[upkeep]\n|upkeep\n|\n|t:|1697314089\n|switch|p2a: Golisopod|Golisopod, F|11\/100\n|turn|5\n|-activate|p2b: Slowbro|ability: Quick Draw\n|\n|t:|1697314118\n|move|p2b: Slowbro|Flamethrower|p1b: Farigiraf\n|-damage|p1b: Farigiraf|32\/100\n|move|p1a: Armarouge|Heat Wave|p2b: Slowbro|[spread] p2a,p2b\n|-damage|p2a: Golisopod|0 fnt\n|-damage|p2b: Slowbro|0 fnt\n|faint|p2a: Golisopod\n|faint|p2b: Slowbro\n|move|p1b: Farigiraf|Dazzling Gleam|p2: Golisopod|[notarget]\n|-fail|p1b: Farigiraf\n|\n|-weather|none\n|-activate|p1b: Farigiraf|ability: Cud Chew\n|-enditem|p1b: Farigiraf|Iapapa Berry|[eat]\n|-heal|p1b: Farigiraf|65\/100|[from] item: Iapapa Berry\n|upkeep\n|inactive|chumlee's pawnshop has 120 seconds left.\n|\n|t:|1697314134\n|switch|p2b: Tangela|Tangela, F|100\/100\n|turn|6\n|\n|t:|1697314140\n|move|p1a: Armarouge|Armor Cannon|p2b: Tangela\n|-supereffective|p2b: Tangela\n|-damage|p2b: Tangela|0 fnt\n|-unboost|p1a: Armarouge|def|1\n|-unboost|p1a: Armarouge|spd|1\n|faint|p2b: Tangela\n|\n|win|830r\n|raw|830r's rating: 1124 &rarr; <strong>1145<\/strong><br \/>(+21 for winning)\n|raw|chumlee&apos;s pawnshop's rating: 1066 &rarr; <strong>1049<\/strong><br \/>(-17 for losing)\n|l|\u2606chumlee's pawnshop\n|c|\u2606830r|Gg\n","uploadtime":1697314253,"views":7,"p1id":"830r","p2id":"chumleespawnshop","formatid":"gen9nationaldexdoubles","rating":1049,"private":0,"password":""}