{"id":"gen9nationaldexdoubles-1998681195","p1":"DoujinCollector","p2":"Mivioshi","format":"[Gen 9] National Dex Doubles","log":"|j|\u2606DoujinCollector\n|j|\u2606Mivioshi\n|t:|1700971729\n|gametype|doubles\n|player|p1|DoujinCollector|workerf-gen8|\n|player|p2|Mivioshi|n|\n|teamsize|p1|6\n|teamsize|p2|6\n|gen|9\n|tier|[Gen 9] National Dex Doubles\n|rule|HP Percentage Mod: HP is shown in percentages\n|rule|Endless Battle Clause: Forcing endless battles is banned\n|rule|OHKO Clause: OHKO moves are banned\n|rule|Evasion Moves Clause: Evasion moves are banned\n|rule|Evasion Abilities Clause: Evasion abilities are banned\n|rule|Species Clause: Limit one of each Pok\u00e9mon\n|rule|Gravity Sleep Clause: The combination of sleep-inducing moves with imperfect accuracy and Gravity or Gigantamax Orbeetle are banned\n|clearpoke\n|poke|p1|Tornadus-Therian, M|\n|poke|p1|Oricorio-Sensu, M|\n|poke|p1|Hoopa-Unbound|\n|poke|p1|Ninetales-Alola, M|\n|poke|p1|Dipplin, F|\n|poke|p1|Iron Hands|\n|poke|p2|Iron Hands|\n|poke|p2|Amoonguss, M|\n|poke|p2|Meowscarada, F|\n|poke|p2|Sinistcha-Masterpiece|\n|poke|p2|Skeledirge, M|\n|poke|p2|Tornadus-Therian, M|\n|teampreview\n|inactive|Battle timer is ON: inactive players will automatically lose when time's up. (requested by Mivioshi)\n|inactive|Mivioshi has 270 seconds left.\n|\n|t:|1700971762\n|start\n|switch|p1a: Oricorio|Oricorio-Sensu, M|100\/100\n|switch|p1b: Hoopa|Hoopa-Unbound|100\/100\n|switch|p2a: Goonguss|Amoonguss, M|100\/100\n|switch|p2b: Instigator|Tornadus-Therian, M|100\/100\n|turn|1\n|\n|t:|1700971790\n|-terastallize|p1a: Oricorio|Ice\n|move|p2b: Instigator|Tailwind|p2b: Instigator\n|-sidestart|p2: Mivioshi|move: Tailwind\n|move|p1a: Oricorio|Quiver Dance|p1a: Oricorio\n|-boost|p1a: Oricorio|spa|1\n|-boost|p1a: Oricorio|spd|1\n|-boost|p1a: Oricorio|spe|1\n|move|p1b: Hoopa|Skill Swap|p1a: Oricorio\n|-activate|p1b: Hoopa|move: Skill Swap|||[of] p1a: Oricorio\n|move|p2a: Goonguss|Spore|p1b: Hoopa\n|-status|p1b: Hoopa|slp|[from] move: Spore\n|\n|upkeep\n|turn|2\n|\n|t:|1700971812\n|move|p2b: Instigator|Fling|p1a: Oricorio\n|-damage|p1a: Oricorio|82\/100\n|-status|p1a: Oricorio|psn\n|-enditem|p2b: Instigator|Poison Barb|[from] move: Fling\n|move|p1a: Oricorio|Quiver Dance|p1a: Oricorio\n|-boost|p1a: Oricorio|spa|1\n|-boost|p1a: Oricorio|spd|1\n|-boost|p1a: Oricorio|spe|1\n|-activate|p1b: Hoopa|ability: Dancer\n|cant|p1b: Hoopa|slp\n|cant|p1b: Hoopa|slp\n|move|p2a: Goonguss|Ingrain|p2a: Goonguss\n|-start|p2a: Goonguss|move: Ingrain\n|\n|-damage|p1a: Oricorio|70\/100 psn|[from] psn\n|upkeep\n|turn|3\n|inactive|DoujinCollector has 270 seconds left.\n|\n|t:|1700971847\n|move|p2b: Instigator|U-turn|p1b: Hoopa\n|-supereffective|p1b: Hoopa\n|-damage|p1b: Hoopa|24\/100 slp\n|\n|t:|1700971855\n|switch|p2b: Iron Fade|Iron Hands|100\/100|[from] U-turn\n|-enditem|p2b: Iron Fade|Booster Energy\n|-activate|p2b: Iron Fade|ability: Quark Drive|[fromitem]\n|-start|p2b: Iron Fade|quarkdriveatk\n|move|p1a: Oricorio|Revelation Dance|p2b: Iron Fade\n|-damage|p2b: Iron Fade|45\/100\n|-activate|p1b: Hoopa|ability: Dancer\n|cant|p1b: Hoopa|slp\n|-curestatus|p1b: Hoopa|slp|[msg]\n|move|p1b: Hoopa|Hyperspace Fury|p2b: Iron Fade\n|-resisted|p2b: Iron Fade\n|-damage|p2b: Iron Fade|29\/100\n|-unboost|p1b: Hoopa|def|1\n|move|p2a: Goonguss|Giga Drain|p1b: Hoopa\n|-damage|p1b: Hoopa|5\/100\n|\n|-heal|p1b: Hoopa|11\/100|[from] item: Leftovers\n|-damage|p1a: Oricorio|57\/100 psn|[from] psn\n|upkeep\n|turn|4\n|inactive|DoujinCollector has 270 seconds left.\n|\n|t:|1700971904\n|move|p2a: Goonguss|Rage Powder|p2a: Goonguss\n|-singleturn|p2a: Goonguss|move: Rage Powder\n|move|p1a: Oricorio|Revelation Dance|p2a: Goonguss\n|-supereffective|p2a: Goonguss\n|-damage|p2a: Goonguss|18\/100\n|-activate|p1b: Hoopa|ability: Dancer\n|move|p1b: Hoopa|Revelation Dance|p2a: Goonguss|[from]ability: Dancer\n|-supereffective|p2a: Goonguss\n|-damage|p2a: Goonguss|0 fnt\n|faint|p2a: Goonguss\n|move|p2b: Iron Fade|Fire Punch|p1a: Oricorio\n|-supereffective|p1a: Oricorio\n|-damage|p1a: Oricorio|0 fnt\n|faint|p1a: Oricorio\n|move|p1b: Hoopa|Drain Punch|p2b: Iron Fade\n|-damage|p2b: Iron Fade|13\/100\n|-heal|p1b: Hoopa|22\/100|[from] drain|[of] p2b: Iron Fade\n|\n|-heal|p1b: Hoopa|28\/100|[from] item: Leftovers\n|-sideend|p2: Mivioshi|move: Tailwind\n|upkeep\n|inactive|DoujinCollector has 270 seconds left.\n|\n|t:|1700971931\n|switch|p1a: Tornadus|Tornadus-Therian, M|100\/100\n|switch|p2a: Instigator|Tornadus-Therian, M|100\/100\n|turn|5\n|inactive|DoujinCollector has 270 seconds left.\n|\n|t:|1700971948\n|move|p2a: Instigator|Tailwind|p2a: Instigator\n|-sidestart|p2: Mivioshi|move: Tailwind\n|move|p1a: Tornadus|Icy Wind|p2a: Instigator|[spread] p2a,p2b\n|-supereffective|p2a: Instigator\n|-damage|p2a: Instigator|74\/100\n|-damage|p2b: Iron Fade|2\/100\n|-unboost|p2a: Instigator|spe|1\n|-unboost|p2b: Iron Fade|spe|1\n|move|p1b: Hoopa|Hyperspace Fury|p2a: Instigator\n|-damage|p2a: Instigator|0 fnt\n|-unboost|p1b: Hoopa|def|1\n|faint|p2a: Instigator\n|move|p2b: Iron Fade|Thunder Punch|p1a: Tornadus\n|-supereffective|p1a: Tornadus\n|-damage|p1a: Tornadus|6\/100\n|\n|-heal|p1a: Tornadus|12\/100|[from] item: Leftovers\n|-heal|p1b: Hoopa|34\/100|[from] item: Leftovers\n|upkeep\n|inactive|Mivioshi has 270 seconds left.\n|\n|t:|1700971970\n|switch|p2a: Opp Spottah|Meowscarada, F|100\/100\n|turn|6\n|\n|t:|1700971984\n|move|p2a: Opp Spottah|U-turn|p1a: Tornadus\n|-start|p2a: Opp Spottah|typechange|Bug|[from] ability: Protean\n|-resisted|p1a: Tornadus\n|-damage|p1a: Tornadus|0 fnt\n|faint|p1a: Tornadus\n|\n|t:|1700971990\n|switch|p2a: Skeledirge|Skeledirge, M|100\/100|[from] U-turn\n|move|p1b: Hoopa|Drain Punch|p2a: Skeledirge\n|-immune|p2a: Skeledirge\n|move|p2b: Iron Fade|Thunder Punch|p1b: Hoopa\n|-damage|p1b: Hoopa|0 fnt\n|faint|p1b: Hoopa\n|\n|upkeep\n|\n|t:|1700972006\n|switch|p1a: Iron Hands|Iron Hands|100\/100\n|switch|p1b: Ninetales|Ninetales-Alola, M|100\/100\n|-weather|Snow|[from] ability: Snow Warning|[of] p1b: Ninetales\n|turn|7\n|\n|t:|1700972018\n|move|p1b: Ninetales|Aurora Veil|p1b: Ninetales\n|-sidestart|p1: DoujinCollector|move: Aurora Veil\n|move|p2a: Skeledirge|Torch Song|p1b: Ninetales\n|-supereffective|p1b: Ninetales\n|-damage|p1b: Ninetales|32\/100\n|-boost|p2a: Skeledirge|spa|1\n|move|p2b: Iron Fade|Fire Punch|p1b: Ninetales\n|-supereffective|p1b: Ninetales\n|-damage|p1b: Ninetales|0 fnt\n|faint|p1b: Ninetales\n|move|p1a: Iron Hands|Rock Slide|p2a: Skeledirge|[spread] p2a,p2b\n|-supereffective|p2a: Skeledirge\n|-resisted|p2b: Iron Fade\n|-damage|p2a: Skeledirge|70\/100\n|-damage|p2b: Iron Fade|0 fnt\n|faint|p2b: Iron Fade\n|-end|p2b: Iron Fade|Quark Drive|[silent]\n|\n|-weather|Snow|[upkeep]\n|upkeep\n|inactive|DoujinCollector has 270 seconds left.\n|\n|t:|1700972051\n|switch|p1b: Dipplin|Dipplin, F|100\/100\n|switch|p2b: Arizona Tea|Sinistcha-Masterpiece|100\/100\n|-heal|p2a: Skeledirge|95\/100|[from] ability: Hospitality|[of] p2b: Arizona Tea\n|-ability|p1b: Dipplin|Supersweet Syrup\n|-ability|p1b: Dipplin|Supersweet Syrup|boost\n|-unboost|p2a: Skeledirge|evasion|1\n|-unboost|p2b: Arizona Tea|evasion|1\n|turn|8\n|\n|t:|1700972074\n|move|p2b: Arizona Tea|Scald|p1b: Dipplin\n|-resisted|p1b: Dipplin\n|-damage|p1b: Dipplin|96\/100\n|move|p2a: Skeledirge|Earth Power|p1a: Iron Hands\n|-supereffective|p1a: Iron Hands\n|-damage|p1a: Iron Hands|75\/100\n|move|p1a: Iron Hands|Rock Slide|p2a: Skeledirge|[spread] p2a,p2b\n|-supereffective|p2a: Skeledirge\n|-damage|p2a: Skeledirge|64\/100\n|-damage|p2b: Arizona Tea|89\/100\n|move|p1b: Dipplin|Dragon Pulse|p2a: Skeledirge\n|-damage|p2a: Skeledirge|34\/100\n|\n|-weather|Snow|[upkeep]\n|-heal|p1b: Dipplin|100\/100|[from] item: Leftovers\n|-sideend|p2: Mivioshi|move: Tailwind\n|upkeep\n|turn|9\n|\n|t:|1700972101\n|move|p2b: Arizona Tea|Matcha Gotcha|p1a: Iron Hands|[spread] p1a,p1b\n|-resisted|p1b: Dipplin\n|-damage|p1a: Iron Hands|67\/100\n|-heal|p2b: Arizona Tea|95\/100|[from] drain|[of] p1a: Iron Hands\n|-damage|p1b: Dipplin|96\/100\n|-heal|p2b: Arizona Tea|97\/100|[from] drain|[of] p1b: Dipplin\n|move|p2a: Skeledirge|Earth Power|p1a: Iron Hands\n|-supereffective|p1a: Iron Hands\n|-damage|p1a: Iron Hands|39\/100\n|-unboost|p1a: Iron Hands|spd|1\n|move|p1a: Iron Hands|Rock Slide|p2a: Skeledirge|[spread] p2a,p2b\n|-supereffective|p2a: Skeledirge\n|-damage|p2a: Skeledirge|7\/100\n|-damage|p2b: Arizona Tea|85\/100\n|move|p1b: Dipplin|Dragon Pulse|p2a: Skeledirge\n|-damage|p2a: Skeledirge|0 fnt\n|faint|p2a: Skeledirge\n|\n|-weather|Snow|[upkeep]\n|-heal|p1b: Dipplin|100\/100|[from] item: Leftovers\n|upkeep\n|inactive|Mivioshi has 270 seconds left.\n|\n|t:|1700972121\n|switch|p2a: Opp Spottah|Meowscarada, F|100\/100\n|turn|10\n|inactive|Mivioshi has 270 seconds left.\n|\n|t:|1700972149\n|-terastallize|p2a: Opp Spottah|Ground\n|move|p2a: Opp Spottah|Play Rough|p1a: Iron Hands|[miss]\n|-miss|p2a: Opp Spottah|p1a: Iron Hands\n|move|p2b: Arizona Tea|Scald|p1b: Dipplin\n|-resisted|p1b: Dipplin\n|-damage|p1b: Dipplin|96\/100\n|move|p1a: Iron Hands|Drain Punch|p2a: Opp Spottah\n|-damage|p2a: Opp Spottah|48\/100\n|-heal|p1a: Iron Hands|54\/100|[from] drain|[of] p2a: Opp Spottah\n|move|p1b: Dipplin|Infestation|p2a: Opp Spottah\n|-damage|p2a: Opp Spottah|38\/100\n|-activate|p2a: Opp Spottah|move: Infestation|[of] p1b: Dipplin\n|\n|-weather|Snow|[upkeep]\n|-heal|p1b: Dipplin|100\/100|[from] item: Leftovers\n|-damage|p2a: Opp Spottah|26\/100|[from] move: Infestation|[partiallytrapped]\n|upkeep\n|turn|11\n|\n|t:|1700972173\n|move|p2a: Opp Spottah|Play Rough|p1a: Iron Hands\n|-supereffective|p1a: Iron Hands\n|-damage|p1a: Iron Hands|32\/100\n|move|p2b: Arizona Tea|Scald|p1b: Dipplin\n|-resisted|p1b: Dipplin\n|-damage|p1b: Dipplin|97\/100\n|move|p1a: Iron Hands|Drain Punch|p2a: Opp Spottah\n|-damage|p2a: Opp Spottah|0 fnt\n|-heal|p1a: Iron Hands|40\/100|[from] drain|[of] p2a: Opp Spottah\n|faint|p2a: Opp Spottah\n|move|p1b: Dipplin|Infestation|p2b: Arizona Tea\n|-damage|p2b: Arizona Tea|77\/100\n|-activate|p2b: Arizona Tea|move: Infestation|[of] p1b: Dipplin\n|\n|-weather|none\n|-heal|p1b: Dipplin|100\/100|[from] item: Leftovers\n|-damage|p2b: Arizona Tea|65\/100|[from] move: Infestation|[partiallytrapped]\n|upkeep\n|turn|12\n|\n|t:|1700972192\n|move|p2b: Arizona Tea|Strength Sap|p1a: Iron Hands\n|-unboost|p1a: Iron Hands|atk|1\n|-heal|p2b: Arizona Tea|100\/100\n|move|p1a: Iron Hands|Drain Punch|p2b: Arizona Tea\n|-immune|p2b: Arizona Tea\n|move|p1b: Dipplin|Pollen Puff|p1a: Iron Hands\n|-heal|p1a: Iron Hands|90\/100\n|\n|-damage|p2b: Arizona Tea|88\/100|[from] move: Infestation|[partiallytrapped]\n|upkeep\n|turn|13\n|\n|t:|1700972208\n|move|p2b: Arizona Tea|Scald|p1a: Iron Hands\n|-damage|p1a: Iron Hands|80\/100\n|-status|p1a: Iron Hands|brn\n|move|p1a: Iron Hands|Rock Slide|p2b: Arizona Tea\n|-damage|p2b: Arizona Tea|83\/100\n|move|p1b: Dipplin|Dragon Pulse|p2b: Arizona Tea\n|-damage|p2b: Arizona Tea|35\/100\n|\n|-damage|p1a: Iron Hands|74\/100 brn|[from] brn\n|-damage|p2b: Arizona Tea|23\/100|[from] move: Infestation|[partiallytrapped]\n|upkeep\n|turn|14\n|\n|t:|1700972227\n|move|p2b: Arizona Tea|Strength Sap|p1a: Iron Hands\n|-unboost|p1a: Iron Hands|atk|1\n|-heal|p2b: Arizona Tea|84\/100\n|move|p1a: Iron Hands|Rock Slide|p2b: Arizona Tea\n|-damage|p2b: Arizona Tea|80\/100\n|move|p1b: Dipplin|Dragon Pulse|p2b: Arizona Tea\n|-damage|p2b: Arizona Tea|34\/100\n|\n|-damage|p1a: Iron Hands|68\/100 brn|[from] brn\n|-damage|p2b: Arizona Tea|22\/100|[from] move: Infestation|[partiallytrapped]\n|-sideend|p1: DoujinCollector|move: Aurora Veil\n|upkeep\n|turn|15\n|\n|t:|1700972242\n|move|p2b: Arizona Tea|Strength Sap|p1b: Dipplin\n|-unboost|p1b: Dipplin|atk|1\n|-heal|p2b: Arizona Tea|65\/100\n|move|p1a: Iron Hands|Rock Slide|p2b: Arizona Tea\n|-damage|p2b: Arizona Tea|61\/100\n|move|p1b: Dipplin|Dragon Pulse|p2b: Arizona Tea\n|-damage|p2b: Arizona Tea|14\/100\n|\n|-damage|p1a: Iron Hands|62\/100 brn|[from] brn\n|-damage|p2b: Arizona Tea|2\/100|[from] move: Infestation|[partiallytrapped]\n|upkeep\n|turn|16\n|\n|t:|1700972258\n|move|p2b: Arizona Tea|Protect|p2b: Arizona Tea\n|-singleturn|p2b: Arizona Tea|Protect\n|move|p1a: Iron Hands|Rock Slide|p2b: Arizona Tea\n|-activate|p2b: Arizona Tea|move: Protect\n|move|p1b: Dipplin|Dragon Pulse|p2b: Arizona Tea\n|-activate|p2b: Arizona Tea|move: Protect\n|\n|-damage|p1a: Iron Hands|55\/100 brn|[from] brn\n|-end|p2b: Arizona Tea|Infestation|[partiallytrapped]\n|upkeep\n|turn|17\n|\n|t:|1700972270\n|move|p2b: Arizona Tea|Strength Sap|p1a: Iron Hands\n|-unboost|p1a: Iron Hands|atk|1\n|-heal|p2b: Arizona Tea|48\/100\n|move|p1a: Iron Hands|Rock Slide|p2b: Arizona Tea\n|-crit|p2b: Arizona Tea\n|-damage|p2b: Arizona Tea|36\/100\n|move|p1b: Dipplin|Dragon Pulse|p2b: Arizona Tea\n|-damage|p2b: Arizona Tea|0 fnt\n|faint|p2b: Arizona Tea\n|\n|win|DoujinCollector\n","uploadtime":1700972278,"views":5,"p1id":"doujincollector","p2id":"mivioshi","formatid":"gen9nationaldexdoubles","rating":0,"private":0,"password":""}