{"id":"gen9nationaldexdoubles-1970448123","p1":"CoffeeDrummer","p2":"snowgust","format":"[Gen 9] National Dex Doubles","log":"|j|\u2606CoffeeDrummer\n|j|\u2606snowgust\n|t:|1697639796\n|gametype|doubles\n|player|p1|CoffeeDrummer|bugcatcher-gen4dp|1047\n|player|p2|snowgust|1|1212\n|teamsize|p1|6\n|teamsize|p2|6\n|gen|9\n|tier|[Gen 9] National Dex Doubles\n|rated|\n|rule|HP Percentage Mod: HP is shown in percentages\n|rule|Endless Battle Clause: Forcing endless battles is banned\n|rule|OHKO Clause: OHKO moves are banned\n|rule|Evasion Moves Clause: Evasion moves are banned\n|rule|Evasion Abilities Clause: Evasion abilities are banned\n|rule|Species Clause: Limit one of each Pok\u00e9mon\n|rule|Gravity Sleep Clause: The combination of sleep-inducing moves with imperfect accuracy and Gravity or Gigantamax Orbeetle are banned\n|clearpoke\n|poke|p1|Golisopod, M|\n|poke|p1|Araquanid, F|\n|poke|p1|Ribombee, F|\n|poke|p1|Volcarona, F|\n|poke|p1|Illumise, F|\n|poke|p1|Masquerain, M|\n|poke|p2|Dunsparce, F|\n|poke|p2|Dudunsparce-*, M|\n|poke|p2|Roaring Moon|\n|poke|p2|Sableye, F|\n|poke|p2|Blissey, F|\n|poke|p2|Dragonite, M|\n|teampreview\n|\n|t:|1697639817\n|start\n|switch|p1a: Illumise|Illumise, F|100\/100\n|switch|p1b: Tectass|Golisopod, M|100\/100\n|switch|p2a: Dunsparce|Dunsparce, F|100\/100\n|switch|p2b: Sableye|Sableye, F|100\/100\n|turn|1\n|\n|t:|1697639834\n|move|p1a: Illumise|Tailwind|p1a: Illumise\n|-sidestart|p1: CoffeeDrummer|move: Tailwind\n|move|p2b: Sableye|Thunder Wave|p1b: Tectass\n|-status|p1b: Tectass|par\n|move|p2a: Dunsparce|Rock Slide|p1b: Tectass|[spread] p1a,p1b\n|-supereffective|p1a: Illumise\n|-supereffective|p1b: Tectass\n|-damage|p1a: Illumise|70\/100\n|-damage|p1b: Tectass|79\/100 par\n|cant|p1b: Tectass|flinch\n|\n|upkeep\n|turn|2\n|\n|t:|1697639859\n|switch|p1a: Masquerain|Masquerain, M|100\/100\n|-ability|p1a: Masquerain|Intimidate|boost\n|-unboost|p2a: Dunsparce|atk|1\n|-unboost|p2b: Sableye|atk|1\n|move|p2b: Sableye|Thunder Wave|p1a: Masquerain\n|-status|p1a: Masquerain|par\n|move|p2a: Dunsparce|Rock Slide|p1b: Tectass|[spread] p1a\n|-miss|p2a: Dunsparce|p1b: Tectass\n|-supereffective|p1a: Masquerain\n|-damage|p1a: Masquerain|46\/100 par\n|move|p1b: Tectass|Close Combat|p2a: Dunsparce\n|-supereffective|p2a: Dunsparce\n|-damage|p2a: Dunsparce|0 fnt\n|-unboost|p1b: Tectass|def|1\n|-unboost|p1b: Tectass|spd|1\n|faint|p2a: Dunsparce\n|\n|upkeep\n|\n|t:|1697639873\n|switch|p2a: Dudunsparce|Dudunsparce, M|100\/100\n|turn|3\n|\n|t:|1697639891\n|switch|p1b: Aranestro|Araquanid, F|100\/100\n|move|p2b: Sableye|Gravity|p2b: Sableye\n|-fieldstart|move: Gravity\n|move|p1a: Masquerain|U-turn|p2b: Sableye\n|-damage|p2b: Sableye|85\/100\n|\n|t:|1697639899\n|switch|p1a: Illumise|Illumise, F|70\/100|[from] U-turn\n|move|p2a: Dudunsparce|Rock Slide|p1b: Aranestro|[spread] p1a,p1b\n|-supereffective|p1a: Illumise\n|-supereffective|p1b: Aranestro\n|-damage|p1a: Illumise|30\/100\n|-damage|p1b: Aranestro|49\/100\n|\n|-heal|p2b: Sableye|91\/100|[from] item: Leftovers\n|upkeep\n|turn|4\n|\n|t:|1697639930\n|-terastallize|p1b: Aranestro|Grass\n|move|p1a: Illumise|Encore|p2b: Sableye\n|-hint|Since gen 7, Dark is immune to Prankster moves.\n|-immune|p2b: Sableye\n|move|p2b: Sableye|Thunder Wave|p1b: Aranestro\n|-status|p1b: Aranestro|par\n|move|p2a: Dudunsparce|Rock Slide|p1b: Aranestro|[spread] p1a,p1b\n|-supereffective|p1a: Illumise\n|-damage|p1a: Illumise|0 fnt\n|-damage|p1b: Aranestro|27\/100 par\n|faint|p1a: Illumise\n|cant|p1b: Aranestro|flinch\n|\n|-heal|p2b: Sableye|97\/100|[from] item: Leftovers\n|-sideend|p1: CoffeeDrummer|move: Tailwind\n|upkeep\n|\n|t:|1697639941\n|switch|p1a: Masquerain|Masquerain, M|46\/100 par\n|-ability|p1a: Masquerain|Intimidate|boost\n|-unboost|p2a: Dudunsparce|atk|1\n|-unboost|p2b: Sableye|atk|1\n|turn|5\n|\n|t:|1697639950\n|move|p2b: Sableye|Confuse Ray|p1b: Aranestro\n|-start|p1b: Aranestro|confusion\n|move|p2a: Dudunsparce|Rock Slide|p1a: Masquerain|[spread] p1a,p1b\n|-supereffective|p1a: Masquerain\n|-damage|p1a: Masquerain|0 fnt\n|-damage|p1b: Aranestro|13\/100 par\n|faint|p1a: Masquerain\n|-activate|p1b: Aranestro|confusion\n|-damage|p1b: Aranestro|6\/100 par|[from] confusion\n|\n|-heal|p2b: Sableye|100\/100|[from] item: Leftovers\n|upkeep\n|-message|CoffeeDrummer forfeited.\n|\n|win|snowgust\n|raw|CoffeeDrummer's rating: 1047 &rarr; <strong>1037<\/strong><br \/>(-10 for losing)\n|raw|snowgust's rating: 1212 &rarr; <strong>1226<\/strong><br \/>(+14 for winning)\n|l|\u2606CoffeeDrummer\n","uploadtime":1697639970,"views":8,"p1id":"coffeedrummer","p2id":"snowgust","formatid":"gen9nationaldexdoubles","rating":1037,"private":0,"password":""}