{"id":"gen9nationaldexdoubles-1984099721","p1":"NO HXROS","p2":"Nok_1267","format":"[Gen 9] National Dex Doubles","log":"|j|\u2606NO HXROS\n|j|\u2606Nok_1267\n|t:|1699218618\n|gametype|doubles\n|player|p1|NO HXROS|flannery|\n|player|p2|Nok_1267|cynthia-gen4|\n|teamsize|p1|6\n|teamsize|p2|6\n|gen|9\n|tier|[Gen 9] National Dex Doubles\n|rule|HP Percentage Mod: HP is shown in percentages\n|rule|Endless Battle Clause: Forcing endless battles is banned\n|rule|OHKO Clause: OHKO moves are banned\n|rule|Evasion Moves Clause: Evasion moves are banned\n|rule|Evasion Abilities Clause: Evasion abilities are banned\n|rule|Species Clause: Limit one of each Pok\u00e9mon\n|rule|Gravity Sleep Clause: The combination of sleep-inducing moves with imperfect accuracy and Gravity or Gigantamax Orbeetle are banned\n|clearpoke\n|poke|p1|Snorlax, F|\n|poke|p1|Kommo-o, F|\n|poke|p1|Sinistcha|\n|poke|p1|Clefairy, F|\n|poke|p1|Scream Tail|\n|poke|p1|Arcanine-Hisui, F|\n|poke|p2|Gengar, F|\n|poke|p2|Corviknight, F|\n|poke|p2|Gyarados, F|\n|poke|p2|Roaring Moon|\n|poke|p2|Venusaur, M|\n|poke|p2|Sylveon, F|\n|teampreview\n|n|\u2606NO HXROS|nohxros\n|\n|t:|1699218701\n|start\n|switch|p1a: Blaze It Dog|Arcanine-Hisui, F, shiny|100\/100\n|switch|p1b: Screamo|Scream Tail|100\/100\n|switch|p2a: Comfort Eagle|Corviknight, F|100\/100\n|switch|p2b: Song For the Deaf|Sylveon, F|100\/100\n|-ability|p1a: Blaze It Dog|Intimidate|boost\n|-ability|p2a: Comfort Eagle|Mirror Armor\n|-unboost|p1a: Blaze It Dog|atk|1\n|-unboost|p2b: Song For the Deaf|atk|1\n|-enditem|p1b: Screamo|Booster Energy\n|-activate|p1b: Screamo|ability: Protosynthesis|[fromitem]\n|-start|p1b: Screamo|protosynthesisspe\n|turn|1\n|\n|t:|1699218813\n|move|p1b: Screamo|Calm Mind|p1b: Screamo\n|-boost|p1b: Screamo|spa|1\n|-boost|p1b: Screamo|spd|1\n|move|p1a: Blaze It Dog|Rock Slide|p2a: Comfort Eagle|[spread] p2a,p2b\n|-damage|p2a: Comfort Eagle|88\/100\n|-damage|p2b: Song For the Deaf|78\/100\n|move|p2a: Comfort Eagle|Tailwind|p2a: Comfort Eagle\n|-sidestart|p2: Nok_1267|move: Tailwind\n|move|p2b: Song For the Deaf|Hyper Voice|p1b: Screamo|[spread] p1a,p1b\n|-resisted|p1a: Blaze It Dog\n|-damage|p1a: Blaze It Dog|73\/100\n|-damage|p1b: Screamo|82\/100\n|-enditem|p2b: Song For the Deaf|Throat Spray\n|-boost|p2b: Song For the Deaf|spa|1|[from] item: Throat Spray\n|\n|upkeep\n|turn|2\n|\n|t:|1699218863\n|switch|p2a: Ace of Aces|Gyarados, F|100\/100\n|-ability|p2a: Ace of Aces|Intimidate|boost\n|-unboost|p1a: Blaze It Dog|atk|1\n|-unboost|p1b: Screamo|atk|1\n|move|p1b: Screamo|Wish|p1b: Screamo\n|move|p2b: Song For the Deaf|Psychic|p1a: Blaze It Dog\n|-damage|p1a: Blaze It Dog|16\/100\n|-enditem|p1a: Blaze It Dog|Salac Berry|[eat]\n|-boost|p1a: Blaze It Dog|spe|1|[from] item: Salac Berry\n|move|p1a: Blaze It Dog|Flare Blitz|p2a: Ace of Aces\n|-resisted|p2a: Ace of Aces\n|-damage|p2a: Ace of Aces|83\/100\n|-damage|p1a: Blaze It Dog|9\/100|[from] Recoil\n|\n|upkeep\n|turn|3\n|\n|t:|1699218979\n|-terastallize|p1b: Screamo|Steel\n|move|p2a: Ace of Aces|Protect|p2a: Ace of Aces\n|-singleturn|p2a: Ace of Aces|Protect\n|move|p1b: Screamo|Calm Mind|p1b: Screamo\n|-boost|p1b: Screamo|spa|1\n|-boost|p1b: Screamo|spd|1\n|move|p1a: Blaze It Dog|Rock Slide|p2a: Ace of Aces|[spread] p2b\n|-activate|p2a: Ace of Aces|move: Protect\n|-damage|p2b: Song For the Deaf|60\/100\n|move|p2b: Song For the Deaf|Hyper Voice|p1a: Blaze It Dog|[spread] p1a,p1b\n|-resisted|p1a: Blaze It Dog\n|-resisted|p1b: Screamo\n|-damage|p1a: Blaze It Dog|0 fnt\n|-damage|p1b: Screamo|71\/100\n|faint|p1a: Blaze It Dog\n|\n|-heal|p1b: Screamo|100\/100|[from] move: Wish|[wisher] Screamo\n|upkeep\n|\n|t:|1699219009\n|switch|p1a: Maxin' Snorlaxn'|Snorlax, F|100\/100\n|turn|4\n|\n|t:|1699219088\n|switch|p2a: Comfort Eagle|Corviknight, F|88\/100\n|-terastallize|p2b: Song For the Deaf|Fire\n|move|p1b: Screamo|Dazzling Gleam|p2a: Comfort Eagle|[spread] p2a,p2b\n|-resisted|p2a: Comfort Eagle\n|-resisted|p2b: Song For the Deaf\n|-damage|p2a: Comfort Eagle|72\/100\n|-damage|p2b: Song For the Deaf|48\/100\n|move|p2b: Song For the Deaf|Tera Blast|p1b: Screamo|[anim] Tera Blast Fire\n|-supereffective|p1b: Screamo\n|-damage|p1b: Screamo|59\/100\n|move|p1a: Maxin' Snorlaxn'|Belly Drum|p1a: Maxin' Snorlaxn'\n|-damage|p1a: Maxin' Snorlaxn'|50\/100\n|-setboost|p1a: Maxin' Snorlaxn'|atk|6|[from] move: Belly Drum\n|-enditem|p1a: Maxin' Snorlaxn'|Sitrus Berry|[eat]\n|-heal|p1a: Maxin' Snorlaxn'|75\/100|[from] item: Sitrus Berry\n|\n|-sideend|p2: Nok_1267|move: Tailwind\n|upkeep\n|turn|5\n|\n|t:|1699219195\n|move|p2b: Song For the Deaf|Protect|p2b: Song For the Deaf\n|-singleturn|p2b: Song For the Deaf|Protect\n|move|p1b: Screamo|Wish|p1b: Screamo\n|move|p2a: Comfort Eagle|Tailwind|p2a: Comfort Eagle\n|-sidestart|p2: Nok_1267|move: Tailwind\n|move|p1a: Maxin' Snorlaxn'|High Horsepower|p2b: Song For the Deaf\n|-activate|p2b: Song For the Deaf|move: Protect\n|\n|upkeep\n|turn|6\n|\n|t:|1699219239\n|move|p1b: Screamo|Calm Mind|p1b: Screamo\n|-boost|p1b: Screamo|spa|1\n|-boost|p1b: Screamo|spd|1\n|move|p2a: Comfort Eagle|Body Press|p1a: Maxin' Snorlaxn'\n|-supereffective|p1a: Maxin' Snorlaxn'\n|-crit|p1a: Maxin' Snorlaxn'\n|-damage|p1a: Maxin' Snorlaxn'|13\/100\n|move|p2b: Song For the Deaf|Tera Blast|p1b: Screamo|[anim] Tera Blast Fire\n|-supereffective|p1b: Screamo\n|-crit|p1b: Screamo\n|-damage|p1b: Screamo|0 fnt\n|faint|p1b: Screamo\n|-end|p1b: Screamo|Protosynthesis|[silent]\n|move|p1a: Maxin' Snorlaxn'|High Horsepower|p2b: Song For the Deaf\n|-supereffective|p2b: Song For the Deaf\n|-damage|p2b: Song For the Deaf|0 fnt\n|faint|p2b: Song For the Deaf\n|\n|upkeep\n|\n|t:|1699219292\n|switch|p1b: Heal Pal|Sinistcha|100\/100\n|switch|p2b: Ace of Aces|Gyarados, F|83\/100\n|-ability|p2b: Ace of Aces|Intimidate|boost\n|-unboost|p1a: Maxin' Snorlaxn'|atk|1\n|-unboost|p1b: Heal Pal|atk|1\n|-heal|p1a: Maxin' Snorlaxn'|38\/100|[from] ability: Hospitality|[of] p1b: Heal Pal\n|turn|7\n|\n|t:|1699219373\n|move|p1a: Maxin' Snorlaxn'|Protect|p1a: Maxin' Snorlaxn'\n|-singleturn|p1a: Maxin' Snorlaxn'|Protect\n|move|p2b: Ace of Aces|Taunt|p1b: Heal Pal\n|-start|p1b: Heal Pal|move: Taunt\n|-enditem|p1b: Heal Pal|Mental Herb\n|-end|p1b: Heal Pal|move: Taunt\n|move|p2a: Comfort Eagle|Body Press|p1a: Maxin' Snorlaxn'\n|-activate|p1a: Maxin' Snorlaxn'|move: Protect\n|move|p1b: Heal Pal|Trick Room|p1b: Heal Pal\n|-fieldstart|move: Trick Room|[of] p1b: Heal Pal\n|\n|upkeep\n|turn|8\n|\n|t:|1699219549\n|switch|p1b: The Blob Returns|Clefairy, F|100\/100\n|switch|p2b: Psychopomp|Gengar, F, shiny|100\/100\n|move|p1a: Maxin' Snorlaxn'|Body Slam|p2b: Psychopomp\n|-immune|p2b: Psychopomp\n|move|p2a: Comfort Eagle|Iron Head|p1a: Maxin' Snorlaxn'\n|-damage|p1a: Maxin' Snorlaxn'|23\/100\n|\n|-sideend|p2: Nok_1267|move: Tailwind\n|upkeep\n|turn|9\n|\n|t:|1699219592\n|move|p1b: The Blob Returns|Heal Pulse|p1a: Maxin' Snorlaxn'\n|-heal|p1a: Maxin' Snorlaxn'|73\/100\n|move|p1a: Maxin' Snorlaxn'|High Horsepower|p2b: Psychopomp\n|-supereffective|p2b: Psychopomp\n|-enditem|p2b: Psychopomp|Focus Sash\n|-damage|p2b: Psychopomp|1\/100\n|move|p2a: Comfort Eagle|Body Press|p1a: Maxin' Snorlaxn'\n|-supereffective|p1a: Maxin' Snorlaxn'\n|-damage|p1a: Maxin' Snorlaxn'|45\/100\n|move|p2b: Psychopomp|Sludge Bomb|p1b: The Blob Returns\n|-supereffective|p1b: The Blob Returns\n|-damage|p1b: The Blob Returns|37\/100\n|\n|upkeep\n|turn|10\n|\n|t:|1699219632\n|move|p2b: Psychopomp|Protect|p2b: Psychopomp\n|-singleturn|p2b: Psychopomp|Protect\n|move|p1b: The Blob Returns|Heal Pulse|p1a: Maxin' Snorlaxn'\n|-heal|p1a: Maxin' Snorlaxn'|95\/100\n|move|p1a: Maxin' Snorlaxn'|High Horsepower|p2b: Psychopomp\n|-activate|p2b: Psychopomp|move: Protect\n|move|p2a: Comfort Eagle|Iron Head|p1b: The Blob Returns\n|-supereffective|p1b: The Blob Returns\n|-damage|p1b: The Blob Returns|0 fnt\n|faint|p1b: The Blob Returns\n|\n|upkeep\n|\n|t:|1699219647\n|switch|p1b: Down in Kommo-o|Kommo-o, F|100\/100\n|turn|11\n|\n|t:|1699219728\n|switch|p2b: Black Champagne|Roaring Moon|100\/100\n|-enditem|p2b: Black Champagne|Booster Energy\n|-activate|p2b: Black Champagne|ability: Protosynthesis|[fromitem]\n|-start|p2b: Black Champagne|protosynthesisspe\n|move|p1a: Maxin' Snorlaxn'|Body Slam|p2a: Comfort Eagle\n|-resisted|p2a: Comfort Eagle\n|-damage|p2a: Comfort Eagle|34\/100\n|-status|p2a: Comfort Eagle|par\n|-damage|p1a: Maxin' Snorlaxn'|78\/100|[from] item: Rocky Helmet|[of] p2a: Comfort Eagle\n|move|p2a: Comfort Eagle|Body Press|p1a: Maxin' Snorlaxn'\n|-supereffective|p1a: Maxin' Snorlaxn'\n|-damage|p1a: Maxin' Snorlaxn'|41\/100\n|move|p1b: Down in Kommo-o|Clangorous Soul|p1b: Down in Kommo-o\n|-boost|p1b: Down in Kommo-o|atk|1\n|-boost|p1b: Down in Kommo-o|def|1\n|-boost|p1b: Down in Kommo-o|spa|1\n|-boost|p1b: Down in Kommo-o|spd|1\n|-boost|p1b: Down in Kommo-o|spe|1\n|-damage|p1b: Down in Kommo-o|68\/100\n|-enditem|p1b: Down in Kommo-o|Throat Spray\n|-boost|p1b: Down in Kommo-o|spa|1|[from] item: Throat Spray\n|\n|-fieldend|move: Trick Room\n|upkeep\n|turn|12\n|\n|t:|1699219781\n|move|p2b: Black Champagne|Tailwind|p2b: Black Champagne\n|-sidestart|p2: Nok_1267|move: Tailwind\n|move|p1b: Down in Kommo-o|Clanging Scales|p2a: Comfort Eagle|[spread] p2a,p2b\n|-resisted|p2a: Comfort Eagle\n|-supereffective|p2b: Black Champagne\n|-damage|p2a: Comfort Eagle|0 fnt\n|-damage|p2b: Black Champagne|0 fnt\n|faint|p2a: Comfort Eagle\n|faint|p2b: Black Champagne\n|-end|p2b: Black Champagne|Protosynthesis|[silent]\n|-unboost|p1b: Down in Kommo-o|def|1\n|move|p1a: Maxin' Snorlaxn'|Body Slam|p2: Comfort Eagle|[notarget]\n|-fail|p1a: Maxin' Snorlaxn'\n|\n|upkeep\n|\n|t:|1699219824\n|switch|p2b: Ace of Aces|Gyarados, F|83\/100\n|switch|p2a: Mr Sandman|Venusaur, M|100\/100\n|-ability|p2b: Ace of Aces|Intimidate|boost\n|-unboost|p1a: Maxin' Snorlaxn'|atk|1\n|-unboost|p1b: Down in Kommo-o|atk|1\n|turn|13\n|\n|t:|1699219875\n|move|p2a: Mr Sandman|Sleep Powder|p1b: Down in Kommo-o|[miss]\n|-miss|p2a: Mr Sandman|p1b: Down in Kommo-o\n|move|p1b: Down in Kommo-o|Clanging Scales|p2b: Ace of Aces|[spread] p2a,p2b\n|-damage|p2a: Mr Sandman|15\/100\n|-damage|p2b: Ace of Aces|14\/100\n|-enditem|p2b: Ace of Aces|Sitrus Berry|[eat]\n|-heal|p2b: Ace of Aces|39\/100|[from] item: Sitrus Berry\n|-unboost|p1b: Down in Kommo-o|def|1\n|move|p2b: Ace of Aces|Waterfall|p1a: Maxin' Snorlaxn'\n|-damage|p1a: Maxin' Snorlaxn'|7\/100\n|move|p1a: Maxin' Snorlaxn'|Body Slam|p2b: Ace of Aces\n|-damage|p2b: Ace of Aces|0 fnt\n|faint|p2b: Ace of Aces\n|\n|upkeep\n|\n|t:|1699219893\n|switch|p2b: Psychopomp|Gengar, F, shiny|1\/100\n|turn|14\n|\n|t:|1699219923\n|move|p2b: Psychopomp|Sludge Bomb|p1a: Maxin' Snorlaxn'\n|-damage|p1a: Maxin' Snorlaxn'|0 fnt\n|faint|p1a: Maxin' Snorlaxn'\n|move|p2a: Mr Sandman|Sleep Powder|p1b: Down in Kommo-o\n|-status|p1b: Down in Kommo-o|slp|[from] move: Sleep Powder\n|cant|p1b: Down in Kommo-o|slp\n|\n|upkeep\n|\n|t:|1699219930\n|switch|p1a: Heal Pal|Sinistcha|100\/100\n|-heal|p1b: Down in Kommo-o|93\/100 slp|[from] ability: Hospitality|[of] p1a: Heal Pal\n|turn|15\n|\n|t:|1699219979\n|move|p2b: Psychopomp|Shadow Ball|p1a: Heal Pal\n|-supereffective|p1a: Heal Pal\n|-crit|p1a: Heal Pal\n|-damage|p1a: Heal Pal|0 fnt\n|faint|p1a: Heal Pal\n|move|p2a: Mr Sandman|Giga Drain|p1b: Down in Kommo-o\n|-resisted|p1b: Down in Kommo-o\n|-damage|p1b: Down in Kommo-o|75\/100 slp\n|-heal|p2a: Mr Sandman|24\/100|[from] drain|[of] p1b: Down in Kommo-o\n|cant|p1b: Down in Kommo-o|slp\n|\n|-sideend|p2: Nok_1267|move: Tailwind\n|upkeep\n|turn|16\n|\n|t:|1699220033\n|cant|p1b: Down in Kommo-o|slp\n|move|p2b: Psychopomp|Shadow Ball|p1b: Down in Kommo-o\n|-immune|p1b: Down in Kommo-o|[from] ability: Bulletproof\n|move|p2a: Mr Sandman|Earth Power|p1b: Down in Kommo-o\n|-damage|p1b: Down in Kommo-o|54\/100 slp\n|\n|upkeep\n|turn|17\n|\n|t:|1699220084\n|move|p2b: Psychopomp|Protect|p2b: Psychopomp\n|-singleturn|p2b: Psychopomp|Protect\n|-curestatus|p1b: Down in Kommo-o|slp|[msg]\n|move|p1b: Down in Kommo-o|Clanging Scales|p2b: Psychopomp|[spread] p2a\n|-activate|p2b: Psychopomp|move: Protect\n|-crit|p2a: Mr Sandman\n|-damage|p2a: Mr Sandman|0 fnt\n|faint|p2a: Mr Sandman\n|-unboost|p1b: Down in Kommo-o|def|1\n|\n|upkeep\n|turn|18\n|\n|t:|1699220101\n|move|p1b: Down in Kommo-o|Flash Cannon|p2b: Psychopomp\n|-damage|p2b: Psychopomp|0 fnt\n|faint|p2b: Psychopomp\n|\n|win|NO HXROS\n|l|\u2606Nok_1267\n","uploadtime":1699220220,"views":4,"p1id":"nohxros","p2id":"nok1267","formatid":"gen9nationaldexdoubles","rating":0,"private":0,"password":""}