{"id":"gen9nationaldexdoubles-1963209996","p1":"CoffeeDrummer","p2":"bombi148","format":"[Gen 9] National Dex Doubles","log":"|j|\u2606CoffeeDrummer\n|j|\u2606bombi148\n|t:|1696843250\n|gametype|doubles\n|player|p1|CoffeeDrummer|1|1147\n|player|p2|bombi148|265|1045\n|teamsize|p1|6\n|teamsize|p2|6\n|gen|9\n|tier|[Gen 9] National Dex Doubles\n|rated|\n|rule|HP Percentage Mod: HP is shown in percentages\n|rule|Endless Battle Clause: Forcing endless battles is banned\n|rule|OHKO Clause: OHKO moves are banned\n|rule|Evasion Moves Clause: Evasion moves are banned\n|rule|Evasion Abilities Clause: Evasion abilities are banned\n|rule|Species Clause: Limit one of each Pok\u00e9mon\n|rule|Gravity Sleep Clause: The combination of sleep-inducing moves with imperfect accuracy and Gravity or Gigantamax Orbeetle are banned\n|clearpoke\n|poke|p1|Golisopod, M|\n|poke|p1|Iron Moth|\n|poke|p1|Ribombee, F|\n|poke|p1|Rabsca, M|\n|poke|p1|Vikavolt, M|\n|poke|p1|Masquerain, F|\n|poke|p2|Vikavolt, M|\n|poke|p2|Escavalier, F|\n|poke|p2|Butterfree, F|\n|poke|p2|Volcarona, F|\n|poke|p2|Orbeetle, M|\n|poke|p2|Rabsca, F|\n|teampreview\n|\n|t:|1696843265\n|start\n|switch|p1a: Masquerain|Masquerain, F|100\/100\n|switch|p1b: Rabsca|Rabsca, M|100\/100\n|switch|p2a: Volcarona|Volcarona, F|100\/100\n|switch|p2b: Orbeetle|Orbeetle, M|100\/100\n|-ability|p1a: Masquerain|Intimidate|boost\n|-unboost|p2a: Volcarona|atk|1\n|-unboost|p2b: Orbeetle|atk|1\n|-item|p1a: Masquerain|Focus Sash|[from] ability: Frisk|[of] p2b: Orbeetle|[identify]\n|-item|p1b: Rabsca|Focus Sash|[from] ability: Frisk|[of] p2b: Orbeetle|[identify]\n|turn|1\n|\n|t:|1696843283\n|switch|p1b: Vikavolt|Vikavolt, M|100\/100\n|move|p2a: Volcarona|Quiver Dance|p2a: Volcarona\n|-boost|p2a: Volcarona|spa|1\n|-boost|p2a: Volcarona|spd|1\n|-boost|p2a: Volcarona|spe|1\n|move|p1a: Masquerain|Tailwind|p1a: Masquerain\n|-sidestart|p1: CoffeeDrummer|move: Tailwind\n|move|p2b: Orbeetle|Guard Swap|p2a: Volcarona\n|-swapboost|p2b: Orbeetle|p2a: Volcarona|def, spd|[from] move: Guard Swap\n|\n|upkeep\n|turn|2\n|inactive|Battle timer is ON: inactive players will automatically lose when time's up. (requested by bombi148)\n|\n|t:|1696843330\n|move|p2b: Orbeetle|Helping Hand|p2a: Volcarona\n|-singleturn|p2a: Volcarona|Helping Hand|[of] p2b: Orbeetle\n|move|p1a: Masquerain|U-turn|p2b: Orbeetle\n|-supereffective|p2b: Orbeetle\n|-damage|p2b: Orbeetle|75\/100\n|\n|t:|1696843341\n|switch|p1a: Golisopod|Golisopod, M|100\/100|[from] U-turn\n|move|p2a: Volcarona|Fiery Dance|p1a: Golisopod\n|-damage|p1a: Golisopod|36\/100\n|-activate|p1a: Golisopod|ability: Emergency Exit\n|\n|t:|1696843354\n|switch|p1a: Masquerain|Masquerain, F|100\/100\n|-ability|p1a: Masquerain|Intimidate|boost\n|-unboost|p2a: Volcarona|atk|1\n|-unboost|p2b: Orbeetle|atk|1\n|move|p1b: Vikavolt|Electric Terrain|p1b: Vikavolt\n|-fieldstart|move: Electric Terrain\n|\n|-heal|p2b: Orbeetle|81\/100|[from] item: Leftovers\n|upkeep\n|turn|3\n|\n|t:|1696843379\n|move|p2b: Orbeetle|Helping Hand|p2a: Volcarona\n|-singleturn|p2a: Volcarona|Helping Hand|[of] p2b: Orbeetle\n|move|p1a: Masquerain|Haze|p1a: Masquerain\n|-clearallboost\n|move|p1b: Vikavolt|Sticky Web|p2a: Volcarona\n|-sidestart|p2: bombi148|move: Sticky Web\n|move|p2a: Volcarona|Fiery Dance|p1a: Masquerain\n|-supereffective|p1a: Masquerain\n|-enditem|p1a: Masquerain|Focus Sash\n|-damage|p1a: Masquerain|1\/100\n|-boost|p2a: Volcarona|spa|1\n|\n|-heal|p2b: Orbeetle|87\/100|[from] item: Leftovers\n|upkeep\n|turn|4\n|inactive|bombi148 has 120 seconds left.\n|\n|t:|1696843414\n|move|p2b: Orbeetle|Helping Hand|p2a: Volcarona\n|-singleturn|p2a: Volcarona|Helping Hand|[of] p2b: Orbeetle\n|move|p1a: Masquerain|U-turn|p2b: Orbeetle\n|-supereffective|p2b: Orbeetle\n|-damage|p2b: Orbeetle|61\/100\n|\n|t:|1696843419\n|switch|p1a: Golisopod|Golisopod, M|36\/100|[from] U-turn\n|move|p1b: Vikavolt|Light Screen|p1b: Vikavolt\n|-sidestart|p1: CoffeeDrummer|move: Light Screen\n|move|p2a: Volcarona|Fiery Dance|p1a: Golisopod\n|-damage|p1a: Golisopod|0 fnt\n|-boost|p2a: Volcarona|spa|1\n|faint|p1a: Golisopod\n|\n|-heal|p2b: Orbeetle|68\/100|[from] item: Leftovers\n|-sideend|p1: CoffeeDrummer|move: Tailwind\n|upkeep\n|\n|t:|1696843425\n|switch|p1a: Iron Moth|Iron Moth|100\/100\n|-activate|p1a: Iron Moth|ability: Quark Drive\n|-start|p1a: Iron Moth|quarkdrivespa\n|turn|5\n|\n|t:|1696843443\n|switch|p2a: Rabsca|Rabsca, F|100\/100\n|-activate|p2a: Rabsca|move: Sticky Web\n|-unboost|p2a: Rabsca|spe|1\n|move|p1a: Iron Moth|Fire Blast|p2b: Orbeetle\n|-supereffective|p2b: Orbeetle\n|-damage|p2b: Orbeetle|0 fnt\n|faint|p2b: Orbeetle\n|move|p1b: Vikavolt|Volt Switch|p2a: Rabsca\n|-damage|p2a: Rabsca|61\/100\n|\n|t:|1696843457\n|switch|p1b: Ribombee|Ribombee, F|100\/100|[from] Volt Switch\n|\n|upkeep\n|\n|t:|1696843464\n|switch|p2b: Butterfree|Butterfree, F|100\/100\n|turn|6\n|\n|t:|1696843485\n|move|p1b: Ribombee|Stun Spore|p2b: Butterfree\n|-status|p2b: Butterfree|par\n|move|p1a: Iron Moth|Fire Blast|p2a: Rabsca\n|-supereffective|p2a: Rabsca\n|-damage|p2a: Rabsca|0 fnt\n|faint|p2a: Rabsca\n|move|p2b: Butterfree|Sleep Powder|p1a: Iron Moth\n|-activate|p1a: Iron Moth|move: Electric Terrain\n|\n|-fieldend|move: Electric Terrain\n|-end|p1a: Iron Moth|Quark Drive\n|upkeep\n|inactive|bombi148 has 120 seconds left.\n|\n|t:|1696843507\n|switch|p2a: Volcarona|Volcarona, F|100\/100\n|turn|7\n|inactive|bombi148 has 120 seconds left.\n|\n|t:|1696843530\n|-terastallize|p2a: Volcarona|Water\n|move|p1b: Ribombee|Stun Spore|p2a: Volcarona\n|-status|p2a: Volcarona|par\n|move|p1a: Iron Moth|Fire Blast|p2b: Butterfree\n|-supereffective|p2b: Butterfree\n|-enditem|p2b: Butterfree|Focus Sash\n|-damage|p2b: Butterfree|1\/100 par\n|move|p2a: Volcarona|Quiver Dance|p2a: Volcarona\n|-boost|p2a: Volcarona|spa|1\n|-boost|p2a: Volcarona|spd|1\n|-boost|p2a: Volcarona|spe|1\n|move|p2b: Butterfree|Sleep Powder|p1a: Iron Moth\n|-status|p1a: Iron Moth|slp|[from] move: Sleep Powder\n|\n|upkeep\n|turn|8\n|inactive|bombi148 has 120 seconds left.\n|\n|t:|1696843557\n|-terastallize|p1a: Iron Moth|Grass\n|move|p1b: Ribombee|Draining Kiss|p2b: Butterfree\n|-damage|p2b: Butterfree|0 fnt\n|faint|p2b: Butterfree\n|cant|p1a: Iron Moth|slp\n|move|p2a: Volcarona|Fiery Dance|p1b: Ribombee\n|-supereffective|p1b: Ribombee\n|-enditem|p1b: Ribombee|Focus Sash\n|-damage|p1b: Ribombee|1\/100\n|\n|-sideend|p1: CoffeeDrummer|move: Light Screen\n|upkeep\n|inactive|bombi148 has 120 seconds left.\n|\n|t:|1696843577\n|switch|p2b: Vikavolt|Vikavolt, M|100\/100\n|turn|9\n|\n|t:|1696843594\n|-end|p1a: Iron Moth|Quark Drive|[silent]\n|switch|p1a: Masquerain|Masquerain, F|1\/100\n|-ability|p1a: Masquerain|Intimidate|boost\n|-unboost|p2a: Volcarona|atk|1\n|-unboost|p2b: Vikavolt|atk|1\n|move|p1b: Ribombee|Stun Spore|p2b: Vikavolt|[miss]\n|-miss|p1b: Ribombee|p2b: Vikavolt\n|move|p2a: Volcarona|Fiery Dance|p1a: Masquerain\n|-supereffective|p1a: Masquerain\n|-damage|p1a: Masquerain|0 fnt\n|faint|p1a: Masquerain\n|move|p2b: Vikavolt|Energy Ball|p1b: Ribombee\n|-resisted|p1b: Ribombee\n|-damage|p1b: Ribombee|0 fnt\n|faint|p1b: Ribombee\n|\n|upkeep\n|\n|t:|1696843608\n|switch|p1b: Rabsca|Rabsca, M|100\/100\n|switch|p1a: Vikavolt|Vikavolt, M|100\/100\n|turn|10\n|inactive|bombi148 has 120 seconds left.\n|\n|t:|1696843639\n|move|p2a: Volcarona|Bug Buzz|p1b: Rabsca\n|-supereffective|p1b: Rabsca\n|-enditem|p1b: Rabsca|Focus Sash\n|-damage|p1b: Rabsca|1\/100\n|move|p1a: Vikavolt|Electric Terrain|p1a: Vikavolt\n|-fieldstart|move: Electric Terrain\n|move|p1b: Rabsca|Revival Blessing|p1b: Rabsca\n|\n|t:|1696843654\n|-heal|p1: Golisopod|50\/100|[from] move: Revival Blessing\n|move|p2b: Vikavolt|Energy Ball|p1b: Rabsca\n|-resisted|p1b: Rabsca\n|-damage|p1b: Rabsca|0 fnt\n|faint|p1b: Rabsca\n|\n|upkeep\n|\n|t:|1696843665\n|switch|p1b: Golisopod|Golisopod, M|50\/100\n|turn|11\n|\n|t:|1696843691\n|move|p1b: Golisopod|First Impression|p2a: Volcarona\n|-damage|p2a: Volcarona|29\/100 par\n|cant|p2a: Volcarona|par\n|move|p1a: Vikavolt|Volt Switch|p2a: Volcarona\n|-supereffective|p2a: Volcarona\n|-damage|p2a: Volcarona|0 fnt\n|faint|p2a: Volcarona\n|\n|t:|1696843699\n|switch|p1a: Iron Moth|Iron Moth, tera:Grass|100\/100 slp|[from] Volt Switch\n|-activate|p1a: Iron Moth|ability: Quark Drive\n|-start|p1a: Iron Moth|quarkdrivespa\n|move|p2b: Vikavolt|Thunderbolt|p1b: Golisopod\n|-supereffective|p1b: Golisopod\n|-damage|p1b: Golisopod|0 fnt\n|faint|p1b: Golisopod\n|\n|upkeep\n|\n|t:|1696843707\n|switch|p2a: Escavalier|Escavalier, F|100\/100\n|switch|p1b: Vikavolt|Vikavolt, M|100\/100\n|-activate|p2a: Escavalier|move: Sticky Web\n|-unboost|p2a: Escavalier|spe|1\n|turn|12\n|\n|t:|1696843734\n|-curestatus|p1a: Iron Moth|slp|[msg]\n|move|p1a: Iron Moth|Overheat|p2a: Escavalier\n|-supereffective|p2a: Escavalier\n|-damage|p2a: Escavalier|0 fnt\n|-unboost|p1a: Iron Moth|spa|2\n|faint|p2a: Escavalier\n|move|p1b: Vikavolt|Light Screen|p1b: Vikavolt\n|-sidestart|p1: CoffeeDrummer|move: Light Screen\n|move|p2b: Vikavolt|Energy Ball|p1b: Vikavolt\n|-resisted|p1b: Vikavolt\n|-damage|p1b: Vikavolt|84\/100\n|-unboost|p1b: Vikavolt|spd|1\n|\n|upkeep\n|turn|13\n|-message|bombi148 forfeited.\n|\n|win|CoffeeDrummer\n|raw|CoffeeDrummer's rating: 1147 &rarr; <strong>1165<\/strong><br \/>(+18 for winning)\n|raw|bombi148's rating: 1045 &rarr; <strong>1033<\/strong><br \/>(-12 for losing)\n|l|\u2606bombi148\n|c|\u2606CoffeeDrummer|Ggs\n","uploadtime":1696843755,"views":7,"p1id":"coffeedrummer","p2id":"bombi148","formatid":"gen9nationaldexdoubles","rating":1033,"private":0,"password":""}