{"id":"gen9nationaldexdoubles-1953360452","p1":"tdmaximoff","p2":"the maraculous","format":"[Gen 9] National Dex Doubles","log":"|j|\u2606tdmaximoff\n|j|\u2606the maraculous\n|t:|1695778222\n|gametype|doubles\n|player|p1|tdmaximoff|cynthia|1334\n|player|p2|the maraculous|dragontamer|1511\n|teamsize|p1|6\n|teamsize|p2|6\n|gen|9\n|tier|[Gen 9] National Dex Doubles\n|rated|\n|rule|HP Percentage Mod: HP is shown in percentages\n|rule|Endless Battle Clause: Forcing endless battles is banned\n|rule|OHKO Clause: OHKO moves are banned\n|rule|Evasion Moves Clause: Evasion moves are banned\n|rule|Evasion Abilities Clause: Evasion abilities are banned\n|rule|Species Clause: Limit one of each Pok\u00e9mon\n|rule|Gravity Sleep Clause: The combination of sleep-inducing moves with imperfect accuracy and Gravity or Gigantamax Orbeetle are banned\n|clearpoke\n|poke|p1|Diancie|\n|poke|p1|Ribombee, F|\n|poke|p1|Fezandipiti, M|\n|poke|p1|Gardevoir, F|\n|poke|p1|Klefki, F|\n|poke|p1|Hatterene, F|\n|poke|p2|Xurkitree|\n|poke|p2|Iron Valiant|\n|poke|p2|Chandelure, M|\n|poke|p2|Landorus-Therian, M|\n|poke|p2|Kartana|\n|poke|p2|Farigiraf, F|\n|teampreview\n|inactive|Battle timer is ON: inactive players will automatically lose when time's up. (requested by tdmaximoff)\n|\n|t:|1695778252\n|start\n|switch|p1a: Diancie|Diancie, shiny|100\/100\n|switch|p1b: Fezandipiti|Fezandipiti, M|100\/100\n|switch|p2a: Chandelure|Chandelure, M|100\/100\n|switch|p2b: Xurkitree|Xurkitree|100\/100\n|-item|p2a: Chandelure|Air Balloon\n|turn|1\n|\n|t:|1695778260\n|detailschange|p1a: Diancie|Diancie-Mega, shiny\n|-mega|p1a: Diancie|Diancie|Diancite\n|move|p1b: Fezandipiti|Icy Wind|p2a: Chandelure|[spread] p2a,p2b\n|-resisted|p2a: Chandelure\n|-damage|p2a: Chandelure|95\/100\n|-damage|p2b: Xurkitree|86\/100\n|-unboost|p2a: Chandelure|spe|1\n|-unboost|p2b: Xurkitree|spe|1\n|-enditem|p2a: Chandelure|Air Balloon\n|move|p1a: Diancie|Diamond Storm|p2a: Chandelure|[spread] p2a,p2b\n|-supereffective|p2a: Chandelure\n|-damage|p2a: Chandelure|0 fnt\n|-damage|p2b: Xurkitree|23\/100\n|faint|p2a: Chandelure\n|-zpower|p2b: Xurkitree\n|move|p2b: Xurkitree|Z-Electric Terrain|p2b: Xurkitree|[anim]Electric Terrain\n|-boost|p2b: Xurkitree|spe|1|[zeffect]\n|-fieldstart|move: Electric Terrain\n|\n|upkeep\n|\n|t:|1695778270\n|switch|p2a: Iron Valiant|Iron Valiant|100\/100\n|-activate|p2a: Iron Valiant|ability: Quark Drive\n|-start|p2a: Iron Valiant|quarkdrivespe\n|turn|2\n|\n|t:|1695778278\n|move|p2a: Iron Valiant|Wide Guard|p2a: Iron Valiant\n|-singleturn|p2a: Iron Valiant|Wide Guard\n|move|p1b: Fezandipiti|Icy Wind|p2b: Xurkitree|[spread] \n|-activate|p2a: Iron Valiant|move: Wide Guard\n|-activate|p2b: Xurkitree|move: Wide Guard\n|move|p1a: Diancie|Diamond Storm|p2b: Xurkitree|[spread] \n|-activate|p2a: Iron Valiant|move: Wide Guard\n|-activate|p2b: Xurkitree|move: Wide Guard\n|move|p2b: Xurkitree|Rising Voltage|p1a: Diancie\n|-hint|Rising Voltage's BP doubled on grounded target.\n|-damage|p1a: Diancie|0 fnt\n|faint|p1a: Diancie\n|-ability|p2b: Xurkitree|Beast Boost|boost\n|-boost|p2b: Xurkitree|spa|1\n|\n|upkeep\n|\n|t:|1695778296\n|switch|p1a: Klefki|Klefki, F, shiny|100\/100\n|turn|3\n|\n|t:|1695778314\n|move|p2a: Iron Valiant|Wide Guard|p2a: Iron Valiant\n|-singleturn|p2a: Iron Valiant|Wide Guard\n|move|p1a: Klefki|Switcheroo|p2a: Iron Valiant\n|-activate|p1a: Klefki|move: Trick|[of] p2a: Iron Valiant\n|-item|p2a: Iron Valiant|Toxic Orb|[from] move: Switcheroo\n|-item|p1a: Klefki|Life Orb|[from] move: Switcheroo\n|move|p1b: Fezandipiti|Icy Wind|p2b: Xurkitree|[spread] \n|-activate|p2a: Iron Valiant|move: Wide Guard\n|-activate|p2b: Xurkitree|move: Wide Guard\n|move|p2b: Xurkitree|Rising Voltage|p1a: Klefki\n|-hint|Rising Voltage's BP doubled on grounded target.\n|-damage|p1a: Klefki|0 fnt\n|faint|p1a: Klefki\n|-ability|p2b: Xurkitree|Beast Boost|boost\n|-boost|p2b: Xurkitree|spa|1\n|\n|-status|p2a: Iron Valiant|tox|[from] item: Toxic Orb\n|upkeep\n|\n|t:|1695778322\n|switch|p1a: Gardevoir|Gardevoir, F, shiny|100\/100\n|-ability|p1a: Gardevoir|Beast Boost|[from] ability: Trace|[of] p2b: Xurkitree\n|turn|4\n|\n|t:|1695778331\n|switch|p1b: Hatterene|Hatterene, F, shiny|100\/100\n|move|p2a: Iron Valiant|Destiny Bond|p2a: Iron Valiant\n|-singlemove|p2a: Iron Valiant|Destiny Bond\n|move|p1a: Gardevoir|Moonblast|p2b: Xurkitree\n|-damage|p2b: Xurkitree|0 fnt\n|faint|p2b: Xurkitree\n|-ability|p1a: Gardevoir|Beast Boost|boost\n|-boost|p1a: Gardevoir|spa|1\n|\n|-damage|p2a: Iron Valiant|94\/100 tox|[from] psn\n|upkeep\n|\n|t:|1695778348\n|switch|p2b: Kartana|Kartana|100\/100\n|turn|5\n|\n|t:|1695778366\n|move|p2a: Iron Valiant|Moonblast|p1b: Hatterene\n|-damage|p1b: Hatterene|58\/100\n|move|p1a: Gardevoir|Moonblast|p2b: Kartana\n|-resisted|p2b: Kartana\n|-enditem|p2b: Kartana|Focus Sash\n|-damage|p2b: Kartana|1\/100\n|move|p2b: Kartana|Smart Strike|p1b: Hatterene\n|-supereffective|p1b: Hatterene\n|-crit|p1b: Hatterene\n|-damage|p1b: Hatterene|0 fnt\n|faint|p1b: Hatterene\n|-ability|p2b: Kartana|Beast Boost|boost\n|-boost|p2b: Kartana|atk|1\n|\n|-damage|p2a: Iron Valiant|82\/100 tox|[from] psn\n|-fieldend|move: Electric Terrain\n|-end|p2a: Iron Valiant|Quark Drive\n|upkeep\n|\n|t:|1695778378\n|switch|p1b: Ribombee|Ribombee, F, shiny|100\/100\n|turn|6\n|\n|t:|1695778387\n|move|p1a: Gardevoir|Moonblast|p2b: Kartana\n|-resisted|p2b: Kartana\n|-damage|p2b: Kartana|0 fnt\n|faint|p2b: Kartana\n|-ability|p1a: Gardevoir|Beast Boost|boost\n|-boost|p1a: Gardevoir|spa|1\n|move|p2a: Iron Valiant|Destiny Bond|p2a: Iron Valiant\n|-singlemove|p2a: Iron Valiant|Destiny Bond\n|move|p1b: Ribombee|Quiver Dance|p1b: Ribombee\n|-boost|p1b: Ribombee|spa|1\n|-boost|p1b: Ribombee|spd|1\n|-boost|p1b: Ribombee|spe|1\n|\n|-damage|p2a: Iron Valiant|63\/100 tox|[from] psn\n|upkeep\n|\n|t:|1695778393\n|switch|p2b: Farigiraf|Farigiraf, F|100\/100\n|turn|7\n|\n|t:|1695778404\n|-terastallize|p2b: Farigiraf|Normal\n|move|p1b: Ribombee|Bug Buzz|p2b: Farigiraf\n|-damage|p2b: Farigiraf|35\/100\n|move|p1a: Gardevoir|Moonblast|p2b: Farigiraf\n|-damage|p2b: Farigiraf|0 fnt\n|faint|p2b: Farigiraf\n|-ability|p1a: Gardevoir|Beast Boost|boost\n|-boost|p1a: Gardevoir|spa|1\n|move|p2a: Iron Valiant|Moonblast|p1a: Gardevoir\n|-damage|p1a: Gardevoir|52\/100\n|\n|-damage|p2a: Iron Valiant|38\/100 tox|[from] psn\n|upkeep\n|-message|the maraculous forfeited.\n|\n|win|tdmaximoff\n|raw|tdmaximoff's rating: 1334 &rarr; <strong>1363<\/strong><br \/>(+29 for winning)\n|raw|the maraculous's rating: 1511 &rarr; <strong>1482<\/strong><br \/>(-29 for losing)\n|l|\u2606tdmaximoff\n","uploadtime":1695778419,"views":10,"p1id":"tdmaximoff","p2id":"themaraculous","formatid":"gen9nationaldexdoubles","rating":1363,"private":0,"password":""}