{"id":"gen9nationaldexdoubles-1952041110","p1":"Tukitiko","p2":"Morakun","format":"[Gen 9] National Dex Doubles","log":"|j|\u2606Tukitiko\n|j|\u2606Morakun\n|t:|1695652409\n|gametype|doubles\n|player|p1|Tukitiko|lusamine-nihilego|\n|player|p2|Morakun|ghetsis|\n|teamsize|p1|6\n|teamsize|p2|6\n|gen|9\n|tier|[Gen 9] National Dex Doubles\n|rule|HP Percentage Mod: HP is shown in percentages\n|rule|Endless Battle Clause: Forcing endless battles is banned\n|rule|OHKO Clause: OHKO moves are banned\n|rule|Evasion Moves Clause: Evasion moves are banned\n|rule|Evasion Abilities Clause: Evasion abilities are banned\n|rule|Species Clause: Limit one of each Pok\u00e9mon\n|rule|Gravity Sleep Clause: The combination of sleep-inducing moves with imperfect accuracy and Gravity or Gigantamax Orbeetle are banned\n|clearpoke\n|poke|p1|Iron Moth|\n|poke|p1|Vanilluxe, F|\n|poke|p1|Nihilego|\n|poke|p1|Blastoise, M|\n|poke|p1|Magmar, M|\n|poke|p1|Snorlax, M|\n|poke|p2|Pelipper, F|\n|poke|p2|Decidueye-Hisui, F|\n|poke|p2|Regidrago|\n|poke|p2|Nihilego|\n|poke|p2|Tyrantrum, M|\n|poke|p2|Greninja-*, F|\n|teampreview\n|\n|t:|1695652432\n|start\n|switch|p1a: Magnue doble A|Magmar, M|100\/100\n|switch|p1b: Marquitos|Blastoise, M|100\/100\n|switch|p2a: lluevee|Pelipper, F|100\/100\n|switch|p2b: tornica|Nihilego|100\/100\n|-weather|RainDance|[from] ability: Drizzle|[of] p2a: lluevee\n|turn|1\n|j| Spem53\n|\n|t:|1695652448\n|detailschange|p1b: Marquitos|Blastoise-Mega, M\n|-mega|p1b: Marquitos|Blastoise|Blastoisinite\n|move|p1a: Magnue doble A|Follow Me|p1a: Magnue doble A\n|-singleturn|p1a: Magnue doble A|move: Follow Me\n|move|p2b: tornica|Thunder|p1a: Magnue doble A\n|-damage|p1a: Magnue doble A|78\/100\n|move|p1b: Marquitos|Shell Smash|p1b: Marquitos\n|-unboost|p1b: Marquitos|def|1\n|-unboost|p1b: Marquitos|spd|1\n|-boost|p1b: Marquitos|atk|2\n|-boost|p1b: Marquitos|spa|2\n|-boost|p1b: Marquitos|spe|2\n|move|p2a: lluevee|Hydro Pump|p1a: Magnue doble A|[miss]\n|-miss|p2a: lluevee|p1a: Magnue doble A\n|\n|-weather|RainDance|[upkeep]\n|upkeep\n|turn|2\n|\n|t:|1695652472\n|move|p1a: Magnue doble A|Follow Me|p1a: Magnue doble A\n|-singleturn|p1a: Magnue doble A|move: Follow Me\n|move|p1b: Marquitos|Shell Smash|p1b: Marquitos\n|-unboost|p1b: Marquitos|def|1\n|-unboost|p1b: Marquitos|spd|1\n|-boost|p1b: Marquitos|atk|2\n|-boost|p1b: Marquitos|spa|2\n|-boost|p1b: Marquitos|spe|2\n|move|p2b: tornica|Thunder|p1a: Magnue doble A\n|-damage|p1a: Magnue doble A|57\/100\n|move|p2a: lluevee|Hydro Pump|p1a: Magnue doble A\n|-supereffective|p1a: Magnue doble A\n|-damage|p1a: Magnue doble A|0 fnt\n|faint|p1a: Magnue doble A\n|\n|-weather|RainDance|[upkeep]\n|upkeep\n|j| Piriko.\n|\n|t:|1695652487\n|switch|p1a: Pokemon Sleep|Snorlax, M|100\/100\n|turn|3\n|\n|t:|1695652500\n|move|p1b: Marquitos|Water Spout|p2a: lluevee|[spread] p2a,p2b\n|-resisted|p2a: lluevee\n|-supereffective|p2b: tornica\n|-damage|p2a: lluevee|0 fnt\n|-damage|p2b: tornica|0 fnt\n|faint|p2a: lluevee\n|faint|p2b: tornica\n|move|p1a: Pokemon Sleep|Belly Drum|p1a: Pokemon Sleep\n|-damage|p1a: Pokemon Sleep|50\/100\n|-setboost|p1a: Pokemon Sleep|atk|6|[from] move: Belly Drum\n|-enditem|p1a: Pokemon Sleep|Aguav Berry|[eat]\n|-heal|p1a: Pokemon Sleep|84\/100|[from] item: Aguav Berry\n|\n|-weather|RainDance|[upkeep]\n|upkeep\n|\n|t:|1695652525\n|switch|p2b: Wavvalluba|Regidrago|100\/100\n|switch|p2a: salista|Greninja, F|100\/100\n|turn|4\n|\n|t:|1695652550\n|move|p2a: salista|Water Shuriken|p1a: Pokemon Sleep\n|-start|p2a: salista|typechange|Water|[from] ability: Protean\n|-damage|p1a: Pokemon Sleep|78\/100\n|-damage|p1a: Pokemon Sleep|72\/100\n|-damage|p1a: Pokemon Sleep|66\/100\n|-damage|p1a: Pokemon Sleep|60\/100\n|-hitcount|p1a: Pokemon Sleep|4\n|move|p1b: Marquitos|Water Spout|p2b: Wavvalluba|[spread] p2a,p2b\n|-resisted|p2a: salista\n|-resisted|p2b: Wavvalluba\n|-damage|p2a: salista|0 fnt\n|-damage|p2b: Wavvalluba|0 fnt\n|faint|p2a: salista\n|faint|p2b: Wavvalluba\n|move|p1a: Pokemon Sleep|Return|p2: salista|[notarget]\n|-fail|p1a: Pokemon Sleep\n|\n|-weather|RainDance|[upkeep]\n|upkeep\n|\n|t:|1695652567\n|switch|p2a: gioconda|Decidueye-Hisui, F, shiny|100\/100\n|switch|p2b: verum|Tyrantrum, M|100\/100\n|turn|5\n|\n|t:|1695652605\n|move|p1b: Marquitos|Water Spout|p2b: verum|[spread] p2a,p2b\n|-resisted|p2a: gioconda\n|-damage|p2a: gioconda|0 fnt\n|-damage|p2b: verum|0 fnt\n|faint|p2a: gioconda\n|faint|p2b: verum\n|\n|win|Tukitiko\n|c|\u2606Morakun|GG\n|c|\u2606Morakun|me repapearon\n|c|\u2606Tukitiko|estubo feo\n|c|\u2606Tukitiko|pero gg\n","uploadtime":1695652617,"views":7,"p1id":"tukitiko","p2id":"morakun","formatid":"gen9nationaldexdoubles","rating":0,"private":0,"password":""}