{"id":"gen9nationaldexdoubles-1973141431","p1":"Daepiquejt","p2":"WillroBalance","format":"[Gen 9] National Dex Doubles","log":"|j|\u2606Daepiquejt\n|j|\u2606WillroBalance\n|t:|1697932223\n|gametype|doubles\n|player|p1|Daepiquejt|169|\n|player|p2|WillroBalance|olympia|\n|teamsize|p1|6\n|teamsize|p2|6\n|gen|9\n|tier|[Gen 9] National Dex Doubles\n|rated|Tournament battle\n|rule|HP Percentage Mod: HP is shown in percentages\n|rule|Endless Battle Clause: Forcing endless battles is banned\n|rule|OHKO Clause: OHKO moves are banned\n|rule|Evasion Moves Clause: Evasion moves are banned\n|rule|Evasion Abilities Clause: Evasion abilities are banned\n|rule|Species Clause: Limit one of each Pok\u00e9mon\n|rule|Gravity Sleep Clause: The combination of sleep-inducing moves with imperfect accuracy and Gravity or Gigantamax Orbeetle are banned\n|clearpoke\n|poke|p1|Scizor, F|\n|poke|p1|Rillaboom, M|\n|poke|p1|Volcanion|\n|poke|p1|Chien-Pao|\n|poke|p1|Tornadus, M|\n|poke|p1|Zygarde|\n|poke|p2|Charizard, M|\n|poke|p2|Chi-Yu|\n|poke|p2|Flutter Mane|\n|poke|p2|Whimsicott, M|\n|poke|p2|Zygarde|\n|poke|p2|Chien-Pao|\n|teampreview\n|inactive|Battle timer is ON: inactive players will automatically lose when time's up. (requested by WillroBalance)\n|inactive|Daepiquejt also wants the timer to be on.\n|c|\u2606Daepiquejt|It's lawnmowing time\n|c|\u2606WillroBalance|its sun mowing time\n|inactive|Daepiquejt has 120 seconds left.\n|l|\u2606Daepiquejt\n|inactive|Daepiquejt disconnected and has a minute to reconnect!\n|player|p1|\n|j|\u2606Daepiquejt\n|inactive|Daepiquejt reconnected and has 105 seconds left.\n|player|p1|Daepiquejt|169\n|c|\u2606WillroBalance|jt\n|c|\u2606WillroBalance|dont leave me\n|inactive|Daepiquejt has 90 seconds left.\n|c|\u2606Daepiquejt|I have good internet trust\n|c|\u2606WillroBalance|alr alr\n|c|\u2606WillroBalance|well glhf\n|\n|t:|1697932311\n|start\n|switch|p1a: Not ice weak|Volcanion|100\/100\n|switch|p1b: Very ice weak|Zygarde|100\/100\n|switch|p2a: Whimsicott|Whimsicott, M|100\/100\n|switch|p2b: Charizard|Charizard, M|100\/100\n|-ability|p1b: Very ice weak|Aura Break\n|turn|1\n|\n|t:|1697932318\n|move|p2b: Charizard|Protect|p2b: Charizard\n|-singleturn|p2b: Charizard|Protect\n|move|p2a: Whimsicott|Tailwind|p2a: Whimsicott\n|-sidestart|p2: WillroBalance|move: Tailwind\n|move|p1b: Very ice weak|Dragon Dance|p1b: Very ice weak\n|-boost|p1b: Very ice weak|atk|1\n|-boost|p1b: Very ice weak|spe|1\n|move|p1a: Not ice weak|Substitute|p1a: Not ice weak\n|-start|p1a: Not ice weak|Substitute\n|-damage|p1a: Not ice weak|76\/100\n|\n|-heal|p1a: Not ice weak|82\/100|[from] item: Leftovers\n|upkeep\n|turn|2\n|inactive|Daepiquejt has 120 seconds left.\n|\n|t:|1697932353\n|detailschange|p2b: Charizard|Charizard-Mega-Y, M\n|-mega|p2b: Charizard|Charizard|Charizardite Y\n|-weather|SunnyDay|[from] ability: Drought|[of] p2b: Charizard\n|move|p2a: Whimsicott|Encore|p1b: Very ice weak\n|-start|p1b: Very ice weak|Encore\n|move|p2b: Charizard|Scorching Sands|p1a: Not ice weak\n|-supereffective|p1a: Not ice weak\n|-end|p1a: Not ice weak|Substitute\n|move|p1b: Very ice weak|Dragon Dance|p1b: Very ice weak\n|-boost|p1b: Very ice weak|atk|1\n|-boost|p1b: Very ice weak|spe|1\n|move|p1a: Not ice weak|Heat Wave|p2a: Whimsicott|[spread] p2a,p2b\n|-supereffective|p2a: Whimsicott\n|-resisted|p2b: Charizard\n|-damage|p2a: Whimsicott|0 fnt\n|-damage|p2b: Charizard|67\/100\n|faint|p2a: Whimsicott\n|\n|-weather|SunnyDay|[upkeep]\n|-heal|p1a: Not ice weak|88\/100|[from] item: Leftovers\n|upkeep\n|\n|t:|1697932366\n|switch|p2a: Zygarde|Zygarde|100\/100\n|-ability|p2a: Zygarde|Aura Break\n|turn|3\n|\n|t:|1697932393\n|switch|p1b: The Lawn|Rillaboom, M|100\/100\n|-fieldstart|move: Grassy Terrain|[from] ability: Grassy Surge|[of] p1b: The Lawn\n|move|p2b: Charizard|Scorching Sands|p1a: Not ice weak\n|-supereffective|p1a: Not ice weak\n|-damage|p1a: Not ice weak|27\/100\n|move|p2a: Zygarde|Thousand Arrows|p1b: The Lawn|[spread] p1a,p1b\n|-supereffective|p1a: Not ice weak\n|-resisted|p1b: The Lawn\n|-damage|p1a: Not ice weak|0 fnt\n|-damage|p1b: The Lawn|80\/100\n|faint|p1a: Not ice weak\n|\n|-weather|SunnyDay|[upkeep]\n|-heal|p1b: The Lawn|86\/100|[from] Grassy Terrain\n|upkeep\n|inactive|Daepiquejt has 120 seconds left.\n|\n|t:|1697932415\n|switch|p1a: Less ice weak|Tornadus, M|100\/100\n|turn|4\n|\n|t:|1697932425\n|move|p1b: The Lawn|Fake Out|p2b: Charizard\n|-damage|p2b: Charizard|45\/100\n|move|p1a: Less ice weak|Tailwind|p1a: Less ice weak\n|-sidestart|p1: Daepiquejt|move: Tailwind\n|cant|p2b: Charizard|flinch\n|move|p2a: Zygarde|Thousand Arrows|p1b: The Lawn|[spread] p1a,p1b\n|-resisted|p1b: The Lawn\n|-damage|p1a: Less ice weak|26\/100\n|-damage|p1b: The Lawn|66\/100\n|-start|p1a: Less ice weak|Smack Down\n|\n|-weather|SunnyDay|[upkeep]\n|-heal|p1a: Less ice weak|32\/100|[from] Grassy Terrain\n|-heal|p1b: The Lawn|72\/100|[from] Grassy Terrain\n|-sideend|p2: WillroBalance|move: Tailwind\n|upkeep\n|turn|5\n|inactive|Daepiquejt has 120 seconds left.\n|\n|t:|1697932465\n|move|p2b: Charizard|Protect|p2b: Charizard\n|-singleturn|p2b: Charizard|Protect\n|-zpower|p1a: Less ice weak\n|move|p1a: Less ice weak|Supersonic Skystrike|p2b: Charizard|[zeffect]\n|-zbroken|p2b: Charizard\n|-damage|p2b: Charizard|23\/100\n|move|p1b: The Lawn|Knock Off|p2a: Zygarde\n|-damage|p2a: Zygarde|73\/100\n|-enditem|p2a: Zygarde|Choice Band|[from] move: Knock Off|[of] p1b: The Lawn\n|move|p2a: Zygarde|Thousand Arrows|p1b: The Lawn|[spread] p1a,p1b\n|-resisted|p1b: The Lawn\n|-damage|p1a: Less ice weak|0 fnt\n|-damage|p1b: The Lawn|57\/100\n|faint|p1a: Less ice weak\n|\n|-weather|SunnyDay|[upkeep]\n|-heal|p1b: The Lawn|63\/100|[from] Grassy Terrain\n|-heal|p2a: Zygarde|79\/100|[from] Grassy Terrain\n|upkeep\n|c|\u2606Daepiquejt|Oh\n|inactive|Daepiquejt has 90 seconds left.\n|c|\u2606Daepiquejt|Band's very rare\n|\n|t:|1697932501\n|switch|p1a: Very ice weak|Zygarde|100\/100\n|-ability|p1a: Very ice weak|Aura Break\n|turn|6\n|inactive|Daepiquejt has 90 seconds left.\n|c|\u2606WillroBalance|i love band\n|c|\u2606WillroBalance|i love the immediate power\n|\n|t:|1697932522\n|move|p1a: Very ice weak|Dragon Dance|p1a: Very ice weak\n|-boost|p1a: Very ice weak|atk|1\n|-boost|p1a: Very ice weak|spe|1\n|move|p1b: The Lawn|Knock Off|p2b: Charizard\n|-damage|p2b: Charizard|0 fnt\n|faint|p2b: Charizard\n|move|p2a: Zygarde|Dragon Tail|p1a: Very ice weak\n|-supereffective|p1a: Very ice weak\n|-damage|p1a: Very ice weak|54\/100\n|drag|p1a: Pien-chao|Chien-Pao|100\/100\n|-ability|p1a: Pien-chao|Sword of Ruin\n|\n|-weather|none\n|-heal|p1b: The Lawn|70\/100|[from] Grassy Terrain\n|-heal|p2a: Zygarde|85\/100|[from] Grassy Terrain\n|upkeep\n|\n|t:|1697932539\n|switch|p2b: Chi-Yu|Chi-Yu|100\/100\n|-ability|p2b: Chi-Yu|Beads of Ruin\n|turn|7\n|c|\u2606Daepiquejt|And I forgot I knocked it off\n|\n|t:|1697932561\n|move|p2b: Chi-Yu|Protect|p2b: Chi-Yu\n|-singleturn|p2b: Chi-Yu|Protect\n|move|p2a: Zygarde|Extreme Speed|p1a: Pien-chao\n|-damage|p1a: Pien-chao|69\/100\n|move|p1a: Pien-chao|Sacred Sword|p2b: Chi-Yu\n|-activate|p2b: Chi-Yu|move: Protect\n|move|p1b: The Lawn|Knock Off|p2b: Chi-Yu\n|-activate|p2b: Chi-Yu|move: Protect\n|\n|-heal|p1a: Pien-chao|75\/100|[from] Grassy Terrain\n|-heal|p1b: The Lawn|76\/100|[from] Grassy Terrain\n|-heal|p2a: Zygarde|91\/100|[from] Grassy Terrain\n|-sideend|p1: Daepiquejt|move: Tailwind\n|-fieldend|move: Grassy Terrain\n|upkeep\n|turn|8\n|c|\u2606WillroBalance|hey dragon tail is rare anyways\n|\n|t:|1697932587\n|move|p2a: Zygarde|Extreme Speed|p1a: Pien-chao\n|-damage|p1a: Pien-chao|39\/100\n|move|p1a: Pien-chao|Icicle Crash|p2a: Zygarde\n|-supereffective|p2a: Zygarde\n|-damage|p2a: Zygarde|0 fnt\n|faint|p2a: Zygarde\n|move|p2b: Chi-Yu|Heat Wave|p1a: Pien-chao|[spread] p1a,p1b\n|-supereffective|p1a: Pien-chao\n|-supereffective|p1b: The Lawn\n|-damage|p1a: Pien-chao|0 fnt\n|-damage|p1b: The Lawn|0 fnt\n|faint|p1a: Pien-chao\n|faint|p1b: The Lawn\n|\n|upkeep\n|\n|t:|1697932598\n|switch|p1a: Very ice weak|Zygarde|54\/100\n|switch|p2a: Chien-Pao|Chien-Pao|100\/100\n|switch|p1b: The Lawnmower|Scizor, F|100\/100\n|-ability|p2a: Chien-Pao|Sword of Ruin\n|-ability|p1a: Very ice weak|Aura Break\n|turn|9\n|\n|t:|1697932610\n|detailschange|p1b: The Lawnmower|Scizor-Mega, F\n|-mega|p1b: The Lawnmower|Scizor|Scizorite\n|move|p1a: Very ice weak|Extreme Speed|p2a: Chien-Pao\n|-damage|p2a: Chien-Pao|68\/100\n|move|p1b: The Lawnmower|Bullet Punch|p2a: Chien-Pao\n|-supereffective|p2a: Chien-Pao\n|-damage|p2a: Chien-Pao|0 fnt\n|faint|p2a: Chien-Pao\n|move|p2b: Chi-Yu|Heat Wave|p1b: The Lawnmower|[spread] p1a,p1b\n|-resisted|p1a: Very ice weak\n|-supereffective|p1b: The Lawnmower\n|-damage|p1a: Very ice weak|30\/100\n|-damage|p1b: The Lawnmower|0 fnt\n|faint|p1b: The Lawnmower\n|\n|upkeep\n|\n|t:|1697932622\n|switch|p2a: Flutter Mane|Flutter Mane|100\/100\n|turn|10\n|c|\u2606WillroBalance|gg\n|c|\u2606Daepiquejt|GG\n|c|\u2606WillroBalance|fantastic game\n|\n|t:|1697932640\n|-terastallize|p2a: Flutter Mane|Fairy\n|move|p2a: Flutter Mane|Moonblast|p1a: Very ice weak\n|-supereffective|p1a: Very ice weak\n|-damage|p1a: Very ice weak|0 fnt\n|faint|p1a: Very ice weak\n|\n|win|WillroBalance\n|n|\u2606WillroBalance|willrobalance\n|n|\u2606Daepiquejt|daepiquejt\n","uploadtime":1697932640,"views":24,"p1id":"daepiquejt","p2id":"willrobalance","formatid":"gen9nationaldexdoubles","rating":0,"private":0,"password":""}