{"id":"gen9nationaldexdoubles-1966676445","p1":"breadban","p2":"Old McBruh","format":"[Gen 9] National Dex Doubles","log":"|j|\u2606breadban\n|j|\u2606Old McBruh\n|t:|1697212780\n|gametype|doubles\n|player|p1|breadban|1|1369\n|player|p2|Old McBruh|colress|1528\n|teamsize|p1|6\n|teamsize|p2|6\n|gen|9\n|tier|[Gen 9] National Dex Doubles\n|rated|\n|rule|HP Percentage Mod: HP is shown in percentages\n|rule|Endless Battle Clause: Forcing endless battles is banned\n|rule|OHKO Clause: OHKO moves are banned\n|rule|Evasion Moves Clause: Evasion moves are banned\n|rule|Evasion Abilities Clause: Evasion abilities are banned\n|rule|Species Clause: Limit one of each Pok\u00e9mon\n|rule|Gravity Sleep Clause: The combination of sleep-inducing moves with imperfect accuracy and Gravity or Gigantamax Orbeetle are banned\n|clearpoke\n|poke|p1|Gardevoir, F|\n|poke|p1|Pelipper, M|\n|poke|p1|Indeedee-F, F|\n|poke|p1|Basculegion-F, F|\n|poke|p1|Incineroar, M|\n|poke|p1|Clodsire, F|\n|poke|p2|Zygarde|\n|poke|p2|Ninetales-Alola, F|\n|poke|p2|Cresselia, F|\n|poke|p2|Whimsicott, M|\n|poke|p2|Chien-Pao|\n|poke|p2|Rillaboom, F|\n|teampreview\n|\n|t:|1697212799\n|start\n|switch|p1a: Zucaritas|Incineroar, M|100\/100\n|switch|p1b: Miss. Gardi|Gardevoir, F, shiny|100\/100\n|switch|p2a: The Immortal|Zygarde|100\/100\n|switch|p2b: Annoying Fluffball|Whimsicott, M|100\/100\n|-ability|p2a: The Immortal|Aura Break\n|-ability|p1a: Zucaritas|Intimidate|boost\n|-fail|p2a: The Immortal|unboost|[from] item: Clear Amulet|[of] p2a: The Immortal\n|-unboost|p2b: Annoying Fluffball|atk|1\n|turn|1\n|\n|t:|1697212837\n|move|p2a: The Immortal|Protect|p2a: The Immortal\n|-singleturn|p2a: The Immortal|Protect\n|move|p1a: Zucaritas|Fake Out|p2a: The Immortal\n|-activate|p2a: The Immortal|move: Protect\n|move|p2b: Annoying Fluffball|Tailwind|p2b: Annoying Fluffball\n|-sidestart|p2: Old McBruh|move: Tailwind\n|move|p1b: Miss. Gardi|Trick Room|p1b: Miss. Gardi\n|-fieldstart|move: Trick Room|[of] p1b: Miss. Gardi\n|\n|upkeep\n|turn|2\n|\n|t:|1697212857\n|detailschange|p1b: Miss. Gardi|Gardevoir-Mega, F, shiny\n|-mega|p1b: Miss. Gardi|Gardevoir|Gardevoirite\n|move|p2b: Annoying Fluffball|Encore|p1b: Miss. Gardi\n|-start|p1b: Miss. Gardi|Encore\n|move|p1a: Zucaritas|Parting Shot|p2b: Annoying Fluffball\n|-unboost|p2b: Annoying Fluffball|atk|1\n|-unboost|p2b: Annoying Fluffball|spa|1\n|\n|t:|1697212871\n|switch|p1a: Miss. Indede|Indeedee-F, F|100\/100|[from] Parting Shot\n|-fieldstart|move: Psychic Terrain|[from] ability: Psychic Surge|[of] p1a: Miss. Indede\n|-enditem|p1a: Miss. Indede|Psychic Seed\n|-boost|p1a: Miss. Indede|spd|1|[from] item: Psychic Seed\n|move|p1b: Miss. Gardi|Trick Room|p1b: Miss. Gardi\n|-fieldend|move: Trick Room\n|move|p2a: The Immortal|Coil|p2a: The Immortal\n|-boost|p2a: The Immortal|atk|1\n|-boost|p2a: The Immortal|def|1\n|-boost|p2a: The Immortal|accuracy|1\n|\n|upkeep\n|turn|3\n|\n|t:|1697212891\n|switch|p2b: Donkey Kong|Rillaboom, F|100\/100\n|-fieldstart|move: Grassy Terrain|[from] ability: Grassy Surge|[of] p2b: Donkey Kong\n|switch|p1b: Basculegion|Basculegion-F, F|100\/100\n|move|p2a: The Immortal|Coil|p2a: The Immortal\n|-boost|p2a: The Immortal|atk|1\n|-boost|p2a: The Immortal|def|1\n|-boost|p2a: The Immortal|accuracy|1\n|move|p1a: Miss. Indede|Trick Room|p1a: Miss. Indede\n|-fieldstart|move: Trick Room|[of] p1a: Miss. Indede\n|\n|upkeep\n|turn|4\n|\n|t:|1697212907\n|switch|p1a: Zucaritas|Incineroar, M|100\/100\n|-ability|p1a: Zucaritas|Intimidate|boost\n|-fail|p2a: The Immortal|unboost|[from] item: Clear Amulet|[of] p2a: The Immortal\n|-unboost|p2b: Donkey Kong|atk|1\n|-terastallize|p1b: Basculegion|Fighting\n|move|p2a: The Immortal|Protect|p2a: The Immortal\n|-singleturn|p2a: The Immortal|Protect\n|move|p1b: Basculegion|Ice Beam|p2a: The Immortal\n|-activate|p2a: The Immortal|move: Protect\n|move|p2b: Donkey Kong|U-turn|p1a: Zucaritas\n|-damage|p1a: Zucaritas|84\/100\n|\n|t:|1697212914\n|switch|p2b: Girlboss|Ninetales-Alola, F|100\/100|[from] U-turn\n|-weather|Snow|[from] ability: Snow Warning|[of] p2b: Girlboss\n|\n|-weather|Snow|[upkeep]\n|-heal|p1a: Zucaritas|90\/100|[from] Grassy Terrain\n|-sideend|p2: Old McBruh|move: Tailwind\n|upkeep\n|turn|5\n|\n|t:|1697212931\n|-terastallize|p2a: The Immortal|Normal\n|move|p1a: Zucaritas|Parting Shot|p2b: Girlboss\n|-unboost|p2b: Girlboss|atk|1\n|-unboost|p2b: Girlboss|spa|1\n|\n|t:|1697212955\n|switch|p1a: Miss. Indede|Indeedee-F, F|100\/100|[from] Parting Shot\n|-fieldstart|move: Psychic Terrain|[from] ability: Psychic Surge|[of] p1a: Miss. Indede\n|move|p1b: Basculegion|Ice Beam|p2a: The Immortal\n|-damage|p2a: The Immortal|70\/100\n|move|p2a: The Immortal|Thousand Arrows|p1b: Basculegion|[spread] p1a,p1b\n|-damage|p1a: Miss. Indede|47\/100\n|-damage|p1b: Basculegion|46\/100\n|move|p2b: Girlboss|Aurora Veil|p2b: Girlboss\n|-sidestart|p2: Old McBruh|move: Aurora Veil\n|\n|-weather|Snow|[upkeep]\n|upkeep\n|turn|6\n|\n|t:|1697212980\n|switch|p1b: Clodsire|Clodsire, F|100\/100\n|move|p2a: The Immortal|Protect|p2a: The Immortal\n|-singleturn|p2a: The Immortal|Protect\n|move|p1a: Miss. Indede|Expanding Force|p2b: Girlboss|[spread] p2b\n|-activate|p2a: The Immortal|move: Protect\n|-damage|p2b: Girlboss|72\/100\n|move|p2b: Girlboss|Blizzard|p1b: Clodsire|[spread] p1a,p1b\n|-supereffective|p1b: Clodsire\n|-damage|p1a: Miss. Indede|27\/100\n|-damage|p1b: Clodsire|77\/100\n|-status|p1b: Clodsire|frz\n|\n|-weather|Snow|[upkeep]\n|-heal|p1b: Clodsire|83\/100 frz|[from] item: Black Sludge\n|upkeep\n|turn|7\n|\n|t:|1697213006\n|switch|p2b: Donkey Kong|Rillaboom, F|100\/100\n|-fieldstart|move: Grassy Terrain|[from] ability: Grassy Surge|[of] p2b: Donkey Kong\n|cant|p1b: Clodsire|frz\n|move|p1a: Miss. Indede|Expanding Force|p2a: The Immortal\n|-damage|p2a: The Immortal|59\/100\n|move|p2a: The Immortal|Coil|p2a: The Immortal\n|-boost|p2a: The Immortal|atk|1\n|-boost|p2a: The Immortal|def|1\n|-boost|p2a: The Immortal|accuracy|1\n|\n|-weather|Snow|[upkeep]\n|-heal|p1b: Clodsire|90\/100 frz|[from] Grassy Terrain\n|-heal|p1b: Clodsire|96\/100 frz|[from] item: Black Sludge\n|-heal|p1a: Miss. Indede|33\/100|[from] Grassy Terrain\n|-heal|p2a: The Immortal|65\/100|[from] Grassy Terrain\n|-fieldend|move: Trick Room\n|upkeep\n|turn|8\n|\n|t:|1697213029\n|switch|p1a: Amazon|Pelipper, M|100\/100\n|-weather|RainDance|[from] ability: Drizzle|[of] p1a: Amazon\n|move|p2b: Donkey Kong|Grassy Glide|p1b: Clodsire\n|-damage|p1b: Clodsire|52\/100 frz\n|move|p2a: The Immortal|Thousand Arrows|p1a: Amazon|[spread] p1a,p1b\n|-supereffective|p1b: Clodsire\n|-damage|p1a: Amazon|32\/100\n|-damage|p1b: Clodsire|0 fnt\n|-start|p1a: Amazon|Smack Down\n|faint|p1b: Clodsire\n|\n|-weather|RainDance|[upkeep]\n|-heal|p2a: The Immortal|71\/100|[from] Grassy Terrain\n|-heal|p1a: Amazon|38\/100|[from] Grassy Terrain\n|upkeep\n|j| bosspark1737376\n|l| bosspark1737376\n|\n|t:|1697213056\n|switch|p1b: Basculegion|Basculegion-F, F, tera:Fighting|46\/100\n|turn|9\n|c|\u2606Old McBruh|oh hi paldea athens\n|\n|t:|1697213084\n|move|p1a: Amazon|Wide Guard|p1a: Amazon\n|-singleturn|p1a: Amazon|Wide Guard\n|move|p2a: The Immortal|Extreme Speed|p1b: Basculegion\n|-damage|p1b: Basculegion|0 fnt\n|faint|p1b: Basculegion\n|move|p2b: Donkey Kong|Grassy Glide|p1a: Amazon\n|-damage|p1a: Amazon|0 fnt\n|faint|p1a: Amazon\n|\n|-weather|RainDance|[upkeep]\n|-heal|p2a: The Immortal|77\/100|[from] Grassy Terrain\n|upkeep\n|c|\u2606Old McBruh|nosy much?\n|\n|t:|1697213102\n|switch|p1b: Miss. Gardi|Gardevoir-Mega, F, shiny|100\/100\n|switch|p1a: Zucaritas|Incineroar, M|90\/100\n|-ability|p1a: Zucaritas|Intimidate|boost\n|-fail|p2a: The Immortal|unboost|[from] item: Clear Amulet|[of] p2a: The Immortal\n|-unboost|p2b: Donkey Kong|atk|1\n|turn|10\n|\n|t:|1697213120\n|move|p2a: The Immortal|Protect|p2a: The Immortal\n|-singleturn|p2a: The Immortal|Protect\n|move|p1a: Zucaritas|Fake Out|p2b: Donkey Kong\n|-damage|p2b: Donkey Kong|92\/100\n|cant|p2b: Donkey Kong|flinch\n|move|p1b: Miss. Gardi|Hyper Voice|p2b: Donkey Kong|[spread] p2b\n|-activate|p2a: The Immortal|move: Protect\n|-damage|p2b: Donkey Kong|69\/100\n|\n|-weather|RainDance|[upkeep]\n|-heal|p2a: The Immortal|83\/100|[from] Grassy Terrain\n|-heal|p2b: Donkey Kong|76\/100|[from] Grassy Terrain\n|-heal|p1a: Zucaritas|96\/100|[from] Grassy Terrain\n|upkeep\n|turn|11\n|j| Where's your Fang\n|\n|t:|1697213143\n|move|p1b: Miss. Gardi|Protect|p1b: Miss. Gardi\n|-singleturn|p1b: Miss. Gardi|Protect\n|move|p2a: The Immortal|Thousand Arrows|p1a: Zucaritas|[spread] p1a\n|-activate|p1b: Miss. Gardi|move: Protect\n|-supereffective|p1a: Zucaritas\n|-damage|p1a: Zucaritas|0 fnt\n|faint|p1a: Zucaritas\n|move|p2b: Donkey Kong|U-turn|p1b: Miss. Gardi\n|-activate|p1b: Miss. Gardi|move: Protect\n|\n|-weather|RainDance|[upkeep]\n|-heal|p2a: The Immortal|90\/100|[from] Grassy Terrain\n|-heal|p2b: Donkey Kong|82\/100|[from] Grassy Terrain\n|-fieldend|move: Grassy Terrain\n|upkeep\n|\n|t:|1697213156\n|switch|p1a: Miss. Indede|Indeedee-F, F|33\/100\n|-fieldstart|move: Psychic Terrain|[from] ability: Psychic Surge|[of] p1a: Miss. Indede\n|turn|12\n|c|\u2606breadban|Bye Bye\n|c|\u2606Old McBruh|gg\n|\n|t:|1697213177\n|move|p2a: The Immortal|Thousand Arrows|p1a: Miss. Indede|[spread] p1a,p1b\n|-damage|p1a: Miss. Indede|0 fnt\n|-damage|p1b: Miss. Gardi|37\/100\n|faint|p1a: Miss. Indede\n|move|p2b: Donkey Kong|U-turn|p1b: Miss. Gardi\n|-damage|p1b: Miss. Gardi|20\/100\n|c|\u2606breadban|GG\n|\n|t:|1697213185\n|switch|p2b: Annoying Fluffball|Whimsicott, M|100\/100|[from] U-turn\n|move|p1b: Miss. Gardi|Hyper Voice|p2b: Annoying Fluffball|[spread] p2a,p2b\n|-damage|p2a: The Immortal|69\/100\n|-damage|p2b: Annoying Fluffball|45\/100\n|\n|-weather|none\n|-sideend|p2: Old McBruh|move: Aurora Veil\n|upkeep\n|turn|13\n|\n|t:|1697213196\n|switch|p2b: Donkey Kong|Rillaboom, F|82\/100\n|-fieldstart|move: Grassy Terrain|[from] ability: Grassy Surge|[of] p2b: Donkey Kong\n|move|p1b: Miss. Gardi|Protect|p1b: Miss. Gardi\n|-singleturn|p1b: Miss. Gardi|Protect\n|move|p2a: The Immortal|Extreme Speed|p1b: Miss. Gardi\n|-activate|p1b: Miss. Gardi|move: Protect\n|\n|-heal|p2a: The Immortal|75\/100|[from] Grassy Terrain\n|-heal|p2b: Donkey Kong|88\/100|[from] Grassy Terrain\n|-heal|p1b: Miss. Gardi|27\/100|[from] Grassy Terrain\n|upkeep\n|turn|14\n|\n|t:|1697213209\n|move|p2a: The Immortal|Extreme Speed|p1b: Miss. Gardi\n|-damage|p1b: Miss. Gardi|0 fnt\n|faint|p1b: Miss. Gardi\n|\n|win|Old McBruh\n|raw|breadban's rating: 1369 &rarr; <strong>1358<\/strong><br \/>(-11 for losing)\n|raw|Old McBruh's rating: 1528 &rarr; <strong>1539<\/strong><br \/>(+11 for winning)\n|l|\u2606breadban\n|l|\u2606Old McBruh\n|j|\u2606Old McBruh\n|player|p2|Old McBruh|colress\n","uploadtime":1697213237,"views":11,"p1id":"breadban","p2id":"oldmcbruh","formatid":"gen9nationaldexdoubles","rating":1358,"private":0,"password":""}