{"id":"gen9nationaldexdoubles-1955847283","p1":"Chad Tankers","p2":"Brrunoth","format":"[Gen 9] National Dex Doubles","log":"|j|\u2606Chad Tankers\n|j|\u2606Brrunoth\n|t:|1696034399\n|gametype|doubles\n|player|p1|Chad Tankers|burglar|1312\n|player|p2|Brrunoth|adaman|1512\n|teamsize|p1|6\n|teamsize|p2|6\n|gen|9\n|tier|[Gen 9] National Dex Doubles\n|rated|\n|rule|HP Percentage Mod: HP is shown in percentages\n|rule|Endless Battle Clause: Forcing endless battles is banned\n|rule|OHKO Clause: OHKO moves are banned\n|rule|Evasion Moves Clause: Evasion moves are banned\n|rule|Evasion Abilities Clause: Evasion abilities are banned\n|rule|Species Clause: Limit one of each Pok\u00e9mon\n|rule|Gravity Sleep Clause: The combination of sleep-inducing moves with imperfect accuracy and Gravity or Gigantamax Orbeetle are banned\n|clearpoke\n|poke|p1|Kyurem-Black|\n|poke|p1|Tapu Koko|\n|poke|p1|Scizor, M|\n|poke|p1|Marshadow|\n|poke|p1|Volcanion|\n|poke|p1|Ninetales-Alola, F|\n|poke|p2|Charizard, M|\n|poke|p2|Chi-Yu|\n|poke|p2|Flutter Mane|\n|poke|p2|Whimsicott, F|\n|poke|p2|Kingambit, M|\n|poke|p2|Landorus-Therian, M|\n|teampreview\n|inactive|Battle timer is ON: inactive players will automatically lose when time's up. (requested by Chad Tankers)\n|c|\u2606Brrunoth|glhf\n|\n|t:|1696034419\n|start\n|switch|p1a: Tapu Koko|Tapu Koko|100\/100\n|switch|p1b: Volcanion|Volcanion|100\/100\n|switch|p2a: the sun|Charizard, M|100\/100\n|switch|p2b: the feesh|Chi-Yu|100\/100\n|-fieldstart|move: Electric Terrain|[from] ability: Electric Surge|[of] p1a: Tapu Koko\n|-ability|p2b: the feesh|Beads of Ruin\n|turn|1\n|\n|t:|1696034438\n|switch|p2a: the fool|Whimsicott, F|100\/100\n|switch|p2b: the META|Landorus-Therian, M|100\/100\n|-ability|p2b: the META|Intimidate|boost\n|-unboost|p1a: Tapu Koko|atk|1\n|-unboost|p1b: Volcanion|atk|1\n|move|p1a: Tapu Koko|Volt Switch|p2a: the fool\n|-resisted|p2a: the fool\n|-damage|p2a: the fool|81\/100\n|\n|t:|1696034453\n|switch|p1a: Kyurem|Kyurem-Black, shiny|100\/100|[from] Volt Switch\n|-ability|p1a: Kyurem|Teravolt\n|move|p1b: Volcanion|Steam Eruption|p2b: the META\n|-supereffective|p2b: the META\n|-crit|p2b: the META\n|-damage|p2b: the META|0 fnt\n|faint|p2b: the META\n|\n|upkeep\n|\n|t:|1696034463\n|switch|p2b: the king|Kingambit, M|100\/100\n|turn|2\n|\n|t:|1696034470\n|move|p1a: Kyurem|Protect|p1a: Kyurem\n|-singleturn|p1a: Kyurem|Protect\n|move|p2a: the fool|Tailwind|p2a: the fool\n|-sidestart|p2: Brrunoth|move: Tailwind\n|move|p2b: the king|Iron Head|p1a: Kyurem\n|-activate|p1a: Kyurem|move: Protect\n|move|p1b: Volcanion|Heat Wave|p2b: the king|[spread] p2a,p2b\n|-supereffective|p2a: the fool\n|-supereffective|p2b: the king\n|-damage|p2a: the fool|0 fnt\n|-damage|p2b: the king|49\/100\n|faint|p2a: the fool\n|\n|upkeep\n|\n|t:|1696034477\n|switch|p2a: the tank|Flutter Mane|100\/100\n|turn|3\n|\n|t:|1696034493\n|switch|p1a: Scizor|Scizor, M|100\/100\n|move|p2a: the tank|Moonblast|p1a: Scizor\n|-resisted|p1a: Scizor\n|-damage|p1a: Scizor|55\/100\n|move|p2b: the king|Knock Off|p1b: Volcanion\n|-damage|p1b: Volcanion|58\/100\n|-enditem|p1b: Volcanion|Assault Vest|[from] move: Knock Off|[of] p2b: the king\n|move|p1b: Volcanion|Flash Cannon|p2a: the tank\n|-supereffective|p2a: the tank\n|-damage|p2a: the tank|39\/100\n|\n|upkeep\n|turn|4\n|\n|t:|1696034513\n|-end|p2a: the tank|Protosynthesis|[silent]\n|switch|p2a: the sun|Charizard, M|100\/100\n|detailschange|p1a: Scizor|Scizor-Mega, M\n|-mega|p1a: Scizor|Scizor|Scizorite\n|move|p2b: the king|Sucker Punch|p1b: Volcanion\n|-damage|p1b: Volcanion|27\/100\n|move|p1a: Scizor|Bullet Punch|p2a: the sun\n|-resisted|p2a: the sun\n|-damage|p2a: the sun|76\/100\n|move|p1b: Volcanion|Heat Wave|p2a: the sun|[spread] p2a,p2b\n|-resisted|p2a: the sun\n|-supereffective|p2b: the king\n|-damage|p2a: the sun|49\/100\n|-damage|p2b: the king|2\/100\n|\n|upkeep\n|turn|5\n|\n|t:|1696034536\n|move|p2a: the sun|Protect|p2a: the sun\n|-singleturn|p2a: the sun|Protect\n|move|p1a: Scizor|Protect|p1a: Scizor\n|-singleturn|p1a: Scizor|Protect\n|move|p2b: the king|Sucker Punch|p1b: Volcanion\n|-damage|p1b: Volcanion|0 fnt\n|faint|p1b: Volcanion\n|\n|-sideend|p2: Brrunoth|move: Tailwind\n|-fieldend|move: Electric Terrain\n|upkeep\n|\n|t:|1696034548\n|switch|p1b: Tapu Koko|Tapu Koko|100\/100\n|-fieldstart|move: Electric Terrain|[from] ability: Electric Surge|[of] p1b: Tapu Koko\n|turn|6\n|\n|t:|1696034570\n|switch|p2a: the feesh|Chi-Yu|100\/100\n|-ability|p2a: the feesh|Beads of Ruin\n|move|p1b: Tapu Koko|Volt Switch|p2a: the feesh\n|-damage|p2a: the feesh|65\/100\n|inactive|Chad Tankers has 120 seconds left.\n|\n|t:|1696034590\n|switch|p1b: Marshadow|Marshadow|100\/100|[from] Volt Switch\n|move|p1a: Scizor|Swords Dance|p1a: Scizor\n|-boost|p1a: Scizor|atk|2\n|move|p2b: the king|Iron Head|p1b: Marshadow\n|-damage|p1b: Marshadow|45\/100\n|\n|upkeep\n|turn|7\n|\n|t:|1696034605\n|move|p2a: the feesh|Protect|p2a: the feesh\n|-singleturn|p2a: the feesh|Protect\n|move|p1b: Marshadow|Shadow Sneak|p2b: the king\n|-resisted|p2b: the king\n|-damage|p2b: the king|0 fnt\n|faint|p2b: the king\n|move|p1a: Scizor|Bullet Punch|p2a: the feesh\n|-activate|p2a: the feesh|move: Protect\n|\n|upkeep\n|j| hhxh\u955c\u82b1\u6c34\u6708\n|\n|t:|1696034613\n|switch|p2b: the sun|Charizard, M|49\/100\n|turn|8\n|\n|t:|1696034623\n|detailschange|p2b: the sun|Charizard-Mega-Y, M\n|-mega|p2b: the sun|Charizard|Charizardite Y\n|-weather|SunnyDay|[from] ability: Drought|[of] p2b: the sun\n|move|p1a: Scizor|Bullet Punch|p2b: the sun\n|-resisted|p2b: the sun\n|-damage|p2b: the sun|0 fnt\n|faint|p2b: the sun\n|move|p1b: Marshadow|Close Combat|p2a: the feesh\n|-supereffective|p2a: the feesh\n|-damage|p2a: the feesh|0 fnt\n|-unboost|p1b: Marshadow|def|1\n|-unboost|p1b: Marshadow|spd|1\n|faint|p2a: the feesh\n|\n|-weather|SunnyDay|[upkeep]\n|upkeep\n|c|\u2606Brrunoth|gg\n|\n|t:|1696034632\n|switch|p2b: the tank|Flutter Mane|39\/100\n|-activate|p2b: the tank|ability: Protosynthesis\n|-start|p2b: the tank|protosynthesisspa\n|turn|9\n|\n|t:|1696034643\n|-terastallize|p2b: the tank|Fairy\n|move|p1b: Marshadow|Shadow Sneak|p2b: the tank\n|-damage|p2b: the tank|0 fnt\n|faint|p2b: the tank\n|-end|p2b: the tank|Protosynthesis|[silent]\n|\n|win|Chad Tankers\n|raw|Chad Tankers's rating: 1312 &rarr; <strong>1342<\/strong><br \/>(+30 for winning)\n|raw|Brrunoth's rating: 1512 &rarr; <strong>1482<\/strong><br \/>(-30 for losing)\n|l| hhxh\u955c\u82b1\u6c34\u6708\n|l|\u2606Brrunoth\n|c|\u2606Chad Tankers|Ggs\n|l|\u2606Chad Tankers\n|j|\u2606Chad Tankers\n|player|p1|Chad Tankers|burglar\n","uploadtime":1696034862,"views":9,"p1id":"chadtankers","p2id":"brrunoth","formatid":"gen9nationaldexdoubles","rating":1342,"private":0,"password":""}