{"id":"gen9nationaldexdoubles-1973250014","p1":"Teethbat","p2":"MasterHand","format":"[Gen 9] National Dex Doubles","log":"|j|\u2606Teethbat\n|j|\u2606MasterHand\n|t:|1697944374\n|gametype|doubles\n|player|p1|Teethbat|101|1087\n|player|p2|MasterHand|volkner|1161\n|teamsize|p1|6\n|teamsize|p2|6\n|gen|9\n|tier|[Gen 9] National Dex Doubles\n|rated|\n|rule|HP Percentage Mod: HP is shown in percentages\n|rule|Endless Battle Clause: Forcing endless battles is banned\n|rule|OHKO Clause: OHKO moves are banned\n|rule|Evasion Moves Clause: Evasion moves are banned\n|rule|Evasion Abilities Clause: Evasion abilities are banned\n|rule|Species Clause: Limit one of each Pok\u00e9mon\n|rule|Gravity Sleep Clause: The combination of sleep-inducing moves with imperfect accuracy and Gravity or Gigantamax Orbeetle are banned\n|clearpoke\n|poke|p1|Munkidori, M|\n|poke|p1|Rillaboom, F|\n|poke|p1|Infernape, M|\n|poke|p1|Ambipom, F|\n|poke|p1|Oranguru, F|\n|poke|p1|Simipour, M|\n|poke|p2|Blastoise, M|\n|poke|p2|Linoone, M|\n|poke|p2|Slowbro-Galar, F|\n|poke|p2|Mew|\n|poke|p2|Throh, M|\n|poke|p2|Skeledirge, M|\n|teampreview\n|j| helidridoom\n|c|\u2606MasterHand|Monke\n|l| helidridoom\n|c|\u2606Teethbat|*goons\n|\n|t:|1697944428\n|start\n|switch|p1a: Rillagoon|Rillaboom, F|100\/100\n|switch|p1b: Goon|Ambipom, F|100\/100\n|switch|p2a: Mew|Mew|100\/100\n|switch|p2b: Blastoise|Blastoise, M|100\/100\n|-fieldstart|move: Grassy Terrain|[from] ability: Grassy Surge|[of] p1a: Rillagoon\n|turn|1\n|\n|t:|1697944460\n|move|p1b: Goon|Fake Out|p2a: Mew\n|-damage|p2a: Mew|73\/100\n|move|p1a: Rillagoon|Grassy Glide|p2b: Blastoise\n|-supereffective|p2b: Blastoise\n|-damage|p2b: Blastoise|31\/100\n|-enditem|p2b: Blastoise|Eject Button\n|\n|t:|1697944471\n|switch|p2b: Skeledirge|Skeledirge, M|100\/100\n|move|p2a: Mew|Grass Pledge|p1b: Goon\n|-damage|p1b: Goon|55\/100\n|\n|-heal|p1b: Goon|61\/100|[from] Grassy Terrain\n|-heal|p2a: Mew|79\/100|[from] Grassy Terrain\n|upkeep\n|turn|2\n|\n|t:|1697944503\n|move|p1b: Goon|U-turn|p2b: Skeledirge\n|-resisted|p2b: Skeledirge\n|-damage|p2b: Skeledirge|96\/100\n|\n|t:|1697944511\n|switch|p1b: The Cooking Goon|Simipour, M|100\/100|[from] U-turn\n|move|p2a: Mew|Close Combat|p1b: The Cooking Goon\n|-damage|p1b: The Cooking Goon|51\/100\n|-unboost|p2a: Mew|def|1\n|-unboost|p2a: Mew|spd|1\n|move|p1a: Rillagoon|Knock Off|p2b: Skeledirge\n|-supereffective|p2b: Skeledirge\n|-damage|p2b: Skeledirge|39\/100\n|-enditem|p2b: Skeledirge|Leftovers|[from] move: Knock Off|[of] p1a: Rillagoon\n|move|p2b: Skeledirge|Torch Song|p1a: Rillagoon\n|-supereffective|p1a: Rillagoon\n|-damage|p1a: Rillagoon|51\/100\n|-boost|p2b: Skeledirge|spa|1\n|\n|-heal|p1b: The Cooking Goon|58\/100|[from] Grassy Terrain\n|-heal|p2a: Mew|86\/100|[from] Grassy Terrain\n|-heal|p1a: Rillagoon|57\/100|[from] Grassy Terrain\n|-heal|p2b: Skeledirge|45\/100|[from] Grassy Terrain\n|upkeep\n|turn|3\n|c|\u2606MasterHand|Aye\n|c|\u2606Teethbat|goon  forever\n|\n|t:|1697944555\n|-terastallize|p1b: The Cooking Goon|Rock\n|-terastallize|p2b: Skeledirge|Fairy\n|move|p1a: Rillagoon|Grassy Glide|p2a: Mew\n|-damage|p2a: Mew|29\/100\n|move|p1b: The Cooking Goon|Rock Slide|p2a: Mew|[spread] p2a\n|-miss|p1b: The Cooking Goon|p2b: Skeledirge\n|-damage|p2a: Mew|0 fnt\n|faint|p2a: Mew\n|move|p2b: Skeledirge|Rest|p2b: Skeledirge\n|-status|p2b: Skeledirge|slp|[from] move: Rest\n|-heal|p2b: Skeledirge|100\/100 slp|[silent]\n|\n|-heal|p1b: The Cooking Goon|64\/100|[from] Grassy Terrain\n|-heal|p1a: Rillagoon|63\/100|[from] Grassy Terrain\n|upkeep\n|\n|t:|1697944564\n|switch|p2a: Blastoise|Blastoise, M|31\/100\n|turn|4\n|\n|t:|1697944582\n|move|p1b: The Cooking Goon|Rock Slide|p2a: Blastoise|[spread] p2a,p2b\n|-damage|p2a: Blastoise|8\/100\n|-damage|p2b: Skeledirge|81\/100 slp\n|move|p1a: Rillagoon|Wood Hammer|p2b: Skeledirge\n|-damage|p2b: Skeledirge|21\/100 slp\n|-damage|p1a: Rillagoon|39\/100|[from] Recoil\n|cant|p2b: Skeledirge|slp\n|cant|p2b: Skeledirge|flinch\n|move|p2a: Blastoise|Yawn|p1b: The Cooking Goon\n|-start|p1b: The Cooking Goon|move: Yawn|[of] p2a: Blastoise\n|\n|-heal|p1b: The Cooking Goon|70\/100|[from] Grassy Terrain\n|-heal|p1a: Rillagoon|45\/100|[from] Grassy Terrain\n|-heal|p2b: Skeledirge|27\/100 slp|[from] Grassy Terrain\n|-heal|p2a: Blastoise|14\/100|[from] Grassy Terrain\n|upkeep\n|turn|5\n|\n|t:|1697944609\n|move|p2a: Blastoise|Follow Me|p2a: Blastoise\n|-singleturn|p2a: Blastoise|move: Follow Me\n|move|p1a: Rillagoon|Grassy Glide|p2a: Blastoise\n|-supereffective|p2a: Blastoise\n|-damage|p2a: Blastoise|0 fnt\n|faint|p2a: Blastoise\n|move|p1b: The Cooking Goon|Rock Slide|p2b: Skeledirge\n|-damage|p2b: Skeledirge|1\/100 slp\n|cant|p2b: Skeledirge|slp\n|move|p2b: Skeledirge|Sleep Talk|p2b: Skeledirge\n|move|p2b: Skeledirge|Torch Song|p1a: Rillagoon|[from]move: Sleep Talk\n|-supereffective|p1a: Rillagoon\n|-damage|p1a: Rillagoon|0 fnt\n|-boost|p2b: Skeledirge|spa|1\n|faint|p1a: Rillagoon\n|\n|-heal|p1b: The Cooking Goon|76\/100|[from] Grassy Terrain\n|-heal|p2b: Skeledirge|7\/100 slp|[from] Grassy Terrain\n|-end|p1b: The Cooking Goon|move: Yawn|[silent]\n|-status|p1b: The Cooking Goon|slp\n|-fieldend|move: Grassy Terrain\n|upkeep\n|\n|t:|1697944633\n|switch|p1a: Tic-Tac-Goon|Munkidori, M|100\/100\n|switch|p2a: Throh|Throh, M|100\/100\n|turn|6\n|\n|t:|1697944656\n|move|p2a: Throh|Wide Guard|p2a: Throh\n|-singleturn|p2a: Throh|Wide Guard\n|move|p1a: Tic-Tac-Goon|Psychic|p2b: Skeledirge\n|-damage|p2b: Skeledirge|0 fnt\n|faint|p2b: Skeledirge\n|cant|p1b: The Cooking Goon|slp\n|\n|upkeep\n|\n|t:|1697944668\n|switch|p2b: Slowbro|Slowbro-Galar, F|100\/100\n|turn|7\n|\n|t:|1697944688\n|move|p1a: Tic-Tac-Goon|Psychic|p2b: Slowbro\n|-damage|p2b: Slowbro|50\/100\n|-enditem|p2b: Slowbro|Sitrus Berry|[eat]\n|-heal|p2b: Slowbro|75\/100|[from] item: Sitrus Berry\n|cant|p1b: The Cooking Goon|slp\n|move|p2a: Throh|Superpower|p1b: The Cooking Goon\n|-supereffective|p1b: The Cooking Goon\n|-damage|p1b: The Cooking Goon|0 fnt\n|-unboost|p2a: Throh|atk|1\n|-unboost|p2a: Throh|def|1\n|-enditem|p2a: Throh|Eject Pack\n|faint|p1b: The Cooking Goon\n|\n|t:|1697944694\n|switch|p2a: Linoone|Linoone, M|100\/100\n|move|p2b: Slowbro|Trick Room|p2b: Slowbro\n|-fieldstart|move: Trick Room|[of] p2b: Slowbro\n|\n|upkeep\n|\n|t:|1697944708\n|switch|p1b: Goonguru|Oranguru, F|100\/100\n|turn|8\n|\n|t:|1697944726\n|move|p2b: Slowbro|Belly Drum|p2b: Slowbro\n|-damage|p2b: Slowbro|25\/100\n|-setboost|p2b: Slowbro|atk|6|[from] move: Belly Drum\n|move|p1b: Goonguru|Hyper Voice|p2a: Linoone|[spread] p2a,p2b\n|-damage|p2a: Linoone|65\/100\n|-damage|p2b: Slowbro|0 fnt\n|faint|p2b: Slowbro\n|move|p2a: Linoone|Belly Drum|p2a: Linoone\n|-damage|p2a: Linoone|15\/100\n|-setboost|p2a: Linoone|atk|6|[from] move: Belly Drum\n|-enditem|p2a: Linoone|Aguav Berry|[eat]\n|-heal|p2a: Linoone|48\/100|[from] item: Aguav Berry\n|move|p1a: Tic-Tac-Goon|Psychic|p2a: Linoone\n|-damage|p2a: Linoone|0 fnt\n|faint|p2a: Linoone\n|\n|upkeep\n|\n|t:|1697944728\n|switch|p2b: Throh|Throh, M|100\/100\n|turn|9\n|c|\u2606MasterHand|Gg\n|\n|t:|1697944751\n|move|p2b: Throh|Knock Off|p1a: Tic-Tac-Goon\n|-supereffective|p1a: Tic-Tac-Goon\n|-damage|p1a: Tic-Tac-Goon|9\/100\n|-enditem|p1a: Tic-Tac-Goon|Leftovers|[from] move: Knock Off|[of] p2b: Throh\n|move|p1b: Goonguru|Instruct|p2b: Throh\n|-singleturn|p2b: Throh|move: Instruct|[of] p1b: Goonguru\n|move|p2b: Throh|Knock Off|p1a: Tic-Tac-Goon\n|-supereffective|p1a: Tic-Tac-Goon\n|-damage|p1a: Tic-Tac-Goon|0 fnt\n|faint|p1a: Tic-Tac-Goon\n|\n|upkeep\n|\n|t:|1697944767\n|switch|p1a: Goonku|Infernape, M|100\/100\n|turn|10\n|\n|t:|1697944780\n|move|p1a: Goonku|Fake Out|p2b: Throh\n|-damage|p2b: Throh|87\/100\n|-damage|p1a: Goonku|91\/100|[from] item: Life Orb\n|move|p2b: Throh|Superpower|p1a: Goonku\n|-damage|p1a: Goonku|5\/100\n|-unboost|p2b: Throh|atk|1\n|-unboost|p2b: Throh|def|1\n|move|p1b: Goonguru|Hyper Voice|p2b: Throh\n|-damage|p2b: Throh|60\/100\n|\n|upkeep\n|turn|11\n|\n|t:|1697944799\n|move|p2b: Throh|Knock Off|p1a: Goonku\n|-resisted|p1a: Goonku\n|-damage|p1a: Goonku|0 fnt\n|-enditem|p1a: Goonku|Life Orb|[from] move: Knock Off|[of] p2b: Throh\n|faint|p1a: Goonku\n|move|p1b: Goonguru|Yawn|p2b: Throh\n|-start|p2b: Throh|move: Yawn|[of] p1b: Goonguru\n|\n|-fieldend|move: Trick Room\n|upkeep\n|\n|t:|1697944808\n|switch|p1a: Goon|Ambipom, F|61\/100\n|turn|12\n|\n|t:|1697944818\n|move|p1a: Goon|Fake Out|p2b: Throh\n|-damage|p2b: Throh|28\/100\n|move|p1b: Goonguru|Hyper Voice|p2b: Throh\n|-damage|p2b: Throh|4\/100\n|move|p2b: Throh|Superpower|p1a: Goon\n|-supereffective|p1a: Goon\n|-damage|p1a: Goon|0 fnt\n|-unboost|p2b: Throh|atk|1\n|-unboost|p2b: Throh|def|1\n|faint|p1a: Goon\n|\n|-end|p2b: Throh|move: Yawn|[silent]\n|-status|p2b: Throh|slp\n|upkeep\n|turn|13\n|\n|t:|1697944831\n|move|p1b: Goonguru|Hyper Voice|p2b: Throh\n|-crit|p2b: Throh\n|-damage|p2b: Throh|0 fnt\n|faint|p2b: Throh\n|\n|win|Teethbat\n|raw|Teethbat's rating: 1087 &rarr; <strong>1120<\/strong><br \/>(+33 for winning)\n|raw|MasterHand's rating: 1161 &rarr; <strong>1131<\/strong><br \/>(-30 for losing)\n|c|\u2606Teethbat|goon games\n|c|\u2606MasterHand|Yezzir\n","uploadtime":1697944847,"views":12,"p1id":"teethbat","p2id":"masterhand","formatid":"gen9nationaldexdoubles","rating":1120,"private":0,"password":""}