{"id":"gen9nationaldexdoubles-1990304426","p1":"ParanoidWizard","p2":"Not McBruh","format":"[Gen 9] National Dex Doubles","log":"|j|\u2606ParanoidWizard\n|j|\u203dNot McBruh\n|t:|1699953828\n|gametype|doubles\n|player|p1|ParanoidWizard|wallace|1400\n|player|p2|Not McBruh|colress|1444\n|teamsize|p1|6\n|teamsize|p2|6\n|gen|9\n|tier|[Gen 9] National Dex Doubles\n|rated|\n|rule|HP Percentage Mod: HP is shown in percentages\n|rule|Endless Battle Clause: Forcing endless battles is banned\n|rule|OHKO Clause: OHKO moves are banned\n|rule|Evasion Moves Clause: Evasion moves are banned\n|rule|Evasion Abilities Clause: Evasion abilities are banned\n|rule|Species Clause: Limit one of each Pok\u00e9mon\n|rule|Gravity Sleep Clause: The combination of sleep-inducing moves with imperfect accuracy and Gravity or Gigantamax Orbeetle are banned\n|clearpoke\n|poke|p1|Pelipper, F|\n|poke|p1|Gastrodon, M|\n|poke|p1|Slowbro, F|\n|poke|p1|Kingdra, F|\n|poke|p1|Azumarill, F|\n|poke|p1|Arctovish|\n|poke|p2|Metagross|\n|poke|p2|Chien-Pao|\n|poke|p2|Tapu Fini|\n|poke|p2|Cresselia, F|\n|poke|p2|Zamazenta-*|\n|poke|p2|Zygarde|\n|teampreview\n|inactive|Battle timer is ON: inactive players will automatically lose when time's up. (requested by ParanoidWizard)\n|\n|t:|1699953851\n|start\n|switch|p1a: Surfin Bird|Pelipper, F|100\/100\n|switch|p1b: Queenie|Kingdra, F|100\/100\n|switch|p2a: Tapu Fini|Tapu Fini, shiny|100\/100\n|switch|p2b: Zamazenta|Zamazenta, shiny|100\/100\n|-ability|p2b: Zamazenta|Dauntless Shield|boost\n|-boost|p2b: Zamazenta|def|1\n|-fieldstart|move: Misty Terrain|[from] ability: Misty Surge|[of] p2a: Tapu Fini\n|-weather|RainDance|[from] ability: Drizzle|[of] p1a: Surfin Bird\n|turn|1\n|inactive|ParanoidWizard has 120 seconds left.\n|\n|t:|1699953886\n|move|p1b: Queenie|Hurricane|p2b: Zamazenta\n|-supereffective|p2b: Zamazenta\n|-damage|p2b: Zamazenta|31\/100\n|-damage|p1b: Queenie|91\/100|[from] item: Life Orb\n|move|p2b: Zamazenta|Coaching|p2a: Tapu Fini\n|-boost|p2a: Tapu Fini|atk|1\n|-boost|p2a: Tapu Fini|def|1\n|move|p2a: Tapu Fini|Calm Mind|p2a: Tapu Fini\n|-boost|p2a: Tapu Fini|spa|1\n|-boost|p2a: Tapu Fini|spd|1\n|move|p1a: Surfin Bird|Hurricane|p2b: Zamazenta\n|-supereffective|p2b: Zamazenta\n|-damage|p2b: Zamazenta|0 fnt\n|faint|p2b: Zamazenta\n|\n|-weather|RainDance|[upkeep]\n|upkeep\n|\n|t:|1699953899\n|switch|p2b: Cresselia|Cresselia, F, shiny|100\/100\n|turn|2\n|\n|t:|1699953919\n|switch|p1b: Slowbro|Slowbro, F|100\/100\n|switch|p1a: Arctovish|Arctovish|100\/100\n|move|p2a: Tapu Fini|Calm Mind|p2a: Tapu Fini\n|-boost|p2a: Tapu Fini|spa|1\n|-boost|p2a: Tapu Fini|spd|1\n|move|p2b: Cresselia|Calm Mind|p2b: Cresselia\n|-boost|p2b: Cresselia|spa|1\n|-boost|p2b: Cresselia|spd|1\n|\n|-weather|RainDance|[upkeep]\n|upkeep\n|turn|3\n|\n|t:|1699953938\n|detailschange|p1b: Slowbro|Slowbro-Mega, F\n|-mega|p1b: Slowbro|Slowbro|Slowbronite\n|move|p2b: Cresselia|Protect|p2b: Cresselia\n|-singleturn|p2b: Cresselia|Protect\n|move|p2a: Tapu Fini|Calm Mind|p2a: Tapu Fini\n|-boost|p2a: Tapu Fini|spa|1\n|-boost|p2a: Tapu Fini|spd|1\n|move|p1a: Arctovish|Meteor Beam||[still]\n|-prepare|p1a: Arctovish|Meteor Beam\n|-boost|p1a: Arctovish|spa|1\n|-enditem|p1a: Arctovish|Power Herb\n|-anim|p1a: Arctovish|Meteor Beam|p2a: Tapu Fini\n|-damage|p2a: Tapu Fini|86\/100\n|move|p1b: Slowbro|Trick Room|p1b: Slowbro\n|-fieldstart|move: Trick Room|[of] p1b: Slowbro\n|\n|-weather|RainDance|[upkeep]\n|-heal|p2a: Tapu Fini|92\/100|[from] item: Leftovers\n|upkeep\n|turn|4\n|\n|t:|1699953964\n|switch|p1b: The Blob|Gastrodon, M|100\/100\n|move|p1a: Arctovish|Freeze-Dry|p2a: Tapu Fini\n|-supereffective|p2a: Tapu Fini\n|-crit|p2a: Tapu Fini\n|-damage|p2a: Tapu Fini|0 fnt\n|faint|p2a: Tapu Fini\n|move|p2b: Cresselia|Calm Mind|p2b: Cresselia\n|-boost|p2b: Cresselia|spa|1\n|-boost|p2b: Cresselia|spd|1\n|\n|-weather|RainDance|[upkeep]\n|upkeep\n|\n|t:|1699953980\n|switch|p2a: Chien-Pao|Chien-Pao|100\/100\n|-ability|p2a: Chien-Pao|Sword of Ruin\n|turn|5\n|\n|t:|1699953987\n|move|p2a: Chien-Pao|Protect|p2a: Chien-Pao\n|-singleturn|p2a: Chien-Pao|Protect\n|move|p1b: The Blob|Surf|p2b: Cresselia|[spread] p2b\n|-activate|p2a: Chien-Pao|move: Protect\n|-immune|p1a: Arctovish|[from] ability: Water Absorb\n|-damage|p2b: Cresselia|88\/100\n|move|p1a: Arctovish|Surf|p2b: Cresselia|[spread] p2b\n|-activate|p2a: Chien-Pao|move: Protect\n|-ability|p1b: The Blob|Storm Drain|boost\n|-boost|p1b: The Blob|spa|1\n|-damage|p2b: Cresselia|69\/100\n|move|p2b: Cresselia|Calm Mind|p2b: Cresselia\n|-boost|p2b: Cresselia|spa|1\n|-boost|p2b: Cresselia|spd|1\n|\n|-weather|RainDance|[upkeep]\n|-fieldend|Misty Terrain\n|upkeep\n|turn|6\n|inactive|Not McBruh has 120 seconds left.\n|\n|t:|1699954020\n|move|p2a: Chien-Pao|Sucker Punch|p1b: The Blob\n|-damage|p1b: The Blob|57\/100\n|move|p1b: The Blob|Surf|p2b: Cresselia|[spread] p2a,p2b\n|-immune|p1a: Arctovish|[from] ability: Water Absorb\n|-damage|p2a: Chien-Pao|17\/100\n|-damage|p2b: Cresselia|55\/100\n|move|p1a: Arctovish|Surf|p2b: Cresselia|[spread] p2a,p2b\n|-ability|p1b: The Blob|Storm Drain|boost\n|-boost|p1b: The Blob|spa|1\n|-damage|p2a: Chien-Pao|0 fnt\n|-damage|p2b: Cresselia|39\/100\n|faint|p2a: Chien-Pao\n|move|p2b: Cresselia|Stored Power|p1b: The Blob\n|-damage|p1b: The Blob|0 fnt\n|faint|p1b: The Blob\n|\n|-weather|RainDance|[upkeep]\n|upkeep\n|\n|t:|1699954042\n|switch|p1b: Slowbro|Slowbro-Mega, F|100\/100\n|switch|p2a: Metagross|Metagross|100\/100\n|turn|7\n|\n|t:|1699954056\n|detailschange|p2a: Metagross|Metagross-Mega\n|-mega|p2a: Metagross|Metagross|Metagrossite\n|move|p2b: Cresselia|Protect|p2b: Cresselia\n|-singleturn|p2b: Cresselia|Protect\n|move|p2a: Metagross|Protect|p2a: Metagross\n|-singleturn|p2a: Metagross|Protect\n|move|p1b: Slowbro|Surf|p2a: Metagross|[spread] \n|-activate|p2a: Metagross|move: Protect\n|-activate|p2b: Cresselia|move: Protect\n|-immune|p1a: Arctovish|[from] ability: Water Absorb\n|move|p1a: Arctovish|Freeze-Dry|p2b: Cresselia\n|-activate|p2b: Cresselia|move: Protect\n|\n|-weather|RainDance|[upkeep]\n|-fieldend|move: Trick Room\n|upkeep\n|turn|8\n|\n|t:|1699954084\n|move|p2a: Metagross|Stomping Tantrum|p1b: Slowbro\n|-damage|p1b: Slowbro|78\/100\n|move|p2b: Cresselia|Stored Power|p1a: Arctovish\n|-damage|p1a: Arctovish|11\/100\n|move|p1a: Arctovish|Freeze-Dry|p2b: Cresselia\n|-damage|p2b: Cresselia|28\/100\n|move|p1b: Slowbro|Surf|p2b: Cresselia|[spread] p2a,p2b\n|-heal|p1a: Arctovish|36\/100|[from] ability: Water Absorb|[of] p1b: Slowbro\n|-damage|p2a: Metagross|50\/100\n|-damage|p2b: Cresselia|13\/100\n|\n|-weather|none\n|upkeep\n|turn|9\n|\n|t:|1699954105\n|move|p2a: Metagross|Bullet Punch|p1a: Arctovish\n|-damage|p1a: Arctovish|4\/100\n|move|p2b: Cresselia|Lunar Blessing|p2b: Cresselia|[spread] p2a,p2b\n|-heal|p2a: Metagross|75\/100\n|-heal|p2b: Cresselia|38\/100\n|move|p1a: Arctovish|Freeze-Dry|p2b: Cresselia\n|-damage|p2b: Cresselia|26\/100\n|move|p1b: Slowbro|Surf|p2b: Cresselia|[spread] p2a,p2b\n|-heal|p1a: Arctovish|29\/100|[from] ability: Water Absorb|[of] p1b: Slowbro\n|-damage|p2a: Metagross|41\/100\n|-damage|p2b: Cresselia|15\/100\n|\n|upkeep\n|turn|10\n|\n|t:|1699954123\n|move|p2a: Metagross|Bullet Punch|p1a: Arctovish\n|-damage|p1a: Arctovish|0 fnt\n|faint|p1a: Arctovish\n|move|p2b: Cresselia|Lunar Blessing|p2b: Cresselia|[spread] p2a,p2b\n|-heal|p2a: Metagross|66\/100\n|-heal|p2b: Cresselia|40\/100\n|move|p1b: Slowbro|Surf|p2b: Cresselia|[spread] p2a,p2b\n|-damage|p2a: Metagross|32\/100\n|-damage|p2b: Cresselia|29\/100\n|\n|upkeep\n|\n|t:|1699954135\n|switch|p1a: Surfin Bird|Pelipper, F|100\/100\n|-weather|RainDance|[from] ability: Drizzle|[of] p1a: Surfin Bird\n|turn|11\n|\n|t:|1699954152\n|move|p2a: Metagross|Ice Punch|p1b: Slowbro\n|-resisted|p1b: Slowbro\n|-damage|p1b: Slowbro|68\/100\n|move|p2b: Cresselia|Stored Power|p1a: Surfin Bird\n|-damage|p1a: Surfin Bird|0 fnt\n|faint|p1a: Surfin Bird\n|move|p1b: Slowbro|Focus Blast|p2a: Metagross\n|-damage|p2a: Metagross|0 fnt\n|faint|p2a: Metagross\n|\n|-weather|RainDance|[upkeep]\n|upkeep\n|\n|t:|1699954166\n|switch|p2a: Zygarde|Zygarde, shiny|100\/100\n|switch|p1a: Queenie|Kingdra, F|91\/100\n|-ability|p2a: Zygarde|Aura Break\n|turn|12\n|\n|t:|1699954186\n|move|p1a: Queenie|Protect|p1a: Queenie\n|-singleturn|p1a: Queenie|Protect\n|move|p2a: Zygarde|Thousand Arrows|p1a: Queenie|[spread] p1b\n|-activate|p1a: Queenie|move: Protect\n|-damage|p1b: Slowbro|52\/100\n|move|p2b: Cresselia|Lunar Blessing|p2b: Cresselia|[spread] p2a,p2b\n|-heal|p2b: Cresselia|54\/100\n|move|p1b: Slowbro|Surf|p2b: Cresselia|[spread] p2a,p2b\n|-activate|p1a: Queenie|move: Protect\n|-damage|p2a: Zygarde|55\/100\n|-damage|p2b: Cresselia|37\/100\n|\n|-weather|RainDance|[upkeep]\n|upkeep\n|turn|13\n|\n|t:|1699954209\n|move|p2a: Zygarde|Protect|p2a: Zygarde\n|-singleturn|p2a: Zygarde|Protect\n|move|p2b: Cresselia|Protect|p2b: Cresselia\n|-singleturn|p2b: Cresselia|Protect\n|move|p1a: Queenie|Draco Meteor|p2a: Zygarde\n|-activate|p2a: Zygarde|move: Protect\n|move|p1b: Slowbro|Psychic|p2b: Cresselia\n|-activate|p2b: Cresselia|move: Protect\n|\n|-weather|RainDance|[upkeep]\n|upkeep\n|turn|14\n|\n|t:|1699954225\n|move|p2a: Zygarde|Extreme Speed|p1a: Queenie\n|-damage|p1a: Queenie|61\/100\n|move|p1a: Queenie|Draco Meteor|p2a: Zygarde\n|-supereffective|p2a: Zygarde\n|-damage|p2a: Zygarde|0 fnt\n|-unboost|p1a: Queenie|spa|2\n|faint|p2a: Zygarde\n|-damage|p1a: Queenie|52\/100|[from] item: Life Orb\n|move|p2b: Cresselia|Calm Mind|p2b: Cresselia\n|-boost|p2b: Cresselia|spa|1\n|-boost|p2b: Cresselia|spd|1\n|move|p1b: Slowbro|Psychic|p2b: Cresselia\n|-resisted|p2b: Cresselia\n|-damage|p2b: Cresselia|31\/100\n|\n|-weather|RainDance|[upkeep]\n|upkeep\n|turn|15\n|\n|t:|1699954249\n|move|p1a: Queenie|Hurricane|p2b: Cresselia\n|-damage|p2b: Cresselia|26\/100\n|-damage|p1a: Queenie|42\/100|[from] item: Life Orb\n|move|p2b: Cresselia|Lunar Blessing|p2b: Cresselia\n|-heal|p2b: Cresselia|51\/100\n|move|p1b: Slowbro|Psychic|p2b: Cresselia\n|-resisted|p2b: Cresselia\n|-damage|p2b: Cresselia|46\/100\n|\n|-weather|RainDance|[upkeep]\n|upkeep\n|turn|16\n|\n|t:|1699954266\n|move|p2b: Cresselia|Protect|p2b: Cresselia\n|-singleturn|p2b: Cresselia|Protect\n|move|p1a: Queenie|Hurricane|p2b: Cresselia\n|-activate|p2b: Cresselia|move: Protect\n|move|p1b: Slowbro|Psychic|p2b: Cresselia\n|-activate|p2b: Cresselia|move: Protect\n|\n|-weather|RainDance|[upkeep]\n|upkeep\n|turn|17\n|\n|t:|1699954281\n|move|p1a: Queenie|Hurricane|p2b: Cresselia\n|-damage|p2b: Cresselia|41\/100\n|-start|p2b: Cresselia|confusion\n|-damage|p1a: Queenie|32\/100|[from] item: Life Orb\n|-activate|p2b: Cresselia|confusion\n|move|p2b: Cresselia|Lunar Blessing|p2b: Cresselia\n|-heal|p2b: Cresselia|66\/100\n|move|p1b: Slowbro|Psychic|p2b: Cresselia\n|-resisted|p2b: Cresselia\n|-damage|p2b: Cresselia|60\/100\n|\n|-weather|RainDance|[upkeep]\n|upkeep\n|turn|18\n|\n|t:|1699954298\n|move|p1a: Queenie|Hurricane|p2b: Cresselia\n|-damage|p2b: Cresselia|54\/100\n|-damage|p1a: Queenie|22\/100|[from] item: Life Orb\n|-end|p2b: Cresselia|confusion\n|move|p2b: Cresselia|Lunar Blessing|p2b: Cresselia\n|-heal|p2b: Cresselia|79\/100\n|move|p1b: Slowbro|Psychic|p2b: Cresselia\n|-resisted|p2b: Cresselia\n|-damage|p2b: Cresselia|73\/100\n|\n|-weather|none\n|upkeep\n|turn|19\n|\n|t:|1699954315\n|move|p1a: Queenie|Hurricane|p2b: Cresselia\n|-crit|p2b: Cresselia\n|-damage|p2b: Cresselia|26\/100\n|-start|p2b: Cresselia|confusion\n|-damage|p1a: Queenie|12\/100|[from] item: Life Orb\n|-activate|p2b: Cresselia|confusion\n|move|p2b: Cresselia|Calm Mind|p2b: Cresselia\n|-boost|p2b: Cresselia|spa|1\n|-boost|p2b: Cresselia|spd|1\n|move|p1b: Slowbro|Psychic|p2b: Cresselia\n|-resisted|p2b: Cresselia\n|-damage|p2b: Cresselia|21\/100\n|\n|upkeep\n|turn|20\n|\n|t:|1699954332\n|move|p1a: Queenie|Draco Meteor|p2b: Cresselia\n|-damage|p2b: Cresselia|13\/100\n|-unboost|p1a: Queenie|spa|2\n|-damage|p1a: Queenie|2\/100|[from] item: Life Orb\n|-end|p2b: Cresselia|confusion\n|move|p2b: Cresselia|Lunar Blessing|p2b: Cresselia\n|-heal|p2b: Cresselia|38\/100\n|move|p1b: Slowbro|Psychic|p2b: Cresselia\n|-resisted|p2b: Cresselia\n|-damage|p2b: Cresselia|34\/100\n|-unboost|p2b: Cresselia|spd|1\n|\n|upkeep\n|turn|21\n|\n|t:|1699954349\n|move|p1a: Queenie|Hurricane|p2b: Cresselia|[miss]\n|-miss|p1a: Queenie|p2b: Cresselia\n|move|p2b: Cresselia|Lunar Blessing|p2b: Cresselia\n|-heal|p2b: Cresselia|59\/100\n|move|p1b: Slowbro|Psychic|p2b: Cresselia\n|-resisted|p2b: Cresselia\n|-damage|p2b: Cresselia|53\/100\n|\n|upkeep\n|turn|22\n|\n|t:|1699954362\n|move|p1a: Queenie|Hurricane|p2b: Cresselia|[miss]\n|-miss|p1a: Queenie|p2b: Cresselia\n|move|p2b: Cresselia|Stored Power|p1b: Slowbro\n|-resisted|p1b: Slowbro\n|-damage|p1b: Slowbro|0 fnt\n|faint|p1b: Slowbro\n|\n|upkeep\n|\n|t:|1699954370\n|switch|p1b: Sea Cow|Azumarill, F|100\/100\n|turn|23\n|\n|t:|1699954376\n|move|p1a: Queenie|Hurricane|p2b: Cresselia|[miss]\n|-miss|p1a: Queenie|p2b: Cresselia\n|move|p2b: Cresselia|Stored Power|p1b: Sea Cow\n|-crit|p1b: Sea Cow\n|-damage|p1b: Sea Cow|0 fnt\n|faint|p1b: Sea Cow\n|\n|upkeep\n|turn|24\n|l|\u2606ParanoidWizard\n|inactive|ParanoidWizard disconnected and has a minute to reconnect!\n|player|p1|\n|inactive|ParanoidWizard has 30 seconds to reconnect!\n|inactive|ParanoidWizard has 20 seconds to reconnect!\n|inactive|ParanoidWizard has 15 seconds to reconnect!\n|inactive|ParanoidWizard has 10 seconds to reconnect!\n|inactive|ParanoidWizard has 5 seconds to reconnect!\n|-message|ParanoidWizard lost due to inactivity.\n|\n|win|Not McBruh\n|raw|ParanoidWizard's rating: 1400 &rarr; <strong>1383<\/strong><br \/>(-17 for losing)\n|raw|Not McBruh's rating: 1444 &rarr; <strong>1461<\/strong><br \/>(+17 for winning)\n","uploadtime":1699954460,"views":29,"p1id":"paranoidwizard","p2id":"notmcbruh","formatid":"gen9nationaldexdoubles","rating":1383,"private":0,"password":""}