{"id":"gen9nationaldexdoubles-1956564333","p1":"Nyata","p2":"Lv. 21XX","format":"[Gen 9] National Dex Doubles","log":"|j|\u2606Nyata\n|j|\u2606Lv. 21XX\n|t:|1696121355\n|gametype|doubles\n|player|p1|Nyata|170|1467\n|player|p2|Lv. 21XX|2|1391\n|teamsize|p1|6\n|teamsize|p2|6\n|gen|9\n|tier|[Gen 9] National Dex Doubles\n|rated|\n|rule|HP Percentage Mod: HP is shown in percentages\n|rule|Endless Battle Clause: Forcing endless battles is banned\n|rule|OHKO Clause: OHKO moves are banned\n|rule|Evasion Moves Clause: Evasion moves are banned\n|rule|Evasion Abilities Clause: Evasion abilities are banned\n|rule|Species Clause: Limit one of each Pok\u00e9mon\n|rule|Gravity Sleep Clause: The combination of sleep-inducing moves with imperfect accuracy and Gravity or Gigantamax Orbeetle are banned\n|clearpoke\n|poke|p1|Cradily, M|\n|poke|p1|Aerodactyl, M|\n|poke|p1|Arcanine-Hisui, M|\n|poke|p1|Nihilego|\n|poke|p1|Tyranitar, M|\n|poke|p1|Aggron, M|\n|poke|p2|Zygarde|\n|poke|p2|Blastoise, M|\n|poke|p2|Jirachi|\n|poke|p2|Tornadus, M|\n|poke|p2|Zamazenta-*|\n|poke|p2|Ogerpon-Hearthflame, F|\n|teampreview\n|c|\u2606Lv. 21XX|This isn\u2019t monotype\n|c|\u2606Nyata|xd\n|\n|t:|1696121403\n|start\n|switch|p1a: Aerodactyl|Aerodactyl, M|100\/100\n|switch|p1b: Cradily|Cradily, M|100\/100\n|switch|p2a: Jirachi|Jirachi|100\/100\n|switch|p2b: Zamazenta|Zamazenta|100\/100\n|-ability|p1a: Aerodactyl|Unnerve\n|-ability|p2b: Zamazenta|Dauntless Shield|boost\n|-boost|p2b: Zamazenta|def|1\n|turn|1\n|c|\u2606Lv. 21XX|Fair\ud83e\udd23\n|\n|t:|1696121426\n|move|p1a: Aerodactyl|Tailwind|p1a: Aerodactyl\n|-sidestart|p1: Nyata|move: Tailwind\n|move|p2b: Zamazenta|Body Press|p1b: Cradily\n|-supereffective|p1b: Cradily\n|-damage|p1b: Cradily|0 fnt\n|faint|p1b: Cradily\n|move|p2a: Jirachi|Doom Desire|p1a: Aerodactyl\n|-start|p2a: Jirachi|Doom Desire\n|\n|upkeep\n|\n|t:|1696121435\n|switch|p1b: Aggron|Aggron, M|100\/100\n|turn|2\n|\n|t:|1696121450\n|detailschange|p1b: Aggron|Aggron-Mega, M\n|-mega|p1b: Aggron|Aggron|Aggronite\n|move|p1a: Aerodactyl|Sky Drop||[still]\n|-prepare|p1a: Aerodactyl|Sky Drop|p2a: Jirachi\n|move|p2b: Zamazenta|Body Press|p1a: Aerodactyl|[miss]\n|-miss|p2b: Zamazenta|p1a: Aerodactyl\n|move|p1b: Aggron|Iron Defense|p1b: Aggron\n|-boost|p1b: Aggron|def|2\n|\n|upkeep\n|turn|3\n|\n|t:|1696121469\n|move|p1a: Aerodactyl|Sky Drop|p2a: Jirachi|[from]lockedmove\n|-resisted|p2a: Jirachi\n|-damage|p2a: Jirachi|92\/100\n|-end|p2a: Jirachi|Sky Drop\n|-damage|p1a: Aerodactyl|84\/100|[from] item: Rocky Helmet|[of] p2a: Jirachi\n|move|p2b: Zamazenta|Body Press|p1a: Aerodactyl\n|-damage|p1a: Aerodactyl|8\/100\n|move|p1b: Aggron|Iron Defense|p1b: Aggron\n|-boost|p1b: Aggron|def|2\n|move|p2a: Jirachi|Dazzling Gleam|p1a: Aerodactyl|[spread] p1a,p1b\n|-resisted|p1b: Aggron\n|-damage|p1a: Aerodactyl|0 fnt\n|-damage|p1b: Aggron|92\/100\n|faint|p1a: Aerodactyl\n|\n|-hint|Doom Desire did not hit because the target is fainted.\n|upkeep\n|\n|t:|1696121494\n|switch|p1a: Nihilego|Nihilego|100\/100\n|turn|4\n|\n|t:|1696121511\n|switch|p2a: Blastoise|Blastoise, M|100\/100\n|move|p1a: Nihilego|Protect|p1a: Nihilego\n|-singleturn|p1a: Nihilego|Protect\n|move|p2b: Zamazenta|Body Press|p1b: Aggron\n|-supereffective|p1b: Aggron\n|-damage|p1b: Aggron|80\/100\n|move|p1b: Aggron|Iron Defense|p1b: Aggron\n|-boost|p1b: Aggron|def|2\n|\n|-sideend|p1: Nyata|move: Tailwind\n|upkeep\n|turn|5\n|\n|t:|1696121550\n|detailschange|p2a: Blastoise|Blastoise-Mega, M\n|-mega|p2a: Blastoise|Blastoise|Blastoisinite\n|-terastallize|p1a: Nihilego|Flying\n|move|p2b: Zamazenta|Body Press|p1a: Nihilego\n|-resisted|p1a: Nihilego\n|-damage|p1a: Nihilego|53\/100\n|move|p1a: Nihilego|Grass Knot|p2a: Blastoise\n|-supereffective|p2a: Blastoise\n|-damage|p2a: Blastoise|33\/100\n|move|p2a: Blastoise|Water Spout|p1b: Aggron|[spread] p1a,p1b\n|-damage|p1a: Nihilego|39\/100\n|-damage|p1b: Aggron|53\/100\n|move|p1b: Aggron|Body Press|p2a: Blastoise\n|-damage|p2a: Blastoise|0 fnt\n|faint|p2a: Blastoise\n|\n|upkeep\n|\n|t:|1696121575\n|switch|p2a: Zygarde|Zygarde|100\/100\n|-ability|p2a: Zygarde|Aura Break\n|turn|6\n|\n|t:|1696121588\n|move|p1a: Nihilego|Protect|p1a: Nihilego\n|-singleturn|p1a: Nihilego|Protect\n|move|p2b: Zamazenta|Wide Guard|p2b: Zamazenta\n|-singleturn|p2b: Zamazenta|Wide Guard\n|move|p2a: Zygarde|Thousand Arrows|p1a: Nihilego|[spread] p1b\n|-activate|p1a: Nihilego|move: Protect\n|-supereffective|p1b: Aggron\n|-damage|p1b: Aggron|49\/100\n|move|p1b: Aggron|Body Press|p2a: Zygarde\n|-damage|p2a: Zygarde|0 fnt\n|faint|p2a: Zygarde\n|\n|upkeep\n|\n|t:|1696121604\n|switch|p2a: Jirachi|Jirachi|92\/100\n|turn|7\n|\n|t:|1696121642\n|move|p2b: Zamazenta|Heavy Slam|p1a: Nihilego\n|-damage|p1a: Nihilego|3\/100\n|move|p1a: Nihilego|Grass Knot|p2b: Zamazenta\n|-damage|p2b: Zamazenta|62\/100\n|move|p2a: Jirachi|Doom Desire|p1b: Aggron\n|-start|p2a: Jirachi|Doom Desire\n|move|p1b: Aggron|Body Press|p2a: Jirachi\n|-damage|p2a: Jirachi|0 fnt\n|-damage|p1b: Aggron|32\/100|[from] item: Rocky Helmet|[of] p2a: Jirachi\n|faint|p2a: Jirachi\n|\n|upkeep\n|\n|t:|1696121656\n|switch|p2a: Ogerpon|Ogerpon-Hearthflame, F|100\/100\n|-ability|p2a: Ogerpon|Mold Breaker\n|turn|8\n|\n|t:|1696121669\n|-terastallize|p2a: Ogerpon|Fire\n|detailschange|p2a: Ogerpon|Ogerpon-Hearthflame-Tera, F, tera:Fire\n|-ability|p2a: Ogerpon|Embody Aspect (Hearthflame)|boost\n|-boost|p2a: Ogerpon|atk|1\n|move|p1a: Nihilego|Protect|p1a: Nihilego\n|-singleturn|p1a: Nihilego|Protect\n|move|p2b: Zamazenta|Body Press|p1b: Aggron\n|-supereffective|p1b: Aggron\n|-damage|p1b: Aggron|24\/100\n|move|p2a: Ogerpon|Ivy Cudgel|p1b: Aggron\n|-supereffective|p1b: Aggron\n|-damage|p1b: Aggron|3\/100\n|move|p1b: Aggron|Body Press|p2b: Zamazenta\n|-damage|p2b: Zamazenta|0 fnt\n|faint|p2b: Zamazenta\n|\n|upkeep\n|\n|t:|1696121687\n|switch|p2b: Tornadus|Tornadus, M, shiny|100\/100\n|turn|9\n|\n|t:|1696121695\n|move|p1a: Nihilego|Meteor Beam||[still]\n|-prepare|p1a: Nihilego|Meteor Beam\n|-boost|p1a: Nihilego|spa|1\n|-enditem|p1a: Nihilego|Power Herb\n|-anim|p1a: Nihilego|Meteor Beam|p2a: Ogerpon\n|-supereffective|p2a: Ogerpon\n|-damage|p2a: Ogerpon|0 fnt\n|faint|p2a: Ogerpon\n|-ability|p1a: Nihilego|Beast Boost|boost\n|-boost|p1a: Nihilego|spa|1\n|move|p2b: Tornadus|Bleakwind Storm|p1a: Nihilego|[spread] p1b\n|-miss|p2b: Tornadus|p1a: Nihilego\n|-resisted|p1b: Aggron\n|-damage|p1b: Aggron|0 fnt\n|faint|p1b: Aggron\n|\n|-hint|Doom Desire did not hit because the target is fainted.\n|upkeep\n|\n|t:|1696121710\n|switch|p1b: Tyranitar|Tyranitar, M|100\/100\n|-weather|Sandstorm|[from] ability: Sand Stream|[of] p1b: Tyranitar\n|turn|10\n|\n|t:|1696121716\n|move|p1a: Nihilego|Protect|p1a: Nihilego\n|-singleturn|p1a: Nihilego|Protect\n|move|p2b: Tornadus|Bleakwind Storm|p1b: Tyranitar|[spread] p1b\n|-activate|p1a: Nihilego|move: Protect\n|-resisted|p1b: Tyranitar\n|-damage|p1b: Tyranitar|90\/100\n|-unboost|p1b: Tyranitar|spe|1\n|move|p1b: Tyranitar|Rock Slide|p2b: Tornadus\n|-supereffective|p2b: Tornadus\n|-damage|p2b: Tornadus|0 fnt\n|faint|p2b: Tornadus\n|\n|win|Nyata\n|raw|Nyata's rating: 1467 &rarr; <strong>1483<\/strong><br \/>(+16 for winning)\n|raw|Lv. 21XX's rating: 1391 &rarr; <strong>1375<\/strong><br \/>(-16 for losing)\n|c|\u2606Nyata|gg\n|c|\u2606Lv. 21XX|Gg\n|c|\u2606Lv. 21XX|nice agron sweep\n|c|\u2606Nyata|:3 ty gg\n|l|\u2606Lv. 21XX\n","uploadtime":1696121748,"views":5,"p1id":"nyata","p2id":"lv21xx","formatid":"gen9nationaldexdoubles","rating":1375,"private":0,"password":""}