{"id":"gen9nationaldexdoubles-1990034209","p1":"dzfbfb db","p2":"gargoyle76","format":"[Gen 9] National Dex Doubles","log":"|j|\u2606dzfbfb db\n|j|\u2606gargoyle76\n|t:|1699917493\n|gametype|doubles\n|player|p1|dzfbfb db|blackbelt-gen4dp|1000\n|player|p2|gargoyle76|beauty-gen4dp|1079\n|teamsize|p1|6\n|teamsize|p2|6\n|gen|9\n|tier|[Gen 9] National Dex Doubles\n|rated|\n|rule|HP Percentage Mod: HP is shown in percentages\n|rule|Endless Battle Clause: Forcing endless battles is banned\n|rule|OHKO Clause: OHKO moves are banned\n|rule|Evasion Moves Clause: Evasion moves are banned\n|rule|Evasion Abilities Clause: Evasion abilities are banned\n|rule|Species Clause: Limit one of each Pok\u00e9mon\n|rule|Gravity Sleep Clause: The combination of sleep-inducing moves with imperfect accuracy and Gravity or Gigantamax Orbeetle are banned\n|clearpoke\n|poke|p1|Sinistcha-Masterpiece|\n|poke|p1|Rillaboom, M|\n|poke|p1|Jirachi|\n|poke|p1|Ursaluna, M|\n|poke|p1|Oranguru, M|\n|poke|p1|Indeedee-F, F|\n|poke|p2|Garbodor, M|\n|poke|p2|Sharpedo, M|\n|poke|p2|Alakazam, F|\n|poke|p2|Weavile, F|\n|poke|p2|Toxicroak, F|\n|poke|p2|Leafeon, F|\n|teampreview\n|\n|t:|1699917510\n|start\n|switch|p1a: Indeedee|Indeedee-F, F|100\/100\n|switch|p1b: Sinistcha|Sinistcha-Masterpiece|100\/100\n|switch|p2a: gremlin|Weavile, F|100\/100\n|switch|p2b: my trash baby|Garbodor, M|100\/100\n|-ability|p2a: gremlin|Pressure\n|-fieldstart|move: Psychic Terrain|[from] ability: Psychic Surge|[of] p1a: Indeedee\n|turn|1\n|inactive|Battle timer is ON: inactive players will automatically lose when time's up. (requested by dzfbfb db)\n|\n|t:|1699917522\n|move|p1a: Indeedee|Follow Me|p1a: Indeedee\n|-singleturn|p1a: Indeedee|move: Follow Me\n|move|p2a: gremlin|Knock Off|p1a: Indeedee\n|-supereffective|p1a: Indeedee\n|-damage|p1a: Indeedee|4\/100\n|-enditem|p1a: Indeedee|Focus Sash|[from] move: Knock Off|[of] p2a: gremlin\n|move|p2b: my trash baby|Gunk Shot|p1a: Indeedee\n|-damage|p1a: Indeedee|0 fnt\n|faint|p1a: Indeedee\n|-zpower|p1b: Sinistcha\n|move|p1b: Sinistcha|Z-Trick Room|p1b: Sinistcha|[anim]Trick Room\n|-boost|p1b: Sinistcha|accuracy|1|[zeffect]\n|-fieldstart|move: Trick Room|[of] p1b: Sinistcha\n|\n|upkeep\n|\n|t:|1699917541\n|switch|p1a: Ursaluna|Ursaluna, M|100\/100\n|turn|2\n|\n|t:|1699917554\n|move|p1a: Ursaluna|Close Combat|p2a: gremlin\n|-supereffective|p2a: gremlin\n|-enditem|p2a: gremlin|Focus Sash\n|-damage|p2a: gremlin|1\/100\n|-unboost|p1a: Ursaluna|def|1\n|-unboost|p1a: Ursaluna|spd|1\n|move|p1b: Sinistcha|Nasty Plot|p1b: Sinistcha\n|-boost|p1b: Sinistcha|spa|2\n|move|p2b: my trash baby|Toxic Spikes|p1a: Ursaluna\n|-sidestart|p1: dzfbfb db|move: Toxic Spikes\n|move|p2a: gremlin|Knock Off|p1b: Sinistcha\n|-supereffective|p1b: Sinistcha\n|-damage|p1b: Sinistcha|28\/100\n|\n|-status|p1a: Ursaluna|brn|[from] item: Flame Orb\n|upkeep\n|turn|3\n|\n|t:|1699917572\n|move|p1a: Ursaluna|Facade|p2b: my trash baby\n|-damage|p2b: my trash baby|0 fnt\n|faint|p2b: my trash baby\n|move|p1b: Sinistcha|Matcha Gotcha|p2a: gremlin\n|-damage|p2a: gremlin|0 fnt\n|-heal|p1b: Sinistcha|28\/100|[from] drain|[of] p2a: gremlin\n|faint|p2a: gremlin\n|\n|-damage|p1a: Ursaluna|94\/100 brn|[from] brn\n|upkeep\n|\n|t:|1699917586\n|switch|p2b: Shark|Sharpedo, M|100\/100\n|switch|p2a: SPOON|Alakazam, F|100\/100\n|turn|4\n|\n|t:|1699917592\n|detailschange|p2b: Shark|Sharpedo-Mega, M\n|-mega|p2b: Shark|Sharpedo|Sharpedonite\n|move|p2b: Shark|Protect|p2b: Shark\n|-singleturn|p2b: Shark|Protect\n|move|p1a: Ursaluna|Facade|p2a: SPOON\n|-enditem|p2a: SPOON|Focus Sash\n|-damage|p2a: SPOON|1\/100\n|move|p1b: Sinistcha|Matcha Gotcha|p2a: SPOON|[spread] p2a\n|-activate|p2b: Shark|move: Protect\n|-damage|p2a: SPOON|0 fnt\n|-heal|p1b: Sinistcha|29\/100|[from] drain|[of] p2a: SPOON\n|faint|p2a: SPOON\n|\n|-damage|p1a: Ursaluna|88\/100 brn|[from] brn\n|upkeep\n|\n|t:|1699917603\n|switch|p2a: frog|Toxicroak, F|100\/100\n|turn|5\n|\n|t:|1699917609\n|move|p1a: Ursaluna|Facade|p2a: frog\n|-damage|p2a: frog|0 fnt\n|faint|p2a: frog\n|move|p1b: Sinistcha|Matcha Gotcha|p2b: Shark\n|-supereffective|p2b: Shark\n|-damage|p2b: Shark|0 fnt\n|-heal|p1b: Sinistcha|78\/100|[from] drain|[of] p2b: Shark\n|faint|p2b: Shark\n|\n|-damage|p1a: Ursaluna|82\/100 brn|[from] brn\n|-fieldend|move: Trick Room\n|-fieldend|move: Psychic Terrain\n|upkeep\n|-message|gargoyle76 forfeited.\n|\n|win|dzfbfb db\n|raw|dzfbfb db's rating: 1000 &rarr; <strong>1049<\/strong><br \/>(+49 for winning)\n|raw|gargoyle76's rating: 1079 &rarr; <strong>1052<\/strong><br \/>(-27 for losing)\n|l|\u2606gargoyle76\n","uploadtime":1699917621,"views":5,"p1id":"dzfbfbdb","p2id":"gargoyle76","formatid":"gen9nationaldexdoubles","rating":1049,"private":0,"password":""}