{"id":"gen9nationaldexdoubles-1986631053","p1":"Prapple2","p2":"Mokaccino333","format":"[Gen 9] National Dex Doubles","log":"|j|\u2606Prapple2\n|j|\u2606Mokaccino333\n|t:|1699500040\n|gametype|doubles\n|player|p1|Prapple2|caitlin|\n|player|p2|Mokaccino333|lady|\n|teamsize|p1|6\n|teamsize|p2|6\n|gen|9\n|tier|[Gen 9] National Dex Doubles\n|rule|HP Percentage Mod: HP is shown in percentages\n|rule|Endless Battle Clause: Forcing endless battles is banned\n|rule|OHKO Clause: OHKO moves are banned\n|rule|Evasion Moves Clause: Evasion moves are banned\n|rule|Evasion Abilities Clause: Evasion abilities are banned\n|rule|Species Clause: Limit one of each Pok\u00e9mon\n|rule|Gravity Sleep Clause: The combination of sleep-inducing moves with imperfect accuracy and Gravity or Gigantamax Orbeetle are banned\n|clearpoke\n|poke|p1|Tapu Lele|\n|poke|p1|Clefable, M|\n|poke|p1|Mawile, M|\n|poke|p1|Hatterene, F|\n|poke|p1|Grimmsnarl, M|\n|poke|p1|Diancie|\n|poke|p2|Iron Treads|\n|poke|p2|Rillaboom, F|\n|poke|p2|Metagross|\n|poke|p2|Scizor, F|\n|poke|p2|Perrserker, F|\n|poke|p2|Heatran, F|\n|teampreview\n|c|\u2606Prapple2|..\n|c|\u2606Prapple2|this is a bully team\n|\n|t:|1699500057\n|start\n|switch|p1a: Hatterene|Hatterene, F|100\/100\n|switch|p1b: Grimmsnarl|Grimmsnarl, M|100\/100\n|switch|p2a: Rillaboom|Rillaboom, F|100\/100\n|switch|p2b: Iron Treads|Iron Treads|100\/100\n|-fieldstart|move: Grassy Terrain|[from] ability: Grassy Surge|[of] p2a: Rillaboom\n|-enditem|p2b: Iron Treads|Booster Energy\n|-activate|p2b: Iron Treads|ability: Quark Drive|[fromitem]\n|-start|p2b: Iron Treads|quarkdrivespe\n|turn|1\n|\n|t:|1699500069\n|move|p2a: Rillaboom|Fake Out|p1a: Hatterene\n|-damage|p1a: Hatterene|87\/100\n|move|p1b: Grimmsnarl|Fake Out|p2b: Iron Treads\n|-resisted|p2b: Iron Treads\n|-damage|p2b: Iron Treads|96\/100\n|cant|p2b: Iron Treads|flinch\n|cant|p1a: Hatterene|flinch\n|\n|-heal|p2b: Iron Treads|100\/100|[from] Grassy Terrain\n|-heal|p1a: Hatterene|93\/100|[from] Grassy Terrain\n|-heal|p1a: Hatterene|99\/100|[from] item: Leftovers\n|upkeep\n|turn|2\n|\n|t:|1699500083\n|move|p1b: Grimmsnarl|Reflect|p1b: Grimmsnarl\n|-sidestart|p1: Prapple2|Reflect\n|move|p2b: Iron Treads|Steel Roller|p1a: Hatterene\n|-supereffective|p1a: Hatterene\n|-damage|p1a: Hatterene|4\/100\n|-fieldend|move: Grassy Terrain\n|move|p2a: Rillaboom|Grassy Terrain|p2a: Rillaboom\n|-fieldstart|move: Grassy Terrain\n|move|p1a: Hatterene|Trick Room|p1a: Hatterene\n|-fieldstart|move: Trick Room|[of] p1a: Hatterene\n|\n|-heal|p1a: Hatterene|10\/100|[from] Grassy Terrain\n|-heal|p1a: Hatterene|16\/100|[from] item: Leftovers\n|upkeep\n|turn|3\n|\n|t:|1699500098\n|move|p1b: Grimmsnarl|Parting Shot|p2b: Iron Treads\n|-unboost|p2b: Iron Treads|atk|1\n|-unboost|p2b: Iron Treads|spa|1\n|\n|t:|1699500102\n|switch|p1b: Tapu Lele|Tapu Lele|100\/100|[from] Parting Shot\n|-fieldstart|move: Psychic Terrain|[from] ability: Psychic Surge|[of] p1b: Tapu Lele\n|move|p1a: Hatterene|Expanding Force|p2a: Rillaboom|[spread] p2a,p2b\n|-resisted|p2b: Iron Treads\n|-damage|p2a: Rillaboom|51\/100\n|-damage|p2b: Iron Treads|50\/100\n|move|p2a: Rillaboom|Grassy Glide|p1a: Hatterene\n|-damage|p1a: Hatterene|0 fnt\n|faint|p1a: Hatterene\n|move|p2b: Iron Treads|Steel Roller|p1b: Tapu Lele\n|-supereffective|p1b: Tapu Lele\n|-damage|p1b: Tapu Lele|33\/100\n|-fieldend|move: Psychic Terrain\n|\n|-heal|p2a: Rillaboom|58\/100|[from] item: Leftovers\n|upkeep\n|\n|t:|1699500123\n|switch|p1a: Grimmsnarl|Grimmsnarl, M|100\/100\n|turn|4\n|\n|t:|1699500132\n|move|p2b: Iron Treads|Protect|p2b: Iron Treads\n|-singleturn|p2b: Iron Treads|Protect\n|move|p1a: Grimmsnarl|Fake Out|p2b: Iron Treads\n|-activate|p2b: Iron Treads|move: Protect\n|move|p1b: Tapu Lele|Shadow Ball|p2b: Iron Treads\n|-activate|p2b: Iron Treads|move: Protect\n|move|p2a: Rillaboom|U-turn|p1b: Tapu Lele\n|-damage|p1b: Tapu Lele|17\/100\n|c|\u2606Prapple2|idt i can counter dis one\n|\n|t:|1699500152\n|switch|p2a: Scizor|Scizor, F|100\/100|[from] U-turn\n|\n|upkeep\n|turn|5\n|c|\u2606Prapple2|5steel types LOL\n|\n|t:|1699500161\n|detailschange|p2a: Scizor|Scizor-Mega, F\n|-mega|p2a: Scizor|Scizor|Scizorite\n|move|p1b: Tapu Lele|Protect|p1b: Tapu Lele\n|-singleturn|p1b: Tapu Lele|Protect\n|move|p1a: Grimmsnarl|Parting Shot|p2a: Scizor\n|-unboost|p2a: Scizor|atk|1\n|-unboost|p2a: Scizor|spa|1\n|\n|t:|1699500169\n|switch|p1a: Clefable|Clefable, M|100\/100|[from] Parting Shot\n|move|p2a: Scizor|Bullet Punch|p1b: Tapu Lele\n|-activate|p1b: Tapu Lele|move: Protect\n|move|p2b: Iron Treads|Iron Head|p1a: Clefable\n|-supereffective|p1a: Clefable\n|-damage|p1a: Clefable|40\/100\n|\n|-heal|p1a: Clefable|46\/100|[from] item: Leftovers\n|upkeep\n|turn|6\n|\n|t:|1699500183\n|move|p1a: Clefable|Follow Me|p1a: Clefable\n|-singleturn|p1a: Clefable|move: Follow Me\n|move|p2a: Scizor|Bullet Punch|p1a: Clefable\n|-supereffective|p1a: Clefable\n|-damage|p1a: Clefable|0 fnt\n|faint|p1a: Clefable\n|move|p1b: Tapu Lele|Shadow Ball|p2b: Iron Treads\n|-damage|p2b: Iron Treads|0 fnt\n|faint|p2b: Iron Treads\n|-end|p2b: Iron Treads|Quark Drive|[silent]\n|-damage|p1b: Tapu Lele|7\/100|[from] item: Life Orb\n|\n|-fieldend|move: Trick Room\n|upkeep\n|\n|t:|1699500195\n|switch|p2b: Perrserker|Perrserker, F|100\/100\n|switch|p1a: Grimmsnarl|Grimmsnarl, M|100\/100\n|turn|7\n|\n|t:|1699500207\n|move|p2a: Scizor|Detect|p2a: Scizor\n|-singleturn|p2a: Scizor|Protect\n|move|p1a: Grimmsnarl|Fake Out|p2a: Scizor\n|-activate|p2a: Scizor|move: Protect\n|move|p2b: Perrserker|Fake Out|p1b: Tapu Lele\n|-damage|p1b: Tapu Lele|0 fnt\n|faint|p1b: Tapu Lele\n|\n|upkeep\n|\n|t:|1699500216\n|switch|p1b: Mawile|Mawile, M|100\/100\n|-ability|p1b: Mawile|Intimidate|boost\n|-unboost|p2a: Scizor|atk|1\n|-unboost|p2b: Perrserker|atk|1\n|turn|8\n|\n|t:|1699500233\n|switch|p2a: Heatran|Heatran, F|100\/100\n|detailschange|p1b: Mawile|Mawile-Mega, M\n|-mega|p1b: Mawile|Mawile|Mawilite\n|move|p2b: Perrserker|Protect|p2b: Perrserker\n|-singleturn|p2b: Perrserker|Protect\n|move|p1a: Grimmsnarl|Parting Shot|p2b: Perrserker\n|-activate|p2b: Perrserker|move: Protect\n|move|p1b: Mawile|Swords Dance|p1b: Mawile\n|-boost|p1b: Mawile|atk|2\n|\n|upkeep\n|turn|9\n|\n|t:|1699500251\n|move|p2b: Perrserker|Helping Hand|p2a: Heatran\n|-singleturn|p2a: Heatran|Helping Hand|[of] p2b: Perrserker\n|move|p1a: Grimmsnarl|Light Screen|p1a: Grimmsnarl\n|-sidestart|p1: Prapple2|move: Light Screen\n|move|p2a: Heatran|Fire Blast|p1b: Mawile|[miss]\n|-miss|p2a: Heatran|p1b: Mawile\n|move|p1b: Mawile|Swords Dance|p1b: Mawile\n|-boost|p1b: Mawile|atk|2\n|\n|-sideend|p1: Prapple2|Reflect\n|upkeep\n|turn|10\n|c|\u2606Mokaccino333|bruh\n|\n|t:|1699500267\n|switch|p2b: Rillaboom|Rillaboom, F|58\/100\n|-fieldstart|move: Grassy Terrain|[from] ability: Grassy Surge|[of] p2b: Rillaboom\n|move|p1a: Grimmsnarl|Parting Shot|p2a: Heatran\n|-unboost|p2a: Heatran|atk|1\n|-unboost|p2a: Heatran|spa|1\n|\n|t:|1699500274\n|switch|p1a: Diancie|Diancie|100\/100|[from] Parting Shot\n|move|p1b: Mawile|Sucker Punch|p2a: Heatran\n|-damage|p2a: Heatran|0 fnt\n|faint|p2a: Heatran\n|\n|-heal|p2b: Rillaboom|64\/100|[from] Grassy Terrain\n|-heal|p2b: Rillaboom|70\/100|[from] item: Leftovers\n|upkeep\n|\n|t:|1699500285\n|switch|p2a: Metagross|Metagross|100\/100\n|turn|11\n|\n|t:|1699500293\n|move|p2b: Rillaboom|Fake Out|p1b: Mawile\n|-resisted|p1b: Mawile\n|-crit|p1b: Mawile\n|-damage|p1b: Mawile|93\/100\n|move|p2a: Metagross|Stomping Tantrum|p1b: Mawile\n|-supereffective|p1b: Mawile\n|-damage|p1b: Mawile|23\/100\n|-damage|p2a: Metagross|91\/100|[from] item: Life Orb\n|cant|p1b: Mawile|flinch\n|move|p1a: Diancie|Trick Room|p1a: Diancie\n|-fieldstart|move: Trick Room|[of] p1a: Diancie\n|\n|-heal|p1b: Mawile|29\/100|[from] Grassy Terrain\n|-heal|p2b: Rillaboom|76\/100|[from] Grassy Terrain\n|-heal|p2b: Rillaboom|82\/100|[from] item: Leftovers\n|-heal|p2a: Metagross|97\/100|[from] Grassy Terrain\n|upkeep\n|turn|12\n|\n|t:|1699500312\n|switch|p2b: Perrserker|Perrserker, F|100\/100\n|move|p2a: Metagross|Protect|p2a: Metagross\n|-singleturn|p2a: Metagross|Protect\n|move|p1b: Mawile|Fire Fang|p2b: Perrserker\n|-supereffective|p2b: Perrserker\n|-damage|p2b: Perrserker|0 fnt\n|faint|p2b: Perrserker\n|move|p1a: Diancie|Diamond Storm|p2a: Metagross\n|-activate|p2a: Metagross|move: Protect\n|\n|-heal|p1b: Mawile|35\/100|[from] Grassy Terrain\n|-heal|p2a: Metagross|100\/100|[from] Grassy Terrain\n|upkeep\n|\n|t:|1699500319\n|switch|p2b: Rillaboom|Rillaboom, F|82\/100\n|turn|13\n|\n|t:|1699500330\n|move|p2b: Rillaboom|Fake Out|p1b: Mawile\n|-resisted|p1b: Mawile\n|-damage|p1b: Mawile|29\/100\n|cant|p1b: Mawile|flinch\n|move|p1a: Diancie|Diamond Storm|p2a: Metagross|[spread] p2a,p2b\n|-resisted|p2a: Metagross\n|-damage|p2a: Metagross|90\/100\n|-damage|p2b: Rillaboom|58\/100\n|-boost|p1a: Diancie|def|2\n|move|p2a: Metagross|Stomping Tantrum|p1b: Mawile\n|-supereffective|p1b: Mawile\n|-damage|p1b: Mawile|0 fnt\n|faint|p1b: Mawile\n|-damage|p2a: Metagross|80\/100|[from] item: Life Orb\n|\n|-heal|p2b: Rillaboom|64\/100|[from] Grassy Terrain\n|-heal|p2b: Rillaboom|70\/100|[from] item: Leftovers\n|-heal|p2a: Metagross|86\/100|[from] Grassy Terrain\n|upkeep\n|\n|t:|1699500333\n|switch|p1b: Grimmsnarl|Grimmsnarl, M|100\/100\n|turn|14\n|c|\u2606Mokaccino333|how you liking these fake outs\n|c|\u2606Mokaccino333|on your mawile\n|c|\u2606Prapple2|LOL i need\n|c|\u2606Prapple2|clefable to back up mawile tbh\n|\n|t:|1699500360\n|move|p1b: Grimmsnarl|Fake Out|p2b: Rillaboom\n|-damage|p2b: Rillaboom|60\/100\n|cant|p2b: Rillaboom|flinch\n|move|p1a: Diancie|Diamond Storm|p2b: Rillaboom|[spread] p2a,p2b\n|-resisted|p2a: Metagross\n|-damage|p2a: Metagross|74\/100\n|-damage|p2b: Rillaboom|37\/100\n|move|p2a: Metagross|Steel Roller|p1a: Diancie\n|-supereffective|p1a: Diancie\n|-damage|p1a: Diancie|0 fnt\n|-fieldend|move: Grassy Terrain\n|faint|p1a: Diancie\n|-damage|p2a: Metagross|64\/100|[from] item: Life Orb\n|\n|-heal|p2b: Rillaboom|43\/100|[from] item: Leftovers\n|upkeep\n|turn|15\n|\n|t:|1699500377\n|move|p1b: Grimmsnarl|Reflect|p1b: Grimmsnarl\n|-sidestart|p1: Prapple2|Reflect\n|move|p2b: Rillaboom|Grassy Terrain|p2b: Rillaboom\n|-fieldstart|move: Grassy Terrain\n|move|p2a: Metagross|Steel Roller|p1b: Grimmsnarl\n|-supereffective|p1b: Grimmsnarl\n|-damage|p1b: Grimmsnarl|0 fnt\n|-fieldend|move: Grassy Terrain\n|faint|p1b: Grimmsnarl\n|-damage|p2a: Metagross|54\/100|[from] item: Life Orb\n|\n|win|Mokaccino333\n|c|\u2606Prapple2|ggz\n|c|\u2606Prapple2|i did\n|c|\u2606Mokaccino333|ggz\n|c|\u2606Prapple2|decently well tho\n|c|\u2606Mokaccino333|ya\n|c|\u2606Mokaccino333|but thats bc\n|c|\u2606Mokaccino333|i missed\n|c|\u2606Prapple2|considring u brought 5 mfsteeltypes LOL\n|c|\u2606Mokaccino333|fireblast\n|c|\u2606Prapple2|true but with 80%\n|c|\u2606Prapple2|what can we expec\n|c|\u2606Mokaccino333|true\n|c|\u2606Mokaccino333|time to swap to\n|c|\u2606Mokaccino333|flamethrower\n|c|\u2606Mokaccino333|just for you\n|c|\u2606Prapple2|LOL\n|c|\u2606Mokaccino333|time to post replay in discord so i can be like\n|c|\u2606Prapple2|i need a phys tank on this team\n|c|\u2606Mokaccino333|Steelroller > fairy\n|c|\u2606Prapple2|I DID DECENTLY WELL AGAINST UR COUNTER TEAM\n|c|\u2606Mokaccino333|you diiddd\n|c|\u2606Prapple2|applying for fairy doubles rn\n|c|\u2606Prapple2|that hatterene expanding force\n|c|\u2606Prapple2|is gonna be the main starting gimmick for me\n|c|\u2606Prapple2|also look at the replay i sent u\n|c|\u2606Prapple2|the first one\n|c|\u2606Mokaccino333|oki\n|l|\u2606Mokaccino333\n","uploadtime":1699500430,"views":22,"p1id":"prapple2","p2id":"mokaccino333","formatid":"gen9nationaldexdoubles","rating":0,"private":0,"password":""}