{"id":"gen9nationaldexdoubles-1958678984","p1":"BugSME","p2":"Bradeni","format":"[Gen 9] National Dex Doubles","log":"|j|\u2606BugSME\n|j|\u2606Bradeni\n|t:|1696349975\n|gametype|doubles\n|player|p1|BugSME|bugcatcher-gen4dp|\n|player|p2|Bradeni|dawn|\n|teamsize|p1|6\n|teamsize|p2|6\n|gen|9\n|tier|[Gen 9] National Dex Doubles\n|rule|HP Percentage Mod: HP is shown in percentages\n|rule|Endless Battle Clause: Forcing endless battles is banned\n|rule|OHKO Clause: OHKO moves are banned\n|rule|Evasion Moves Clause: Evasion moves are banned\n|rule|Evasion Abilities Clause: Evasion abilities are banned\n|rule|Species Clause: Limit one of each Pok\u00e9mon\n|rule|Gravity Sleep Clause: The combination of sleep-inducing moves with imperfect accuracy and Gravity or Gigantamax Orbeetle are banned\n|clearpoke\n|poke|p1|Volcarona, F|\n|poke|p1|Dragapult, F|\n|poke|p1|Tentacruel, F|\n|poke|p1|Aggron, F|\n|poke|p1|Arcanine-Hisui, M|\n|poke|p1|Gyarados, F|\n|poke|p2|Seismitoad, M|\n|poke|p2|Spiritomb, M|\n|poke|p2|Togekiss, M|\n|poke|p2|Goodra-Hisui, M|\n|poke|p2|Cloyster, M|\n|poke|p2|Gardevoir, F|\n|teampreview\n|\n|t:|1696349990\n|start\n|switch|p1a: Tentacruel|Tentacruel, F|100\/100\n|switch|p1b: Gyarados|Gyarados, F|100\/100\n|switch|p2a: Brrrrr|Seismitoad, M|100\/100\n|switch|p2b: MyExes|Spiritomb, M, shiny|100\/100\n|-ability|p1b: Gyarados|Intimidate|boost\n|-unboost|p2a: Brrrrr|atk|1\n|-unboost|p2b: MyExes|atk|1\n|-item|p2b: MyExes|Air Balloon\n|turn|1\n|\n|t:|1696350008\n|move|p1a: Tentacruel|Knock Off|p2a: Brrrrr\n|-damage|p2a: Brrrrr|89\/100\n|-enditem|p2a: Brrrrr|Leftovers|[from] move: Knock Off|[of] p1a: Tentacruel\n|move|p1b: Gyarados|Dragon Dance|p1b: Gyarados\n|-boost|p1b: Gyarados|atk|1\n|-boost|p1b: Gyarados|spe|1\n|move|p2a: Brrrrr|Earthquake|p1a: Tentacruel|[spread] p1a\n|-immune|p2b: MyExes\n|-immune|p1b: Gyarados\n|-supereffective|p1a: Tentacruel\n|-damage|p1a: Tentacruel|37\/100\n|move|p2b: MyExes|Rest|p2b: MyExes\n|-fail|p2b: MyExes|heal\n|\n|-heal|p1a: Tentacruel|43\/100|[from] item: Black Sludge\n|upkeep\n|turn|2\n|\n|t:|1696350028\n|move|p1b: Gyarados|Power Whip|p2a: Brrrrr\n|-supereffective|p2a: Brrrrr\n|-damage|p2a: Brrrrr|0 fnt\n|faint|p2a: Brrrrr\n|move|p1a: Tentacruel|Scald|p2b: MyExes\n|-damage|p2b: MyExes|69\/100\n|-enditem|p2b: MyExes|Air Balloon\n|move|p2b: MyExes|Rest|p2b: MyExes\n|-status|p2b: MyExes|slp|[from] move: Rest\n|-heal|p2b: MyExes|100\/100 slp|[silent]\n|\n|-heal|p1a: Tentacruel|49\/100|[from] item: Black Sludge\n|upkeep\n|\n|t:|1696350044\n|switch|p2a: LastResort|Togekiss, M, shiny|100\/100\n|turn|3\n|\n|t:|1696350070\n|move|p2a: LastResort|Metronome|p2a: LastResort\n|move|p2a: LastResort|Drill Run|p1a: Tentacruel|[from]move: Metronome\n|-supereffective|p1a: Tentacruel\n|-damage|p1a: Tentacruel|14\/100\n|move|p1b: Gyarados|Ice Fang|p2a: LastResort\n|-supereffective|p2a: LastResort\n|-crit|p2a: LastResort\n|-damage|p2a: LastResort|5\/100\n|move|p1a: Tentacruel|Rapid Spin|p2a: LastResort\n|-damage|p2a: LastResort|0 fnt\n|-boost|p1a: Tentacruel|spe|1\n|faint|p2a: LastResort\n|cant|p2b: MyExes|slp\n|move|p2b: MyExes|Sleep Talk|p2b: MyExes\n|move|p2b: MyExes|Calm Mind|p2b: MyExes|[from]move: Sleep Talk\n|-boost|p2b: MyExes|spa|1\n|-boost|p2b: MyExes|spd|1\n|\n|-heal|p1a: Tentacruel|20\/100|[from] item: Black Sludge\n|upkeep\n|\n|t:|1696350088\n|switch|p2a: Mother Dearest|Gardevoir, F, shiny|100\/100\n|-ability|p2a: Mother Dearest|Liquid Ooze|[from] ability: Trace|[of] p1a: Tentacruel\n|turn|4\n|\n|t:|1696350121\n|move|p1a: Tentacruel|Sludge Bomb|p2a: Mother Dearest\n|-supereffective|p2a: Mother Dearest\n|-damage|p2a: Mother Dearest|40\/100\n|-enditem|p2a: Mother Dearest|Sitrus Berry|[eat]\n|-heal|p2a: Mother Dearest|65\/100|[from] item: Sitrus Berry\n|move|p1b: Gyarados|Ice Fang|p2b: MyExes\n|-damage|p2b: MyExes|72\/100 slp\n|move|p2a: Mother Dearest|Moonblast|p1b: Gyarados\n|-damage|p1b: Gyarados|59\/100\n|-unboost|p1b: Gyarados|spa|1\n|cant|p2b: MyExes|slp\n|move|p2b: MyExes|Sleep Talk|p2b: MyExes\n|move|p2b: MyExes|Dark Pulse|p1b: Gyarados|[from]move: Sleep Talk\n|-damage|p1b: Gyarados|19\/100\n|\n|-heal|p1a: Tentacruel|26\/100|[from] item: Black Sludge\n|-heal|p1b: Gyarados|25\/100|[from] item: Leftovers\n|upkeep\n|turn|5\n|\n|t:|1696350155\n|move|p1a: Tentacruel|Sludge Bomb|p2a: Mother Dearest\n|-supereffective|p2a: Mother Dearest\n|-damage|p2a: Mother Dearest|5\/100\n|move|p1b: Gyarados|Ice Fang|p2a: Mother Dearest\n|-damage|p2a: Mother Dearest|0 fnt\n|faint|p2a: Mother Dearest\n|-curestatus|p2b: MyExes|slp|[msg]\n|move|p2b: MyExes|Sleep Talk||[still]\n|-fail|p2b: MyExes\n|\n|-heal|p1a: Tentacruel|32\/100|[from] item: Black Sludge\n|-heal|p1b: Gyarados|31\/100|[from] item: Leftovers\n|upkeep\n|\n|t:|1696350168\n|switch|p2a: Cloyster|Cloyster, M, shiny|100\/100\n|turn|6\n|\n|t:|1696350183\n|move|p1a: Tentacruel|Sludge Bomb|p2b: MyExes\n|-resisted|p2b: MyExes\n|-damage|p2b: MyExes|60\/100\n|-status|p2b: MyExes|psn\n|move|p1b: Gyarados|Power Whip|p2a: Cloyster\n|-supereffective|p2a: Cloyster\n|-damage|p2a: Cloyster|0 fnt\n|faint|p2a: Cloyster\n|move|p2b: MyExes|Sleep Talk||[still]\n|-fail|p2b: MyExes\n|\n|-heal|p1a: Tentacruel|38\/100|[from] item: Black Sludge\n|-heal|p1b: Gyarados|37\/100|[from] item: Leftovers\n|-damage|p2b: MyExes|48\/100 psn|[from] psn\n|upkeep\n|\n|t:|1696350197\n|switch|p2a: Goodra|Goodra-Hisui, M, shiny|100\/100\n|turn|7\n|\n|t:|1696350208\n|move|p1a: Tentacruel|Scald|p2b: MyExes\n|-damage|p2b: MyExes|27\/100 psn\n|move|p1b: Gyarados|Power Whip|p2a: Goodra\n|-ability|p2a: Goodra|Sap Sipper|boost\n|-boost|p2a: Goodra|atk|1\n|move|p2a: Goodra|Shelter|p2a: Goodra\n|-boost|p2a: Goodra|def|2\n|move|p2b: MyExes|Rest|p2b: MyExes\n|-status|p2b: MyExes|slp|[from] move: Rest\n|-heal|p2b: MyExes|100\/100 slp|[silent]\n|\n|-heal|p1a: Tentacruel|44\/100|[from] item: Black Sludge\n|-heal|p1b: Gyarados|43\/100|[from] item: Leftovers\n|upkeep\n|turn|8\n|\n|t:|1696350231\n|move|p2a: Goodra|Protect|p2a: Goodra\n|-singleturn|p2a: Goodra|Protect\n|move|p1a: Tentacruel|Sludge Bomb|p2a: Goodra\n|-activate|p2a: Goodra|move: Protect\n|move|p1b: Gyarados|Waterfall|p2a: Goodra\n|-activate|p2a: Goodra|move: Protect\n|cant|p2b: MyExes|slp\n|move|p2b: MyExes|Sleep Talk|p2b: MyExes\n|move|p2b: MyExes|Calm Mind|p2b: MyExes|[from]move: Sleep Talk\n|-boost|p2b: MyExes|spa|1\n|-boost|p2b: MyExes|spd|1\n|\n|-heal|p1a: Tentacruel|50\/100|[from] item: Black Sludge\n|-heal|p1b: Gyarados|49\/100|[from] item: Leftovers\n|upkeep\n|turn|9\n|\n|t:|1696350250\n|move|p1a: Tentacruel|Scald|p2a: Goodra\n|-resisted|p2a: Goodra\n|-damage|p2a: Goodra|91\/100\n|move|p1b: Gyarados|Waterfall|p2a: Goodra\n|-resisted|p2a: Goodra\n|-damage|p2a: Goodra|79\/100\n|-damage|p1b: Gyarados|33\/100|[from] item: Rocky Helmet|[of] p2a: Goodra\n|cant|p2a: Goodra|flinch\n|cant|p2b: MyExes|slp\n|move|p2b: MyExes|Sleep Talk|p2b: MyExes\n|move|p2b: MyExes|Rest||[from]move: Sleep Talk|[still]\n|-fail|p2b: MyExes\n|\n|-heal|p1a: Tentacruel|56\/100|[from] item: Black Sludge\n|-heal|p1b: Gyarados|39\/100|[from] item: Leftovers\n|upkeep\n|turn|10\n|\n|t:|1696350270\n|move|p1a: Tentacruel|Scald|p2b: MyExes\n|-damage|p2b: MyExes|86\/100 slp\n|move|p1b: Gyarados|Waterfall|p2b: MyExes\n|-damage|p2b: MyExes|38\/100 slp\n|move|p2a: Goodra|Shelter|p2a: Goodra\n|-boost|p2a: Goodra|def|2\n|-curestatus|p2b: MyExes|slp|[msg]\n|move|p2b: MyExes|Sleep Talk||[still]\n|-fail|p2b: MyExes\n|\n|-heal|p1a: Tentacruel|62\/100|[from] item: Black Sludge\n|-heal|p1b: Gyarados|45\/100|[from] item: Leftovers\n|upkeep\n|turn|11\n|\n|t:|1696350286\n|move|p1a: Tentacruel|Scald|p2b: MyExes\n|-damage|p2b: MyExes|22\/100\n|-status|p2b: MyExes|brn\n|move|p1b: Gyarados|Waterfall|p2b: MyExes\n|-damage|p2b: MyExes|0 fnt\n|faint|p2b: MyExes\n|move|p2a: Goodra|Body Press|p1b: Gyarados\n|-resisted|p1b: Gyarados\n|-damage|p1b: Gyarados|0 fnt\n|faint|p1b: Gyarados\n|\n|-heal|p1a: Tentacruel|68\/100|[from] item: Black Sludge\n|upkeep\n|\n|t:|1696350300\n|switch|p1b: Arcanine|Arcanine-Hisui, M|100\/100\n|turn|12\n|\n|t:|1696350310\n|move|p1a: Tentacruel|Scald|p2a: Goodra\n|-resisted|p2a: Goodra\n|-crit|p2a: Goodra\n|-damage|p2a: Goodra|64\/100\n|move|p1b: Arcanine|Flare Blitz|p2a: Goodra\n|-damage|p2a: Goodra|44\/100\n|-damage|p1b: Arcanine|84\/100|[from] item: Rocky Helmet|[of] p2a: Goodra\n|move|p2a: Goodra|Body Press|p1a: Tentacruel\n|-resisted|p1a: Tentacruel\n|-damage|p1a: Tentacruel|5\/100\n|\n|-heal|p1a: Tentacruel|11\/100|[from] item: Black Sludge\n|upkeep\n|turn|13\n|\n|t:|1696350324\n|move|p1a: Tentacruel|Scald|p2a: Goodra\n|-resisted|p2a: Goodra\n|-damage|p2a: Goodra|34\/100\n|move|p1b: Arcanine|Flare Blitz|p2a: Goodra\n|-damage|p2a: Goodra|14\/100\n|-damage|p1b: Arcanine|67\/100|[from] item: Rocky Helmet|[of] p2a: Goodra\n|move|p2a: Goodra|Shelter|p2a: Goodra\n|-boost|p2a: Goodra|def|2\n|\n|-heal|p1a: Tentacruel|17\/100|[from] item: Black Sludge\n|upkeep\n|turn|14\n|\n|t:|1696350343\n|move|p1a: Tentacruel|Rapid Spin|p2a: Goodra\n|-resisted|p2a: Goodra\n|-crit|p2a: Goodra\n|-damage|p2a: Goodra|10\/100\n|-boost|p1a: Tentacruel|spe|1\n|-damage|p1a: Tentacruel|0 fnt|[from] item: Rocky Helmet|[of] p2a: Goodra\n|faint|p1a: Tentacruel\n|move|p1b: Arcanine|Flare Blitz|p2a: Goodra\n|-damage|p2a: Goodra|0 fnt\n|-damage|p1b: Arcanine|51\/100|[from] item: Rocky Helmet|[of] p2a: Goodra\n|faint|p2a: Goodra\n|\n|win|BugSME\n|l|\u2606Bradeni\n|l|\u2606BugSME\n","uploadtime":1696350452,"views":5,"p1id":"bugsme","p2id":"bradeni","formatid":"gen9nationaldexdoubles","rating":0,"private":0,"password":""}