{"id":"gen9nationaldexdoubles-1952361736","p1":"THE G00B","p2":"GenerallGrievous","format":"[Gen 9] National Dex Doubles","log":"|j|\u2606THE G00B\n|j|\u2606GenerallGrievous\n|t:|1695677293\n|gametype|doubles\n|player|p1|THE G00B|pokemonrangerf|\n|player|p2|GenerallGrievous|gentleman|\n|teamsize|p1|6\n|teamsize|p2|6\n|gen|9\n|tier|[Gen 9] National Dex Doubles\n|rule|HP Percentage Mod: HP is shown in percentages\n|rule|Endless Battle Clause: Forcing endless battles is banned\n|rule|OHKO Clause: OHKO moves are banned\n|rule|Evasion Moves Clause: Evasion moves are banned\n|rule|Evasion Abilities Clause: Evasion abilities are banned\n|rule|Species Clause: Limit one of each Pok\u00e9mon\n|rule|Gravity Sleep Clause: The combination of sleep-inducing moves with imperfect accuracy and Gravity or Gigantamax Orbeetle are banned\n|clearpoke\n|poke|p1|Palafin, F|\n|poke|p1|Clodsire, F|\n|poke|p1|Armarouge, M|\n|poke|p1|Flutter Mane|\n|poke|p1|Corviknight, F|\n|poke|p1|Iron Treads|\n|poke|p2|Fezandipiti, M|\n|poke|p2|Amoonguss, M|\n|poke|p2|Volcarona, M|\n|poke|p2|Flutter Mane|\n|poke|p2|Torterra, M|\n|poke|p2|Empoleon, M|\n|teampreview\n|\n|t:|1695677299\n|start\n|switch|p1a: All Might|Palafin, F|100\/100\n|switch|p1b: OG GOOB|Clodsire, F|100\/100\n|switch|p2a: LordShen|Fezandipiti, M|100\/100\n|switch|p2b: sus|Amoonguss, M|100\/100\n|turn|1\n|\n|t:|1695677317\n|detailschange|p1a: All Might|Palafin-Hero, F\n|switch|p1a: Metro man|Armarouge, M|100\/100\n|move|p2b: sus|Rage Powder|p2b: sus\n|-singleturn|p2b: sus|move: Rage Powder\n|move|p2a: LordShen|Icy Wind|p1b: OG GOOB|[spread] p1a,p1b\n|-resisted|p1a: Metro man\n|-supereffective|p1b: OG GOOB\n|-damage|p1a: Metro man|95\/100\n|-damage|p1b: OG GOOB|91\/100\n|-unboost|p1a: Metro man|spe|1\n|-unboost|p1b: OG GOOB|spe|1\n|-status|p1a: Metro man|tox|[from] ability: Toxic Chain|[of] p2a: LordShen\n|move|p1b: OG GOOB|Earthquake|p2b: sus|[spread] p1a,p2a,p2b\n|-supereffective|p1a: Metro man\n|-supereffective|p2a: LordShen\n|-damage|p1a: Metro man|61\/100 tox\n|-damage|p2a: LordShen|49\/100\n|-damage|p2b: sus|80\/100\n|-enditem|p1a: Metro man|Weakness Policy\n|-boost|p1a: Metro man|atk|2|[from] item: Weakness Policy\n|-boost|p1a: Metro man|spa|2|[from] item: Weakness Policy\n|\n|-heal|p2b: sus|86\/100|[from] item: Leftovers\n|-heal|p1b: OG GOOB|97\/100|[from] item: Leftovers\n|-damage|p1a: Metro man|55\/100 tox|[from] psn\n|upkeep\n|turn|2\n|\n|t:|1695677349\n|-terastallize|p2a: LordShen|Fairy\n|move|p2a: LordShen|Venoshock|p1a: Metro man\n|-damage|p1a: Metro man|9\/100 tox\n|move|p1a: Metro man|Armor Cannon|p2b: sus\n|-supereffective|p2b: sus\n|-damage|p2b: sus|0 fnt\n|-unboost|p1a: Metro man|def|1\n|-unboost|p1a: Metro man|spd|1\n|faint|p2b: sus\n|move|p1b: OG GOOB|Earthquake|p2a: LordShen|[spread] p1a,p2a\n|-supereffective|p1a: Metro man\n|-damage|p1a: Metro man|0 fnt\n|-damage|p2a: LordShen|21\/100\n|faint|p1a: Metro man\n|\n|-heal|p1b: OG GOOB|100\/100|[from] item: Leftovers\n|upkeep\n|\n|t:|1695677368\n|switch|p1a: Killed God|Iron Treads|100\/100\n|switch|p2b: Solana|Volcarona, M|100\/100\n|turn|3\n|\n|t:|1695677393\n|move|p2a: LordShen|Icy Wind|p1a: Killed God|[spread] p1a,p1b\n|-supereffective|p1b: OG GOOB\n|-damage|p1a: Killed God|91\/100\n|-damage|p1b: OG GOOB|90\/100\n|-unboost|p1a: Killed God|spe|1\n|-unboost|p1b: OG GOOB|spe|1\n|move|p2b: Solana|Psychic|p1a: Killed God\n|-resisted|p1a: Killed God\n|-damage|p1a: Killed God|75\/100\n|move|p1a: Killed God|Knock Off|p2b: Solana\n|-damage|p2b: Solana|61\/100\n|-enditem|p2b: Solana|Leftovers|[from] move: Knock Off|[of] p1a: Killed God\n|move|p1b: OG GOOB|Earthquake|p2a: LordShen|[spread] p1a,p2a,p2b\n|-supereffective|p1a: Killed God\n|-damage|p1a: Killed God|35\/100\n|-damage|p2a: LordShen|0 fnt\n|-damage|p2b: Solana|30\/100\n|faint|p2a: LordShen\n|\n|-heal|p1b: OG GOOB|96\/100|[from] item: Leftovers\n|upkeep\n|\n|t:|1695677413\n|switch|p2a: LordPengu|Empoleon, M|100\/100\n|turn|4\n|\n|t:|1695677428\n|move|p2b: Solana|Giga Drain|p1a: Killed God\n|-damage|p1a: Killed God|5\/100\n|-heal|p2b: Solana|45\/100|[from] drain|[of] p1a: Killed God\n|move|p1a: Killed God|Knock Off|p2a: LordPengu\n|-damage|p2a: LordPengu|74\/100\n|-enditem|p2a: LordPengu|Life Orb|[from] move: Knock Off|[of] p1a: Killed God\n|move|p2a: LordPengu|Ice Beam|p1b: OG GOOB\n|-supereffective|p1b: OG GOOB\n|-damage|p1b: OG GOOB|65\/100\n|move|p1b: OG GOOB|Toxic|p2b: Solana\n|-status|p2b: Solana|tox\n|\n|-heal|p1b: OG GOOB|71\/100|[from] item: Leftovers\n|-damage|p2b: Solana|39\/100 tox|[from] psn\n|upkeep\n|turn|5\n|\n|t:|1695677454\n|move|p2b: Solana|Giga Drain|p1a: Killed God\n|-damage|p1a: Killed God|0 fnt\n|-heal|p2b: Solana|42\/100 tox|[from] drain|[of] p1a: Killed God\n|faint|p1a: Killed God\n|-end|p1a: Killed God|Quark Drive|[silent]\n|move|p2a: LordPengu|Ice Beam|p1b: OG GOOB\n|-supereffective|p1b: OG GOOB\n|-damage|p1b: OG GOOB|40\/100\n|move|p1b: OG GOOB|Toxic|p2a: LordPengu\n|-immune|p2a: LordPengu\n|\n|-heal|p1b: OG GOOB|46\/100|[from] item: Leftovers\n|-damage|p2b: Solana|29\/100 tox|[from] psn\n|upkeep\n|\n|t:|1695677473\n|switch|p1a: All Might|Palafin-Hero, F|100\/100\n|-activate|p1a: All Might|ability: Zero to Hero\n|turn|6\n|\n|t:|1695677487\n|move|p1a: All Might|Close Combat|p2a: LordPengu\n|-supereffective|p2a: LordPengu\n|-damage|p2a: LordPengu|0 fnt\n|-unboost|p1a: All Might|def|1\n|-unboost|p1a: All Might|spd|1\n|faint|p2a: LordPengu\n|move|p2b: Solana|Giga Drain|p1a: All Might\n|-supereffective|p1a: All Might\n|-damage|p1a: All Might|4\/100\n|-heal|p2b: Solana|82\/100 tox|[from] drain|[of] p1a: All Might\n|move|p1b: OG GOOB|Earthquake|p2b: Solana|[spread] p1a,p2b\n|-damage|p1a: All Might|0 fnt\n|-damage|p2b: Solana|52\/100 tox\n|faint|p1a: All Might\n|\n|-heal|p1b: OG GOOB|53\/100|[from] item: Leftovers\n|-damage|p2b: Solana|34\/100 tox|[from] psn\n|upkeep\n|\n|t:|1695677506\n|switch|p1a: Biggest Bird|Corviknight, F|100\/100\n|switch|p2a: Flutter Mane|Flutter Mane|100\/100\n|-ability|p1a: Biggest Bird|Pressure\n|turn|7\n|\n|t:|1695677527\n|move|p2a: Flutter Mane|Energy Ball|p1b: OG GOOB\n|-damage|p1b: OG GOOB|35\/100\n|move|p2b: Solana|Fiery Dance|p1a: Biggest Bird\n|-supereffective|p1a: Biggest Bird\n|-damage|p1a: Biggest Bird|4\/100\n|move|p1a: Biggest Bird|Brave Bird|p2b: Solana\n|-supereffective|p2b: Solana\n|-damage|p2b: Solana|0 fnt\n|-status|p1a: Biggest Bird|brn|[from] ability: Flame Body|[of] p2b: Solana\n|faint|p2b: Solana\n|-damage|p1a: Biggest Bird|0 fnt|[from] Recoil\n|faint|p1a: Biggest Bird\n|move|p1b: OG GOOB|Earthquake|p2a: Flutter Mane\n|-damage|p2a: Flutter Mane|39\/100\n|\n|-heal|p1b: OG GOOB|41\/100|[from] item: Leftovers\n|upkeep\n|\n|t:|1695677546\n|switch|p2b: Turt|Torterra, M|100\/100\n|switch|p1a: King Boo|Flutter Mane|100\/100\n|turn|8\n|\n|t:|1695677562\n|move|p2a: Flutter Mane|Shadow Ball|p1a: King Boo\n|-supereffective|p1a: King Boo\n|-damage|p1a: King Boo|7\/100\n|move|p1a: King Boo|Shadow Ball|p2a: Flutter Mane\n|-supereffective|p2a: Flutter Mane\n|-damage|p2a: Flutter Mane|0 fnt\n|faint|p2a: Flutter Mane\n|-end|p2a: Flutter Mane|Protosynthesis|[silent]\n|move|p2b: Turt|Shell Smash|p2b: Turt\n|-unboost|p2b: Turt|def|1\n|-unboost|p2b: Turt|spd|1\n|-boost|p2b: Turt|atk|2\n|-boost|p2b: Turt|spa|2\n|-boost|p2b: Turt|spe|2\n|-enditem|p2b: Turt|White Herb\n|-clearnegativeboost|p2b: Turt|[silent]\n|move|p1b: OG GOOB|Recover|p1b: OG GOOB\n|-heal|p1b: OG GOOB|91\/100\n|\n|-heal|p1b: OG GOOB|97\/100|[from] item: Leftovers\n|upkeep\n|turn|9\n|\n|t:|1695677592\n|move|p1a: King Boo|Shadow Ball|p2b: Turt\n|-damage|p2b: Turt|38\/100\n|-unboost|p2b: Turt|spd|1\n|move|p2b: Turt|Iron Head|p1a: King Boo\n|-supereffective|p1a: King Boo\n|-damage|p1a: King Boo|0 fnt\n|faint|p1a: King Boo\n|-end|p1a: King Boo|Protosynthesis|[silent]\n|move|p1b: OG GOOB|Toxic|p2b: Turt\n|-status|p2b: Turt|tox\n|\n|-heal|p1b: OG GOOB|100\/100|[from] item: Leftovers\n|-damage|p2b: Turt|32\/100 tox|[from] psn\n|upkeep\n|turn|10\n|\n|t:|1695677613\n|move|p2b: Turt|Headlong Rush|p1b: OG GOOB\n|-supereffective|p1b: OG GOOB\n|-damage|p1b: OG GOOB|0 fnt\n|-unboost|p2b: Turt|def|1\n|-unboost|p2b: Turt|spd|1\n|faint|p1b: OG GOOB\n|\n|win|GenerallGrievous\n|l|\u2606THE G00B\n","uploadtime":1695677629,"views":7,"p1id":"theg00b","p2id":"generallgrievous","formatid":"gen9nationaldexdoubles","rating":0,"private":0,"password":""}