{"id":"gen9nationaldexdoubles-1978235044","p1":"Tuba_Archmage","p2":"Inkubone","format":"[Gen 9] National Dex Doubles","log":"|j|\u2606Tuba_Archmage\n|j|\u2606Inkubone\n|t:|1698515487\n|gametype|doubles\n|player|p1|Tuba_Archmage|shadowtriad|1291\n|player|p2|Inkubone|yellow|1163\n|teamsize|p1|6\n|teamsize|p2|6\n|gen|9\n|tier|[Gen 9] National Dex Doubles\n|rated|\n|rule|HP Percentage Mod: HP is shown in percentages\n|rule|Endless Battle Clause: Forcing endless battles is banned\n|rule|OHKO Clause: OHKO moves are banned\n|rule|Evasion Moves Clause: Evasion moves are banned\n|rule|Evasion Abilities Clause: Evasion abilities are banned\n|rule|Species Clause: Limit one of each Pok\u00e9mon\n|rule|Gravity Sleep Clause: The combination of sleep-inducing moves with imperfect accuracy and Gravity or Gigantamax Orbeetle are banned\n|clearpoke\n|poke|p1|Volcarona, F|\n|poke|p1|Oricorio-Pom-Pom, M|\n|poke|p1|Regidrago|\n|poke|p1|Tornadus, M|\n|poke|p1|Espathra, M|\n|poke|p1|Kartana|\n|poke|p2|Victini|\n|poke|p2|Audino, F|\n|poke|p2|Slowbro, M|\n|poke|p2|Clefairy, F|\n|poke|p2|Ursaluna, F|\n|poke|p2|Enamorus-Therian, F|\n|teampreview\n|inactive|Battle timer is ON: inactive players will automatically lose when time's up. (requested by Tuba_Archmage)\n|\n|t:|1698515496\n|start\n|switch|p1a: Dancer|Oricorio-Pom-Pom, M|100\/100\n|switch|p1b: DJ|Volcarona, F|100\/100\n|switch|p2a: Slowbro|Slowbro, M|100\/100\n|switch|p2b: Enamorus|Enamorus-Therian, F|100\/100\n|turn|1\n|\n|t:|1698515511\n|move|p1b: DJ|Quiver Dance|p1b: DJ\n|-boost|p1b: DJ|spa|1\n|-boost|p1b: DJ|spd|1\n|-boost|p1b: DJ|spe|1\n|-activate|p1a: Dancer|ability: Dancer\n|move|p1a: Dancer|Quiver Dance|p1a: Dancer|[from]ability: Dancer\n|-boost|p1a: Dancer|spa|1\n|-boost|p1a: Dancer|spd|1\n|-boost|p1a: Dancer|spe|1\n|move|p1a: Dancer|Quiver Dance|p1a: Dancer\n|-boost|p1a: Dancer|spa|1\n|-boost|p1a: Dancer|spd|1\n|-boost|p1a: Dancer|spe|1\n|move|p2b: Enamorus|Calm Mind|p2b: Enamorus\n|-boost|p2b: Enamorus|spa|1\n|-boost|p2b: Enamorus|spd|1\n|move|p2a: Slowbro|Trick Room|p2a: Slowbro\n|-fieldstart|move: Trick Room|[of] p2a: Slowbro\n|\n|upkeep\n|turn|2\n|\n|t:|1698515539\n|move|p2b: Enamorus|Mystical Fire|p1b: DJ\n|-damage|p1b: DJ|71\/100\n|-unboost|p1b: DJ|spa|1\n|move|p1b: DJ|Fiery Dance|p2b: Enamorus\n|-damage|p2b: Enamorus|71\/100\n|-activate|p1a: Dancer|ability: Dancer\n|move|p1a: Dancer|Fiery Dance|p2b: Enamorus|[from]ability: Dancer\n|-damage|p2b: Enamorus|38\/100\n|-boost|p1a: Dancer|spa|1\n|move|p1a: Dancer|Revelation Dance|p2a: Slowbro\n|-supereffective|p2a: Slowbro\n|-damage|p2a: Slowbro|0 fnt\n|faint|p2a: Slowbro\n|\n|upkeep\n|inactive|Inkubone has 120 seconds left.\n|\n|t:|1698515559\n|switch|p2a: Ursaluna|Ursaluna, F|100\/100\n|turn|3\n|\n|t:|1698515568\n|move|p2b: Enamorus|Calm Mind|p2b: Enamorus\n|-boost|p2b: Enamorus|spa|1\n|-boost|p2b: Enamorus|spd|1\n|move|p2a: Ursaluna|Rock Slide|p1b: DJ|[spread] p1a\n|-miss|p2a: Ursaluna|p1b: DJ\n|-supereffective|p1a: Dancer\n|-damage|p1a: Dancer|24\/100\n|move|p1b: DJ|Fiery Dance|p2b: Enamorus\n|-damage|p2b: Enamorus|14\/100\n|-activate|p1a: Dancer|ability: Dancer\n|cant|p1a: Dancer|flinch\n|cant|p1a: Dancer|flinch\n|\n|-status|p2a: Ursaluna|brn|[from] item: Flame Orb\n|upkeep\n|turn|4\n|c|\u2606Tuba_Archmage|bruh\n|c|\u2606Tuba_Archmage|double flinch\n|\n|t:|1698515593\n|-terastallize|p1b: DJ|Water\n|move|p2b: Enamorus|Draining Kiss|p1b: DJ\n|-damage|p1b: DJ|30\/100\n|-heal|p2b: Enamorus|49\/100|[from] drain|[of] p1b: DJ\n|move|p2a: Ursaluna|Rock Slide|p1b: DJ|[spread] p1a\n|-miss|p2a: Ursaluna|p1b: DJ\n|-supereffective|p1a: Dancer\n|-damage|p1a: Dancer|0 fnt\n|faint|p1a: Dancer\n|move|p1b: DJ|Fiery Dance|p2b: Enamorus\n|-damage|p2b: Enamorus|28\/100\n|\n|-damage|p2a: Ursaluna|94\/100 brn|[from] brn\n|upkeep\n|inactive|Tuba_Archmage has 120 seconds left.\n|\n|t:|1698515609\n|switch|p1a: Get yo ass ready|Tornadus, M|100\/100\n|turn|5\n|c|\u2606Inkubone|Miss\u30fd(\u00b4\u30fc\uff40)\u30ce\n|\n|t:|1698515634\n|switch|p2b: Audino|Audino, F|100\/100\n|move|p1a: Get yo ass ready|Tailwind|p1a: Get yo ass ready\n|-sidestart|p1: Tuba_Archmage|move: Tailwind\n|move|p2a: Ursaluna|Rock Slide|p1b: DJ|[spread] p1a,p1b\n|-supereffective|p1a: Get yo ass ready\n|-enditem|p1a: Get yo ass ready|Focus Sash\n|-damage|p1a: Get yo ass ready|1\/100\n|-damage|p1b: DJ|0 fnt\n|faint|p1b: DJ\n|\n|-damage|p2a: Ursaluna|88\/100 brn|[from] brn\n|-fieldend|move: Trick Room\n|upkeep\n|\n|t:|1698515646\n|switch|p1b: BONK|Regidrago|100\/100\n|turn|6\n|\n|t:|1698515656\n|switch|p2a: Clefairy|Clefairy, F|100\/100\n|move|p1a: Get yo ass ready|Bleakwind Storm|p2b: Audino|[spread] p2a,p2b\n|-damage|p2a: Clefairy|71\/100\n|-damage|p2b: Audino|67\/100\n|-unboost|p2b: Audino|spe|1\n|move|p1b: BONK|Dragon Energy|p2a: Clefairy|[spread] p2b\n|-immune|p2a: Clefairy\n|-damage|p2b: Audino|0 fnt\n|faint|p2b: Audino\n|\n|upkeep\n|\n|t:|1698515678\n|switch|p2b: Enamorus|Enamorus-Therian, F|28\/100\n|turn|7\n|c|\u2606Tuba_Archmage|my favorite part was when regidrago said \"it's dragonin' time\" and started dragonin' all over the place\n|\n|t:|1698515690\n|switch|p1b: Levi|Kartana|100\/100\n|move|p1a: Get yo ass ready|Bleakwind Storm|p2a: Clefairy|[spread] p2a\n|-miss|p1a: Get yo ass ready|p2b: Enamorus\n|-damage|p2a: Clefairy|44\/100\n|-unboost|p2a: Clefairy|spe|1\n|move|p2b: Enamorus|Springtide Storm|p1b: Levi|[spread] p1a,p1b\n|-resisted|p1b: Levi\n|-damage|p1a: Get yo ass ready|0 fnt\n|-damage|p1b: Levi|32\/100\n|-unboost|p1b: Levi|atk|1\n|faint|p1a: Get yo ass ready\n|move|p2a: Clefairy|Life Dew|p2a: Clefairy|[spread] p2a,p2b\n|-heal|p2a: Clefairy|69\/100\n|-heal|p2b: Enamorus|53\/100\n|\n|upkeep\n|\n|t:|1698515707\n|switch|p1a: Satan|Espathra, M|100\/100\n|turn|8\n|c|\u2606Inkubone|Lmao\n|\n|t:|1698515735\n|move|p2a: Clefairy|Follow Me|p2a: Clefairy\n|-singleturn|p2a: Clefairy|move: Follow Me\n|move|p1b: Levi|Smart Strike|p2a: Clefairy\n|-supereffective|p2a: Clefairy\n|-crit|p2a: Clefairy\n|-damage|p2a: Clefairy|0 fnt\n|faint|p2a: Clefairy\n|-ability|p1b: Levi|Beast Boost|boost\n|-boost|p1b: Levi|atk|1\n|-damage|p1b: Levi|22\/100|[from] item: Life Orb\n|move|p1a: Satan|Skill Swap|p1b: Levi\n|-activate|p1a: Satan|move: Skill Swap|||[of] p1b: Levi\n|move|p2b: Enamorus|Springtide Storm|p1a: Satan|[spread] p1a,p1b\n|-resisted|p1b: Levi\n|-damage|p1a: Satan|45\/100\n|-damage|p1b: Levi|0 fnt\n|faint|p1b: Levi\n|\n|-sideend|p1: Tuba_Archmage|move: Tailwind\n|upkeep\n|\n|t:|1698515758\n|switch|p1b: BONK|Regidrago|100\/100\n|switch|p2a: Victini|Victini|100\/100\n|turn|9\n|\n|t:|1698515777\n|move|p1a: Satan|Lumina Crash|p2b: Enamorus\n|-damage|p2b: Enamorus|26\/100\n|-unboost|p2b: Enamorus|spd|2\n|move|p1b: BONK|Dragon Energy|p2a: Victini|[spread] p2a\n|-immune|p2b: Enamorus\n|-damage|p2a: Victini|16\/100\n|move|p2a: Victini|V-create|p1b: BONK\n|-resisted|p1b: BONK\n|-damage|p1b: BONK|53\/100\n|-unboost|p2a: Victini|spe|1\n|-unboost|p2a: Victini|def|1\n|-unboost|p2a: Victini|spd|1\n|move|p2b: Enamorus|Springtide Storm|p1b: BONK|[spread] p1a,p1b\n|-supereffective|p1b: BONK\n|-damage|p1a: Satan|0 fnt\n|-damage|p1b: BONK|0 fnt\n|faint|p1a: Satan\n|faint|p1b: BONK\n|\n|win|Inkubone\n|raw|Tuba_Archmage's rating: 1291 &rarr; <strong>1257<\/strong><br \/>(-34 for losing)\n|raw|Inkubone's rating: 1163 &rarr; <strong>1197<\/strong><br \/>(+34 for winning)\n|c|\u2606Tuba_Archmage|gg\n|c|\u2606Inkubone|Gg\n|c|\u2606Tuba_Archmage|that is a BULKY victini\n|l|\u2606Tuba_Archmage\n|c|\u2606Inkubone|Yeah love him\n|l|\u2606Inkubone\n|j|\u2606Inkubone\n|player|p2|Inkubone|yellow\n","uploadtime":1698515836,"views":4,"p1id":"tubaarchmage","p2id":"inkubone","formatid":"gen9nationaldexdoubles","rating":1197,"private":0,"password":""}