{"id":"gen9nationaldexdoubles-1948766548","p1":"Azeri8k","p2":"the maraculous","format":"[Gen 9] National Dex Doubles","log":"|j|\u2606Azeri8k\n|j|\u2606the maraculous\n|t:|1695300981\n|gametype|doubles\n|player|p1|Azeri8k|marley|1131\n|player|p2|the maraculous|dragontamer|1368\n|teamsize|p1|6\n|teamsize|p2|6\n|gen|9\n|tier|[Gen 9] National Dex Doubles\n|rated|\n|rule|HP Percentage Mod: HP is shown in percentages\n|rule|Endless Battle Clause: Forcing endless battles is banned\n|rule|OHKO Clause: OHKO moves are banned\n|rule|Evasion Moves Clause: Evasion moves are banned\n|rule|Evasion Abilities Clause: Evasion abilities are banned\n|rule|Species Clause: Limit one of each Pok\u00e9mon\n|rule|Gravity Sleep Clause: The combination of sleep-inducing moves with imperfect accuracy and Gravity or Gigantamax Orbeetle are banned\n|clearpoke\n|poke|p1|Flutter Mane|\n|poke|p1|Maushold|\n|poke|p1|Tornadus, M|\n|poke|p1|Marshadow|\n|poke|p1|Gallade, M|\n|poke|p1|Ogerpon-Hearthflame, F|\n|poke|p2|Xurkitree|\n|poke|p2|Iron Valiant|\n|poke|p2|Chandelure, F|\n|poke|p2|Landorus-Therian, M|\n|poke|p2|Kartana|\n|poke|p2|Farigiraf, F|\n|teampreview\n|inactive|Battle timer is ON: inactive players will automatically lose when time's up. (requested by Azeri8k)\n|c|\u2606Azeri8k|Your team sucks\n|\n|t:|1695300997\n|start\n|switch|p1a: Slash|Gallade, M, shiny|100\/100\n|switch|p1b: Cute|Maushold, shiny|100\/100\n|switch|p2a: Landorus|Landorus-Therian, M|100\/100\n|switch|p2b: Chandelure|Chandelure, F|100\/100\n|-ability|p2a: Landorus|Intimidate|boost\n|-unboost|p1a: Slash|atk|1\n|-unboost|p1b: Cute|atk|1\n|-item|p2b: Chandelure|Air Balloon\n|turn|1\n|\n|t:|1695301027\n|move|p1b: Cute|Beat Up|p1a: Slash\n|-damage|p1a: Slash|98\/100\n|-ability|p1a: Slash|Justified|boost\n|-boost|p1a: Slash|atk|1\n|-damage|p1a: Slash|95\/100\n|-ability|p1a: Slash|Justified|boost\n|-boost|p1a: Slash|atk|1\n|-damage|p1a: Slash|92\/100\n|-ability|p1a: Slash|Justified|boost\n|-boost|p1a: Slash|atk|1\n|-damage|p1a: Slash|90\/100\n|-ability|p1a: Slash|Justified|boost\n|-boost|p1a: Slash|atk|1\n|-damage|p1a: Slash|88\/100\n|-ability|p1a: Slash|Justified|boost\n|-boost|p1a: Slash|atk|1\n|-damage|p1a: Slash|85\/100\n|-ability|p1a: Slash|Justified|boost\n|-boost|p1a: Slash|atk|1\n|-hitcount|p1a: Slash|6\n|move|p1a: Slash|Aqua Cutter|p2a: Landorus\n|-supereffective|p2a: Landorus\n|-crit|p2a: Landorus\n|-damage|p2a: Landorus|0 fnt\n|faint|p2a: Landorus\n|move|p2b: Chandelure|Trick Room|p2b: Chandelure\n|-fieldstart|move: Trick Room|[of] p2b: Chandelure\n|\n|upkeep\n|inactive|the maraculous has 120 seconds left.\n|\n|t:|1695301038\n|switch|p2a: Farigiraf|Farigiraf, F|100\/100\n|turn|2\n|j| Darth Hurvan\n|\n|t:|1695301055\n|move|p1b: Cute|Helping Hand|p1a: Slash\n|-singleturn|p1a: Slash|Helping Hand|[of] p1b: Cute\n|move|p1a: Slash|Shadow Sneak||[still]\n|cant|p2a: Farigiraf|ability: Armor Tail|Shadow Sneak|[of] p1a: Slash\n|move|p2a: Farigiraf|Nasty Plot|p2a: Farigiraf\n|-boost|p2a: Farigiraf|spa|2\n|move|p2b: Chandelure|Shadow Ball|p1a: Slash\n|-supereffective|p1a: Slash\n|-damage|p1a: Slash|5\/100\n|\n|upkeep\n|turn|3\n|\n|t:|1695301071\n|move|p1b: Cute|Follow Me|p1b: Cute\n|-singleturn|p1b: Cute|move: Follow Me\n|move|p2a: Farigiraf|Hyper Voice|p1a: Slash|[spread] p1a,p1b\n|-damage|p1a: Slash|0 fnt\n|-damage|p1b: Cute|23\/100\n|faint|p1a: Slash\n|move|p2b: Chandelure|Flamethrower|p1b: Cute\n|-damage|p1b: Cute|0 fnt\n|faint|p1b: Cute\n|\n|upkeep\n|inactive|Azeri8k has 120 seconds left.\n|\n|t:|1695301094\n|switch|p1a: Iscream|Marshadow|100\/100\n|switch|p1b: Shirtless|Tornadus, M, shiny|100\/100\n|turn|4\n|\n|t:|1695301104\n|move|p1b: Shirtless|Tailwind|p1b: Shirtless\n|-sidestart|p1: Azeri8k|move: Tailwind\n|move|p2a: Farigiraf|Twin Beam|p1a: Iscream\n|-supereffective|p1a: Iscream\n|-damage|p1a: Iscream|6\/100\n|-supereffective|p1a: Iscream\n|-damage|p1a: Iscream|0 fnt\n|faint|p1a: Iscream\n|-hitcount|p1: Iscream|2\n|move|p2b: Chandelure|Shadow Ball|p1b: Shirtless\n|-damage|p1b: Shirtless|33\/100\n|\n|-heal|p1b: Shirtless|39\/100|[from] item: Leftovers\n|upkeep\n|\n|t:|1695301113\n|switch|p1a: Fluttershy|Flutter Mane, shiny|100\/100\n|-enditem|p1a: Fluttershy|Booster Energy\n|-activate|p1a: Fluttershy|ability: Protosynthesis|[fromitem]\n|-start|p1a: Fluttershy|protosynthesisspe\n|turn|5\n|l| Darth Hurvan\n|\n|t:|1695301128\n|move|p2a: Farigiraf|Twin Beam|p1a: Fluttershy\n|-damage|p1a: Fluttershy|56\/100\n|-damage|p1a: Fluttershy|16\/100\n|-hitcount|p1a: Fluttershy|2\n|move|p2b: Chandelure|Shadow Ball|p1a: Fluttershy\n|-supereffective|p1a: Fluttershy\n|-damage|p1a: Fluttershy|0 fnt\n|faint|p1a: Fluttershy\n|-end|p1a: Fluttershy|Protosynthesis|[silent]\n|move|p1b: Shirtless|Foul Play|p2b: Chandelure\n|-supereffective|p2b: Chandelure\n|-crit|p2b: Chandelure\n|-damage|p2b: Chandelure|68\/100\n|-enditem|p2b: Chandelure|Air Balloon\n|\n|-heal|p1b: Shirtless|45\/100|[from] item: Leftovers\n|-fieldend|move: Trick Room\n|upkeep\n|\n|t:|1695301135\n|switch|p1a: Ponki|Ogerpon-Hearthflame, F, shiny|100\/100\n|-ability|p1a: Ponki|Mold Breaker\n|turn|6\n|\n|t:|1695301145\n|-terastallize|p1a: Ponki|Fire\n|detailschange|p1a: Ponki|Ogerpon-Hearthflame-Tera, F, shiny, tera:Fire\n|-ability|p1a: Ponki|Embody Aspect (Hearthflame)|boost\n|-boost|p1a: Ponki|atk|1\n|move|p1b: Shirtless|Bleakwind Storm|p2b: Chandelure|[spread] p2a,p2b\n|-damage|p2a: Farigiraf|61\/100\n|-damage|p2b: Chandelure|27\/100\n|-unboost|p2a: Farigiraf|spe|1\n|-unboost|p2b: Chandelure|spe|1\n|move|p1a: Ponki|Ivy Cudgel|p2a: Farigiraf\n|-damage|p2a: Farigiraf|0 fnt\n|faint|p2a: Farigiraf\n|move|p2b: Chandelure|Trick Room|p2b: Chandelure\n|-fieldstart|move: Trick Room|[of] p2b: Chandelure\n|\n|-heal|p1b: Shirtless|51\/100|[from] item: Leftovers\n|upkeep\n|\n|t:|1695301162\n|switch|p2a: Xurkitree|Xurkitree|100\/100\n|turn|7\n|\n|t:|1695301173\n|move|p2b: Chandelure|Shadow Ball|p1a: Ponki\n|-damage|p1a: Ponki|43\/100\n|-zpower|p2a: Xurkitree\n|move|p2a: Xurkitree|Gigavolt Havoc|p1a: Ponki|[zeffect]\n|-damage|p1a: Ponki|0 fnt\n|faint|p1a: Ponki\n|-ability|p2a: Xurkitree|Beast Boost|boost\n|-boost|p2a: Xurkitree|spa|1\n|move|p1b: Shirtless|Bleakwind Storm|p2a: Xurkitree|[spread] p2b\n|-miss|p1b: Shirtless|p2a: Xurkitree\n|-damage|p2b: Chandelure|0 fnt\n|faint|p2b: Chandelure\n|\n|-heal|p1b: Shirtless|57\/100|[from] item: Leftovers\n|-sideend|p1: Azeri8k|move: Tailwind\n|upkeep\n|\n|t:|1695301181\n|switch|p2b: Iron Valiant|Iron Valiant|100\/100\n|turn|8\n|\n|t:|1695301187\n|move|p2b: Iron Valiant|Wide Guard|p2b: Iron Valiant\n|-singleturn|p2b: Iron Valiant|Wide Guard\n|move|p2a: Xurkitree|Rising Voltage|p1b: Shirtless\n|-supereffective|p1b: Shirtless\n|-damage|p1b: Shirtless|0 fnt\n|faint|p1b: Shirtless\n|\n|win|the maraculous\n|raw|Azeri8k's rating: 1131 &rarr; <strong>1121<\/strong><br \/>(-10 for losing)\n|raw|the maraculous's rating: 1368 &rarr; <strong>1376<\/strong><br \/>(+8 for winning)\n|c|\u2606Azeri8k|F u\n|l|\u2606Azeri8k\n","uploadtime":1695301197,"views":11,"p1id":"azeri8k","p2id":"themaraculous","formatid":"gen9nationaldexdoubles","rating":1121,"private":0,"password":""}