{"id":"gen9nationaldexdoubles-1957749534","p1":"kitsu-aria","p2":"the mudkip warrior","format":"[Gen 9] National Dex Doubles","log":"|j|\u2606kitsu-aria\n|j|\u2606the mudkip warrior\n|t:|1696258174\n|gametype|doubles\n|player|p1|kitsu-aria|rocketgruntf|1495\n|player|p2|the mudkip warrior|acetrainer-gen4dp|1492\n|teamsize|p1|6\n|teamsize|p2|6\n|gen|9\n|tier|[Gen 9] National Dex Doubles\n|rated|\n|rule|HP Percentage Mod: HP is shown in percentages\n|rule|Endless Battle Clause: Forcing endless battles is banned\n|rule|OHKO Clause: OHKO moves are banned\n|rule|Evasion Moves Clause: Evasion moves are banned\n|rule|Evasion Abilities Clause: Evasion abilities are banned\n|rule|Species Clause: Limit one of each Pok\u00e9mon\n|rule|Gravity Sleep Clause: The combination of sleep-inducing moves with imperfect accuracy and Gravity or Gigantamax Orbeetle are banned\n|clearpoke\n|poke|p1|Marshadow|\n|poke|p1|Rillaboom, F|\n|poke|p1|Zygarde|\n|poke|p1|Kangaskhan, F|\n|poke|p1|Chien-Pao|\n|poke|p1|Mimikyu, M|\n|poke|p2|Chien-Pao|\n|poke|p2|Dragonite, F|\n|poke|p2|Tornadus, M|\n|poke|p2|Charizard, M|\n|poke|p2|Walking Wake|\n|poke|p2|Torracat, F|\n|teampreview\n|c|\u2606the mudkip warrior|welcome back\n|c|\u2606the mudkip warrior|gl\n|c|\u2606kitsu-aria|Hi again!\n|c|\u2606kitsu-aria|This will be my last today\n|\n|t:|1696258206\n|start\n|switch|p1a: Zygarde|Zygarde|100\/100\n|switch|p1b: Mimikyu|Mimikyu, M|100\/100\n|switch|p2a: Al'akir|Tornadus, M|100\/100\n|switch|p2b: Yusuke|Chien-Pao|100\/100\n|-ability|p2b: Yusuke|Sword of Ruin\n|-ability|p1a: Zygarde|Aura Break\n|turn|1\n|\n|t:|1696258217\n|move|p1a: Zygarde|Protect|p1a: Zygarde\n|-singleturn|p1a: Zygarde|Protect\n|move|p2a: Al'akir|Tailwind|p2a: Al'akir\n|-sidestart|p2: the mudkip warrior|move: Tailwind\n|move|p2b: Yusuke|Ice Spinner|p1a: Zygarde\n|-activate|p1a: Zygarde|move: Protect\n|move|p1b: Mimikyu|Will-O-Wisp|p2b: Yusuke\n|-status|p2b: Yusuke|brn\n|\n|-damage|p2b: Yusuke|95\/100 brn|[from] brn\n|upkeep\n|turn|2\n|\n|t:|1696258230\n|switch|p2b: Jess|Torracat, F, shiny|100\/100\n|-ability|p2b: Jess|Intimidate|boost\n|-fail|p1a: Zygarde|unboost|[from] item: Clear Amulet|[of] p1a: Zygarde\n|-unboost|p1b: Mimikyu|atk|1\n|switch|p1a: Chien-Pao|Chien-Pao|100\/100\n|-ability|p1a: Chien-Pao|Sword of Ruin\n|move|p2a: Al'akir|Taunt|p1b: Mimikyu\n|-start|p1b: Mimikyu|move: Taunt\n|cant|p1b: Mimikyu|move: Taunt|Thunder Wave\n|\n|upkeep\n|turn|3\n|\n|t:|1696258245\n|switch|p1b: Kangaskhan|Kangaskhan, F|100\/100\n|move|p1a: Chien-Pao|Protect|p1a: Chien-Pao\n|-singleturn|p1a: Chien-Pao|Protect\n|move|p2b: Jess|Fake Out|p1a: Chien-Pao\n|-activate|p1a: Chien-Pao|move: Protect\n|move|p2a: Al'akir|Bleakwind Storm|p1b: Kangaskhan|[spread] p1b\n|-activate|p1a: Chien-Pao|move: Protect\n|-damage|p1b: Kangaskhan|64\/100\n|\n|upkeep\n|turn|4\n|\n|t:|1696258259\n|switch|p1a: Zygarde|Zygarde|100\/100\n|-ability|p1a: Zygarde|Aura Break\n|detailschange|p1b: Kangaskhan|Kangaskhan-Mega, F\n|-mega|p1b: Kangaskhan|Kangaskhan|Kangaskhanite\n|move|p2a: Al'akir|Bleakwind Storm|p1b: Kangaskhan|[spread] p1a\n|-miss|p2a: Al'akir|p1b: Kangaskhan\n|-damage|p1a: Zygarde|69\/100\n|move|p2b: Jess|Will-O-Wisp|p1a: Zygarde\n|-status|p1a: Zygarde|brn\n|move|p1b: Kangaskhan|Seismic Toss|p2b: Jess\n|-damage|p2b: Jess|64\/100\n|-damage|p2b: Jess|27\/100\n|-hitcount|p2b: Jess|2\n|\n|-damage|p1a: Zygarde|63\/100 brn|[from] brn\n|-sideend|p2: the mudkip warrior|move: Tailwind\n|upkeep\n|turn|5\n|\n|t:|1696258278\n|move|p2a: Al'akir|Tailwind|p2a: Al'akir\n|-sidestart|p2: the mudkip warrior|move: Tailwind\n|move|p2b: Jess|Parting Shot|p1b: Kangaskhan\n|-unboost|p1b: Kangaskhan|atk|1\n|-unboost|p1b: Kangaskhan|spa|1\n|c|\u2606the mudkip warrior|(threateningly meowing)\n|\n|t:|1696258292\n|switch|p2b: Dolce|Dragonite, F|100\/100|[from] Parting Shot\n|move|p1b: Kangaskhan|Seismic Toss|p2b: Dolce\n|-damage|p2b: Dolce|70\/100\n|-damage|p2b: Dolce|39\/100\n|-hitcount|p2b: Dolce|2\n|move|p1a: Zygarde|Dragon Dance|p1a: Zygarde\n|-boost|p1a: Zygarde|atk|1\n|-boost|p1a: Zygarde|spe|1\n|\n|-damage|p1a: Zygarde|57\/100 brn|[from] brn\n|upkeep\n|turn|6\n|c|\u2606the mudkip warrior|no clue why torrocat gets that move but im not complaining\n|\n|t:|1696258318\n|move|p1a: Zygarde|Protect|p1a: Zygarde\n|-singleturn|p1a: Zygarde|Protect\n|move|p2a: Al'akir|Bleakwind Storm|p1a: Zygarde|[spread] p1b\n|-activate|p1a: Zygarde|move: Protect\n|-damage|p1b: Kangaskhan|37\/100\n|-unboost|p1b: Kangaskhan|spe|1\n|move|p2b: Dolce|Rock Slide|p1b: Kangaskhan|[spread] p1b\n|-activate|p1a: Zygarde|move: Protect\n|-damage|p1b: Kangaskhan|20\/100\n|move|p1b: Kangaskhan|Seismic Toss|p2b: Dolce\n|-damage|p2b: Dolce|8\/100\n|-damage|p2b: Dolce|0 fnt\n|faint|p2b: Dolce\n|-hitcount|p2: Dolce|2\n|\n|-damage|p1a: Zygarde|51\/100 brn|[from] brn\n|upkeep\n|c|\u2606kitsu-aria|Its cuz incineroar is a wrestler\n|c|\u2606the mudkip warrior|but the cat isnt\n|c|\u2606kitsu-aria|So its like, wrestling taunts\n|c|\u2606kitsu-aria|The cat learns from its dad\n|c|\u2606kitsu-aria|Or mom\n|c|\u2606the mudkip warrior|its just regular cat meowing\n|\n|t:|1696258368\n|switch|p2b: Jess|Torracat, F, shiny|27\/100\n|-ability|p2b: Jess|Intimidate|boost\n|-fail|p1a: Zygarde|unboost|[from] item: Clear Amulet|[of] p1a: Zygarde\n|-unboost|p1b: Kangaskhan|atk|1\n|turn|7\n|c|\u2606kitsu-aria|The first pokemon who got it was a panda lol\n|\n|t:|1696258384\n|move|p2b: Jess|Fake Out|p1b: Kangaskhan\n|-damage|p1b: Kangaskhan|10\/100\n|move|p1a: Zygarde|Extreme Speed|p2b: Jess\n|-damage|p2b: Jess|0 fnt\n|faint|p2b: Jess\n|move|p2a: Al'akir|Taunt|p1a: Zygarde\n|-start|p1a: Zygarde|move: Taunt\n|cant|p1b: Kangaskhan|flinch\n|\n|-damage|p1a: Zygarde|44\/100 brn|[from] brn\n|upkeep\n|n|!the mudkip warrior|themudkipwarrior\n|\n|t:|1696258406\n|switch|p2b: Yusuke|Chien-Pao|95\/100 brn\n|-ability|p2b: Yusuke|Sword of Ruin\n|turn|8\n|\n|t:|1696258414\n|move|p2b: Yusuke|Ice Spinner|p1a: Zygarde\n|-supereffective|p1a: Zygarde\n|-damage|p1a: Zygarde|0 fnt\n|faint|p1a: Zygarde\n|move|p2a: Al'akir|Bleakwind Storm|p1b: Kangaskhan|[miss]\n|-miss|p2a: Al'akir|p1b: Kangaskhan\n|move|p1b: Kangaskhan|Seismic Toss|p2b: Yusuke\n|-damage|p2b: Yusuke|61\/100 brn\n|-damage|p2b: Yusuke|28\/100 brn\n|-hitcount|p2b: Yusuke|2\n|\n|-damage|p2b: Yusuke|22\/100 brn|[from] brn\n|-sideend|p2: the mudkip warrior|move: Tailwind\n|upkeep\n|c|\u2606kitsu-aria|Huh\n|c|\u2606kitsu-aria|I was sure I clicked extreme speed\n|\n|t:|1696258440\n|switch|p1a: Mimikyu|Mimikyu, M|100\/100\n|turn|9\n|\n|t:|1696258449\n|switch|p1a: Chien-Pao|Chien-Pao|100\/100\n|-ability|p1a: Chien-Pao|Sword of Ruin\n|move|p1b: Kangaskhan|Sucker Punch|p2b: Yusuke\n|-resisted|p2b: Yusuke\n|-damage|p2b: Yusuke|16\/100 brn\n|-resisted|p2b: Yusuke\n|-damage|p2b: Yusuke|14\/100 brn\n|-hitcount|p2b: Yusuke|2\n|move|p2b: Yusuke|Ice Spinner|p1a: Chien-Pao\n|-resisted|p1a: Chien-Pao\n|-damage|p1a: Chien-Pao|87\/100\n|move|p2a: Al'akir|Bleakwind Storm|p1a: Chien-Pao|[spread] p1a,p1b\n|-crit|p1a: Chien-Pao\n|-damage|p1a: Chien-Pao|2\/100\n|-damage|p1b: Kangaskhan|0 fnt\n|-unboost|p1a: Chien-Pao|spe|1\n|faint|p1b: Kangaskhan\n|\n|-damage|p2b: Yusuke|8\/100 brn|[from] brn\n|upkeep\n|\n|t:|1696258465\n|switch|p1b: Marshadow|Marshadow|100\/100\n|turn|10\n|\n|t:|1696258478\n|move|p2b: Yusuke|Sucker Punch|p1a: Chien-Pao\n|-resisted|p1a: Chien-Pao\n|-damage|p1a: Chien-Pao|0 fnt\n|faint|p1a: Chien-Pao\n|move|p1b: Marshadow|Shadow Sneak|p2b: Yusuke\n|-resisted|p2b: Yusuke\n|-damage|p2b: Yusuke|0 fnt\n|faint|p2b: Yusuke\n|move|p2a: Al'akir|Tailwind|p2a: Al'akir\n|-sidestart|p2: the mudkip warrior|move: Tailwind\n|\n|upkeep\n|\n|t:|1696258491\n|switch|p1a: Rillaboom|Rillaboom, F|100\/100\n|switch|p2b: Galakrond|Charizard, M, shiny|100\/100\n|-fieldstart|move: Grassy Terrain|[from] ability: Grassy Surge|[of] p1a: Rillaboom\n|turn|11\n|\n|t:|1696258498\n|switch|p1b: Mimikyu|Mimikyu, M|100\/100\n|move|p2b: Galakrond|Protect|p2b: Galakrond\n|-singleturn|p2b: Galakrond|Protect\n|move|p1a: Rillaboom|Fake Out|p2a: Al'akir\n|-damage|p2a: Al'akir|81\/100\n|move|p2a: Al'akir|Bleakwind Storm|p1a: Rillaboom|[spread] p1a\n|-miss|p2a: Al'akir|p1b: Mimikyu\n|-supereffective|p1a: Rillaboom\n|-damage|p1a: Rillaboom|53\/100\n|-unboost|p1a: Rillaboom|spe|1\n|\n|-heal|p1a: Rillaboom|59\/100|[from] Grassy Terrain\n|upkeep\n|turn|12\n|\n|t:|1696258517\n|detailschange|p2b: Galakrond|Charizard-Mega-Y, M, shiny\n|-mega|p2b: Galakrond|Charizard|Charizardite Y\n|-weather|SunnyDay|[from] ability: Drought|[of] p2b: Galakrond\n|move|p2a: Al'akir|Bleakwind Storm|p1a: Rillaboom|[spread] p1b\n|-miss|p2a: Al'akir|p1a: Rillaboom\n|-activate|p1b: Mimikyu|ability: Disguise\n|-damage|p1b: Mimikyu|100\/100\n|-unboost|p1b: Mimikyu|spe|1\n|detailschange|p1b: Mimikyu|Mimikyu-Busted, M\n|-damage|p1b: Mimikyu|88\/100|[from] pokemon: Mimikyu-Busted\n|move|p2b: Galakrond|Heat Wave|p1b: Mimikyu|[spread] p1a,p1b\n|-supereffective|p1a: Rillaboom\n|-damage|p1a: Rillaboom|0 fnt\n|-damage|p1b: Mimikyu|41\/100\n|faint|p1a: Rillaboom\n|move|p1b: Mimikyu|Thunder Wave|p2b: Galakrond\n|-status|p2b: Galakrond|par\n|\n|-weather|SunnyDay|[upkeep]\n|-heal|p1b: Mimikyu|47\/100|[from] Grassy Terrain\n|upkeep\n|\n|t:|1696258519\n|switch|p1a: Marshadow|Marshadow|100\/100\n|turn|13\n|c|\u2606kitsu-aria|Gg\n|\n|t:|1696258535\n|move|p2a: Al'akir|Bleakwind Storm|p1a: Marshadow|[spread] p1a,p1b\n|-supereffective|p1a: Marshadow\n|-damage|p1a: Marshadow|20\/100\n|-damage|p1b: Mimikyu|19\/100\n|-unboost|p1a: Marshadow|spe|1\n|move|p2b: Galakrond|Heat Wave|p1b: Mimikyu|[spread] p1a,p1b\n|-crit|p1a: Marshadow\n|-damage|p1a: Marshadow|0 fnt\n|-damage|p1b: Mimikyu|0 fnt\n|faint|p1a: Marshadow\n|faint|p1b: Mimikyu\n|\n|win|the mudkip warrior\n|raw|kitsu-aria's rating: 1495 &rarr; <strong>1475<\/strong><br \/>(-20 for losing)\n|raw|the mudkip warrior's rating: 1492 &rarr; <strong>1512<\/strong><br \/>(+20 for winning)\n","uploadtime":1696258386,"views":6,"p1id":"kitsuaria","p2id":"themudkipwarrior","formatid":"gen9nationaldexdoubles","rating":1475,"private":0,"password":""}