{"id":"gen9nationaldexdoubles-1965985165","p1":"jayc_fgc","p2":"MegaMania001","format":"[Gen 9] National Dex Doubles","log":"|j|\u2606jayc_fgc\n|j|\u2606MegaMania001\n|t:|1697135191\n|gametype|doubles\n|player|p1|jayc_fgc|2|\n|player|p2|MegaMania001|winona|\n|teamsize|p1|6\n|teamsize|p2|6\n|gen|9\n|tier|[Gen 9] National Dex Doubles\n|rule|HP Percentage Mod: HP is shown in percentages\n|rule|Endless Battle Clause: Forcing endless battles is banned\n|rule|OHKO Clause: OHKO moves are banned\n|rule|Evasion Moves Clause: Evasion moves are banned\n|rule|Evasion Abilities Clause: Evasion abilities are banned\n|rule|Species Clause: Limit one of each Pok\u00e9mon\n|rule|Gravity Sleep Clause: The combination of sleep-inducing moves with imperfect accuracy and Gravity or Gigantamax Orbeetle are banned\n|clearpoke\n|poke|p1|Ninetales-Alola, M|\n|poke|p1|Mamoswine, M|\n|poke|p1|Flareon, M|\n|poke|p1|Swampert, M|\n|poke|p1|Froslass, F|\n|poke|p1|Baxcalibur, F|\n|poke|p2|Iron Valiant|\n|poke|p2|Meowscarada, F|\n|poke|p2|Incineroar, M|\n|poke|p2|Aegislash, M|\n|poke|p2|Decidueye-Hisui, F|\n|poke|p2|Articuno-Galar|\n|teampreview\n|inactive|Battle timer is ON: inactive players will automatically lose when time's up. (requested by MegaMania001)\n|\n|t:|1697135216\n|start\n|switch|p1a: Flareon|Flareon, M|100\/100\n|switch|p1b: Froslass|Froslass, F|100\/100\n|switch|p2a: Incineroar|Incineroar, M, shiny|100\/100\n|switch|p2b: Decidueye|Decidueye-Hisui, F|100\/100\n|-ability|p2a: Incineroar|Intimidate|boost\n|-unboost|p1a: Flareon|atk|1\n|-unboost|p1b: Froslass|atk|1\n|turn|1\n|\n|t:|1697135235\n|move|p2b: Decidueye|Sucker Punch|p1a: Flareon\n|-damage|p1a: Flareon|54\/100\n|-damage|p2b: Decidueye|91\/100|[from] item: Life Orb\n|move|p1b: Froslass|Draining Kiss|p2a: Incineroar\n|-damage|p2a: Incineroar|93\/100\n|move|p1a: Flareon|Fire Blast|p2b: Decidueye\n|-supereffective|p2b: Decidueye\n|-damage|p2b: Decidueye|0 fnt\n|faint|p2b: Decidueye\n|move|p2a: Incineroar|Flare Blitz|p1b: Froslass\n|-supereffective|p1b: Froslass\n|-enditem|p1b: Froslass|Focus Sash\n|-damage|p1b: Froslass|1\/100\n|-start|p2a: Incineroar|Disable|Flare Blitz|[from] ability: Cursed Body|[of] p1b: Froslass\n|-damage|p2a: Incineroar|70\/100|[from] Recoil\n|\n|upkeep\n|inactive|MegaMania001 has 270 seconds left.\n|\n|t:|1697135258\n|switch|p2b: Articuno|Articuno-Galar|100\/100\n|turn|2\n|\n|t:|1697135269\n|move|p1b: Froslass|Thunder|p2a: Incineroar|[miss]\n|-miss|p1b: Froslass|p2a: Incineroar\n|move|p2b: Articuno|Freezing Glare|p1a: Flareon\n|-damage|p1a: Flareon|0 fnt\n|faint|p1a: Flareon\n|move|p2a: Incineroar|Darkest Lariat|p1b: Froslass\n|-supereffective|p1b: Froslass\n|-damage|p1b: Froslass|0 fnt\n|faint|p1b: Froslass\n|\n|upkeep\n|\n|t:|1697135280\n|switch|p1b: Mamoswine|Mamoswine, M|100\/100\n|switch|p1a: Swampert|Swampert, M|100\/100\n|turn|3\n|\n|t:|1697135301\n|switch|p2a: Iron Valiant|Iron Valiant|100\/100\n|-enditem|p2a: Iron Valiant|Booster Energy\n|-activate|p2a: Iron Valiant|ability: Quark Drive|[fromitem]\n|-start|p2a: Iron Valiant|quarkdrivespe\n|move|p2b: Articuno|Freezing Glare|p1a: Swampert\n|-damage|p1a: Swampert|42\/100\n|move|p1b: Mamoswine|Stealth Rock|p2b: Articuno\n|-sidestart|p2: MegaMania001|move: Stealth Rock\n|move|p1a: Swampert|Hydro Pump|p2a: Iron Valiant\n|-damage|p2a: Iron Valiant|3\/100\n|\n|upkeep\n|turn|4\n|\n|t:|1697135328\n|move|p2a: Iron Valiant|Brick Break|p1b: Mamoswine\n|-supereffective|p1b: Mamoswine\n|-damage|p1b: Mamoswine|22\/100\n|move|p2b: Articuno|Freezing Glare|p1b: Mamoswine\n|-damage|p1b: Mamoswine|0 fnt\n|faint|p1b: Mamoswine\n|move|p1a: Swampert|Sludge Wave|p2a: Iron Valiant|[spread] p2a,p2b\n|-supereffective|p2a: Iron Valiant\n|-damage|p2a: Iron Valiant|0 fnt\n|-damage|p2b: Articuno|80\/100\n|faint|p2a: Iron Valiant\n|-end|p2a: Iron Valiant|Quark Drive|[silent]\n|\n|upkeep\n|\n|t:|1697135339\n|switch|p2a: Meowscarada|Meowscarada, F|100\/100\n|switch|p1b: Baxcalibur|Baxcalibur, F|100\/100\n|-damage|p2a: Meowscarada|88\/100|[from] Stealth Rock\n|turn|5\n|\n|t:|1697135356\n|move|p2a: Meowscarada|Power Gem|p1b: Baxcalibur\n|-start|p2a: Meowscarada|typechange|Rock|[from] ability: Protean\n|-supereffective|p1b: Baxcalibur\n|-damage|p1b: Baxcalibur|44\/100\n|move|p2b: Articuno|Freezing Glare|p1a: Swampert\n|-damage|p1a: Swampert|0 fnt\n|faint|p1a: Swampert\n|move|p1b: Baxcalibur|Draco Meteor|p2a: Meowscarada\n|-damage|p2a: Meowscarada|31\/100\n|-unboost|p1b: Baxcalibur|spa|2\n|\n|-heal|p1b: Baxcalibur|50\/100|[from] item: Leftovers\n|upkeep\n|\n|t:|1697135361\n|switch|p1a: Ninetales|Ninetales-Alola, M|100\/100\n|-weather|Snow|[from] ability: Snow Warning|[of] p1a: Ninetales\n|turn|6\n|\n|t:|1697135376\n|move|p2a: Meowscarada|Power Gem|p1a: Ninetales\n|-supereffective|p1a: Ninetales\n|-damage|p1a: Ninetales|45\/100\n|move|p1a: Ninetales|Aqua Tail|p2a: Meowscarada\n|-supereffective|p2a: Meowscarada\n|-damage|p2a: Meowscarada|0 fnt\n|faint|p2a: Meowscarada\n|move|p2b: Articuno|Freezing Glare|p1b: Baxcalibur\n|-damage|p1b: Baxcalibur|0 fnt\n|faint|p1b: Baxcalibur\n|\n|-weather|Snow|[upkeep]\n|upkeep\n|\n|t:|1697135387\n|switch|p2a: Aegislash|Aegislash, M|100\/100\n|-damage|p2a: Aegislash|94\/100|[from] Stealth Rock\n|turn|7\n|\n|t:|1697135395\n|move|p1a: Ninetales|Aurora Veil|p1a: Ninetales\n|-sidestart|p1: jayc_fgc|move: Aurora Veil\n|move|p2b: Articuno|Freezing Glare|p1a: Ninetales\n|-damage|p1a: Ninetales|0 fnt\n|faint|p1a: Ninetales\n|\n|win|MegaMania001\n|l|\u2606jayc_fgc\n","uploadtime":1697135404,"views":11,"p1id":"jaycfgc","p2id":"megamania001","formatid":"gen9nationaldexdoubles","rating":0,"private":0,"password":""}