{"id":"gen9nationaldexdoubles-1976132112","p1":"GoraLora","p2":"kiwiicakess","format":"[Gen 9] National Dex Doubles","log":"|j|\u2606GoraLora\n|j|\u2606kiwiicakess\n|t:|1698266453\n|gametype|doubles\n|player|p1|GoraLora|lucas-gen4pt|1149\n|player|p2|kiwiicakess|lady|1091\n|teamsize|p1|6\n|teamsize|p2|6\n|gen|9\n|tier|[Gen 9] National Dex Doubles\n|rated|\n|rule|HP Percentage Mod: HP is shown in percentages\n|rule|Endless Battle Clause: Forcing endless battles is banned\n|rule|OHKO Clause: OHKO moves are banned\n|rule|Evasion Moves Clause: Evasion moves are banned\n|rule|Evasion Abilities Clause: Evasion abilities are banned\n|rule|Species Clause: Limit one of each Pok\u00e9mon\n|rule|Gravity Sleep Clause: The combination of sleep-inducing moves with imperfect accuracy and Gravity or Gigantamax Orbeetle are banned\n|clearpoke\n|poke|p1|Lycanroc-Midnight, M|\n|poke|p1|Shiftry, M|\n|poke|p1|Ursaluna-Bloodmoon, M|\n|poke|p1|Chien-Pao|\n|poke|p1|Mimikyu, M|\n|poke|p1|Delphox, F|\n|poke|p2|Greninja-*, F|\n|poke|p2|Typhlosion-Hisui, F|\n|poke|p2|Rillaboom, F|\n|poke|p2|Jirachi|\n|poke|p2|Okidogi, M|\n|poke|p2|Chien-Pao|\n|teampreview\n|\n|t:|1698266467\n|start\n|switch|p1a: Shiftry|Shiftry, M|100\/100\n|switch|p1b: Ursaluna|Ursaluna-Bloodmoon, M|100\/100\n|switch|p2a: butter ball|Greninja, F|100\/100\n|switch|p2b: bloons|Rillaboom, F, shiny|100\/100\n|-fieldstart|move: Grassy Terrain|[from] ability: Grassy Surge|[of] p2b: bloons\n|turn|1\n|\n|t:|1698266479\n|move|p1b: Ursaluna|Protect|p1b: Ursaluna\n|-singleturn|p1b: Ursaluna|Protect\n|move|p2a: butter ball|Water Pledge|p1b: Ursaluna\n|-waiting|p2a: butter ball|p2b: bloons\n|move|p2b: bloons|Grass Pledge|p1a: Shiftry|[from]move: Water Pledge\n|-combine\n|-resisted|p1a: Shiftry\n|-damage|p1a: Shiftry|63\/100\n|-sidestart|p1: GoraLora|Grass Pledge\n|move|p1a: Shiftry|Tailwind|p1a: Shiftry\n|-sidestart|p1: GoraLora|move: Tailwind\n|-ability|p1a: Shiftry|Wind Rider|boost\n|-boost|p1a: Shiftry|atk|1\n|\n|-heal|p1a: Shiftry|69\/100|[from] Grassy Terrain\n|upkeep\n|turn|2\n|\n|t:|1698266508\n|switch|p1b: Chien-Pao|Chien-Pao|100\/100\n|-ability|p1b: Chien-Pao|Sword of Ruin\n|move|p2b: bloons|Protect|p2b: bloons\n|-singleturn|p2b: bloons|Protect\n|move|p2a: butter ball|U-turn|p1a: Shiftry\n|-supereffective|p1a: Shiftry\n|-damage|p1a: Shiftry|0 fnt\n|faint|p1a: Shiftry\n|\n|t:|1698266518\n|switch|p2a: toaster|Typhlosion-Hisui, F|100\/100|[from] U-turn\n|\n|upkeep\n|\n|t:|1698266529\n|switch|p1a: Delphox|Delphox, F|100\/100\n|turn|3\n|\n|t:|1698266558\n|-terastallize|p2a: toaster|Fire\n|move|p2a: toaster|Fire Blast|p1b: Chien-Pao\n|-supereffective|p1b: Chien-Pao\n|-crit|p1b: Chien-Pao\n|-enditem|p1b: Chien-Pao|Focus Sash\n|-damage|p1b: Chien-Pao|1\/100\n|move|p2b: bloons|U-turn|p1a: Delphox\n|-damage|p1a: Delphox|48\/100\n|\n|t:|1698266569\n|switch|p2b: butter ball|Greninja, F|100\/100|[from] U-turn\n|move|p1b: Chien-Pao|Crunch|p2a: toaster\n|-damage|p2a: toaster|18\/100\n|move|p1a: Delphox|Overheat|p2b: butter ball\n|-resisted|p2b: butter ball\n|-damage|p2b: butter ball|54\/100\n|-unboost|p1a: Delphox|spa|2\n|-enditem|p1a: Delphox|Eject Pack\n|\n|t:|1698266579\n|switch|p1a: Mimikyu|Mimikyu, M|100\/100\n|\n|-heal|p2b: butter ball|60\/100|[from] Grassy Terrain\n|-heal|p2a: toaster|23\/100|[from] Grassy Terrain\n|-heal|p1b: Chien-Pao|7\/100|[from] Grassy Terrain\n|upkeep\n|turn|4\n|\n|t:|1698266621\n|move|p1b: Chien-Pao|Protect|p1b: Chien-Pao\n|-singleturn|p1b: Chien-Pao|Protect\n|move|p2b: butter ball|Mat Block|p2b: butter ball\n|-singleturn|p2b: butter ball|Mat Block\n|move|p2a: toaster|Fire Blast|p1b: Chien-Pao\n|-activate|p1b: Chien-Pao|move: Protect\n|-zpower|p1a: Mimikyu\n|move|p1a: Mimikyu|Let's Snuggle Forever|p2b: butter ball|[zeffect]\n|-supereffective|p2b: butter ball\n|-zbroken|p2b: butter ball\n|-damage|p2b: butter ball|0 fnt\n|faint|p2b: butter ball\n|\n|-heal|p2a: toaster|29\/100|[from] Grassy Terrain\n|-heal|p1b: Chien-Pao|13\/100|[from] Grassy Terrain\n|-sideend|p1: GoraLora|move: Tailwind\n|-sideend|p1: GoraLora|Grass Pledge\n|upkeep\n|\n|t:|1698266646\n|switch|p2b: is legendary|Jirachi|100\/100\n|turn|5\n|\n|t:|1698266657\n|move|p1b: Chien-Pao|Crunch|p2a: toaster\n|-damage|p2a: toaster|0 fnt\n|faint|p2a: toaster\n|move|p2b: is legendary|Ancient Power|p1a: Mimikyu\n|-activate|p1a: Mimikyu|ability: Disguise\n|-damage|p1a: Mimikyu|100\/100\n|detailschange|p1a: Mimikyu|Mimikyu-Busted, M\n|-damage|p1a: Mimikyu|88\/100|[from] pokemon: Mimikyu-Busted\n|move|p1a: Mimikyu|Swords Dance|p1a: Mimikyu\n|-boost|p1a: Mimikyu|atk|2\n|\n|-heal|p1b: Chien-Pao|19\/100|[from] Grassy Terrain\n|-heal|p1a: Mimikyu|94\/100|[from] Grassy Terrain\n|-fieldend|move: Grassy Terrain\n|upkeep\n|\n|t:|1698266674\n|switch|p2a: caillou grounded|Okidogi, M|100\/100\n|turn|6\n|\n|t:|1698266699\n|move|p1a: Mimikyu|Shadow Sneak|p2b: is legendary\n|-supereffective|p2b: is legendary\n|-damage|p2b: is legendary|0 fnt\n|faint|p2b: is legendary\n|move|p2a: caillou grounded|Close Combat|p1b: Chien-Pao\n|-supereffective|p1b: Chien-Pao\n|-damage|p1b: Chien-Pao|0 fnt\n|-unboost|p2a: caillou grounded|def|1\n|-unboost|p2a: caillou grounded|spd|1\n|faint|p1b: Chien-Pao\n|\n|upkeep\n|\n|t:|1698266712\n|switch|p1b: Ursaluna|Ursaluna-Bloodmoon, M|100\/100\n|switch|p2b: p03|Chien-Pao|100\/100\n|-ability|p2b: p03|Sword of Ruin\n|turn|7\n|\n|t:|1698266727\n|move|p2b: p03|Sucker Punch|p1a: Mimikyu\n|-damage|p1a: Mimikyu|24\/100\n|move|p2a: caillou grounded|Close Combat|p1b: Ursaluna\n|-supereffective|p1b: Ursaluna\n|-damage|p1b: Ursaluna|0 fnt\n|-unboost|p2a: caillou grounded|def|1\n|-unboost|p2a: caillou grounded|spd|1\n|faint|p1b: Ursaluna\n|move|p1a: Mimikyu|Play Rough|p2a: caillou grounded\n|-damage|p2a: caillou grounded|0 fnt\n|faint|p2a: caillou grounded\n|\n|upkeep\n|\n|t:|1698266748\n|switch|p2a: bloons|Rillaboom, F, shiny|100\/100\n|switch|p1b: Delphox|Delphox, F|48\/100\n|-fieldstart|move: Grassy Terrain|[from] ability: Grassy Surge|[of] p2a: bloons\n|turn|8\n|\n|t:|1698266763\n|move|p2b: p03|Icicle Crash|p1a: Mimikyu\n|-damage|p1a: Mimikyu|0 fnt\n|faint|p1a: Mimikyu\n|move|p1b: Delphox|Mystical Fire|p2a: bloons\n|-supereffective|p2a: bloons\n|-crit|p2a: bloons\n|-damage|p2a: bloons|0 fnt\n|faint|p2a: bloons\n|\n|-heal|p1b: Delphox|55\/100|[from] Grassy Terrain\n|upkeep\n|\n|t:|1698266773\n|switch|p1a: Lycanroc|Lycanroc-Midnight, M|100\/100\n|turn|9\n|\n|t:|1698266787\n|-terastallize|p1b: Delphox|Fire\n|move|p2b: p03|Sucker Punch|p1b: Delphox\n|-damage|p1b: Delphox|0 fnt\n|faint|p1b: Delphox\n|move|p1a: Lycanroc|Rock Slide|p2b: p03\n|-supereffective|p2b: p03\n|-enditem|p2b: p03|Focus Sash\n|-damage|p2b: p03|1\/100\n|\n|-heal|p2b: p03|7\/100|[from] Grassy Terrain\n|upkeep\n|turn|10\n|\n|t:|1698266799\n|move|p2b: p03|Sacred Sword|p1a: Lycanroc\n|-supereffective|p1a: Lycanroc\n|-damage|p1a: Lycanroc|0 fnt\n|faint|p1a: Lycanroc\n|\n|win|kiwiicakess\n|raw|GoraLora's rating: 1149 &rarr; <strong>1120<\/strong><br \/>(-29 for losing)\n|raw|kiwiicakess's rating: 1091 &rarr; <strong>1122<\/strong><br \/>(+31 for winning)\n|c|\u2606GoraLora|gg\n|c|\u2606kiwiicakess|gg\n|l|\u2606GoraLora\n","uploadtime":1698266812,"views":8,"p1id":"goralora","p2id":"kiwiicakess","formatid":"gen9nationaldexdoubles","rating":1120,"private":0,"password":""}