{"id":"gen9nationaldexdoubles-1973559195","p1":"Neo Destruction","p2":"luijoroma","format":"[Gen 9] National Dex Doubles","log":"|j|\u2606Neo Destruction\n|j|\u2606luijoroma\n|t:|1697990727\n|gametype|doubles\n|player|p1|Neo Destruction|cynthia-masters|1089\n|player|p2|luijoroma|lucas-gen4pt|1030\n|teamsize|p1|6\n|teamsize|p2|6\n|gen|9\n|tier|[Gen 9] National Dex Doubles\n|rated|\n|rule|HP Percentage Mod: HP is shown in percentages\n|rule|Endless Battle Clause: Forcing endless battles is banned\n|rule|OHKO Clause: OHKO moves are banned\n|rule|Evasion Moves Clause: Evasion moves are banned\n|rule|Evasion Abilities Clause: Evasion abilities are banned\n|rule|Species Clause: Limit one of each Pok\u00e9mon\n|rule|Gravity Sleep Clause: The combination of sleep-inducing moves with imperfect accuracy and Gravity or Gigantamax Orbeetle are banned\n|clearpoke\n|poke|p1|Banette, F|\n|poke|p1|Spiritomb, F|\n|poke|p1|Flutter Mane|\n|poke|p1|Mimikyu, M|\n|poke|p1|Houndstone, M|\n|poke|p1|Toxtricity, F|\n|poke|p2|Garchomp, M|\n|poke|p2|Togekiss, M|\n|poke|p2|Milotic, F|\n|poke|p2|Typhlosion, M|\n|poke|p2|Tinkaton, F|\n|poke|p2|Gardevoir, F|\n|teampreview\n|\n|t:|1697990749\n|start\n|switch|p1a: Banette|Banette, F|100\/100\n|switch|p1b: Spiritomb|Spiritomb, F|100\/100\n|switch|p2a: Togekiss|Togekiss, M|100\/100\n|switch|p2b: Tinkaton|Tinkaton, F|100\/100\n|-ability|p2b: Tinkaton|Mold Breaker\n|-item|p2a: Togekiss|Leftovers|[from] ability: Frisk|[of] p1a: Banette|[identify]\n|-item|p2b: Tinkaton|Focus Band|[from] ability: Frisk|[of] p1a: Banette|[identify]\n|turn|1\n|\n|t:|1697990769\n|move|p2b: Tinkaton|Play Rough|p1a: Banette\n|-damage|p1a: Banette|49\/100\n|move|p2a: Togekiss|Dazzling Gleam|p1a: Banette|[spread] p1a,p1b\n|-supereffective|p1b: Spiritomb\n|-damage|p1a: Banette|8\/100\n|-damage|p1b: Spiritomb|63\/100\n|move|p1a: Banette|Poltergeist|p2b: Tinkaton\n|-activate|p2b: Tinkaton|move: Poltergeist|Focus Band\n|-damage|p2b: Tinkaton|23\/100\n|move|p1b: Spiritomb|Toxic|p2a: Togekiss\n|-status|p2a: Togekiss|tox\n|\n|-damage|p2a: Togekiss|94\/100 tox|[from] psn\n|upkeep\n|turn|2\n|\n|t:|1697990790\n|move|p2b: Tinkaton|Gigaton Hammer|p1b: Spiritomb\n|-damage|p1b: Spiritomb|0 fnt\n|faint|p1b: Spiritomb\n|move|p2a: Togekiss|Dazzling Gleam|p1a: Banette\n|-damage|p1a: Banette|0 fnt\n|faint|p1a: Banette\n|\n|-heal|p2a: Togekiss|100\/100 tox|[from] item: Leftovers\n|-damage|p2a: Togekiss|88\/100 tox|[from] psn\n|upkeep\n|\n|t:|1697990795\n|switch|p1a: Flutter Mane|Flutter Mane|100\/100\n|switch|p1b: Mimikyu|Mimikyu, M|100\/100\n|-enditem|p1a: Flutter Mane|Booster Energy\n|-activate|p1a: Flutter Mane|ability: Protosynthesis|[fromitem]\n|-start|p1a: Flutter Mane|protosynthesisspe\n|turn|3\n|\n|t:|1697990817\n|move|p1a: Flutter Mane|Mystical Fire|p2b: Tinkaton\n|-supereffective|p2b: Tinkaton\n|-damage|p2b: Tinkaton|0 fnt\n|faint|p2b: Tinkaton\n|move|p1b: Mimikyu|Phantom Force||[still]\n|-prepare|p1b: Mimikyu|Phantom Force\n|move|p2a: Togekiss|Shock Wave|p1a: Flutter Mane\n|-damage|p1a: Flutter Mane|82\/100\n|\n|-heal|p2a: Togekiss|94\/100 tox|[from] item: Leftovers\n|-damage|p2a: Togekiss|76\/100 tox|[from] psn\n|upkeep\n|\n|t:|1697990832\n|switch|p2b: Milotic|Milotic, F, shiny|100\/100\n|turn|4\n|\n|t:|1697990853\n|move|p1a: Flutter Mane|Shadow Ball|p2b: Milotic\n|-damage|p2b: Milotic|75\/100\n|move|p1b: Mimikyu|Phantom Force|p2a: Togekiss|[from]lockedmove\n|-damage|p2a: Togekiss|41\/100 tox\n|move|p2a: Togekiss|Air Slash|p1a: Flutter Mane\n|-damage|p1a: Flutter Mane|45\/100\n|move|p2b: Milotic|Aqua Ring|p2b: Milotic\n|-start|p2b: Milotic|Aqua Ring\n|\n|-heal|p2a: Togekiss|47\/100 tox|[from] item: Leftovers\n|-heal|p2b: Milotic|81\/100|[from] Aqua Ring\n|-damage|p2a: Togekiss|22\/100 tox|[from] psn\n|upkeep\n|turn|5\n|\n|t:|1697990885\n|move|p1a: Flutter Mane|Dazzling Gleam|p2b: Milotic|[spread] p2a,p2b\n|-damage|p2a: Togekiss|0 fnt\n|-damage|p2b: Milotic|59\/100\n|faint|p2a: Togekiss\n|-zpower|p1b: Mimikyu\n|move|p1b: Mimikyu|Let's Snuggle Forever|p2b: Milotic|[zeffect]\n|-damage|p2b: Milotic|0 fnt\n|faint|p2b: Milotic\n|\n|upkeep\n|\n|t:|1697990904\n|switch|p2a: Garchomp|Garchomp, M|100\/100\n|switch|p2b: Gardevoir|Gardevoir, F, shiny|100\/100\n|turn|6\n|\n|t:|1697990923\n|-terastallize|p2a: Garchomp|Electric\n|move|p1a: Flutter Mane|Shadow Ball|p2b: Gardevoir\n|-supereffective|p2b: Gardevoir\n|-damage|p2b: Gardevoir|14\/100\n|-unboost|p2b: Gardevoir|spd|1\n|move|p1b: Mimikyu|Play Rough|p2a: Garchomp\n|-damage|p2a: Garchomp|69\/100\n|-damage|p1b: Mimikyu|88\/100|[from] ability: Rough Skin|[of] p2a: Garchomp\n|-damage|p1b: Mimikyu|72\/100|[from] item: Rocky Helmet|[of] p2a: Garchomp\n|move|p2b: Gardevoir|Will-O-Wisp|p1b: Mimikyu\n|-status|p1b: Mimikyu|brn\n|move|p2a: Garchomp|Swords Dance|p2a: Garchomp\n|-boost|p2a: Garchomp|atk|2\n|\n|-damage|p1b: Mimikyu|66\/100 brn|[from] brn\n|upkeep\n|turn|7\n|\n|t:|1697990949\n|move|p1a: Flutter Mane|Dazzling Gleam|p2b: Gardevoir|[spread] p2a,p2b\n|-damage|p2a: Garchomp|37\/100\n|-damage|p2b: Gardevoir|0 fnt\n|faint|p2b: Gardevoir\n|move|p1b: Mimikyu|Phantom Force||[still]\n|-prepare|p1b: Mimikyu|Phantom Force\n|move|p2a: Garchomp|Poison Jab|p1a: Flutter Mane\n|-damage|p1a: Flutter Mane|0 fnt\n|faint|p1a: Flutter Mane\n|-end|p1a: Flutter Mane|Protosynthesis|[silent]\n|\n|-damage|p1b: Mimikyu|60\/100 brn|[from] brn\n|upkeep\n|\n|t:|1697990962\n|switch|p1a: Houndstone|Houndstone, M|100\/100\n|switch|p2b: Typhlosion|Typhlosion, M|100\/100\n|turn|8\n|\n|t:|1697990971\n|move|p2b: Typhlosion|Eruption|p1a: Houndstone|[spread] p1a\n|-miss|p2b: Typhlosion|p1b: Mimikyu\n|-damage|p1a: Houndstone|5\/100\n|move|p1b: Mimikyu|Phantom Force|p2a: Garchomp|[from]lockedmove\n|-damage|p2a: Garchomp|21\/100\n|-damage|p1b: Mimikyu|48\/100 brn|[from] ability: Rough Skin|[of] p2a: Garchomp\n|-damage|p1b: Mimikyu|31\/100 brn|[from] item: Rocky Helmet|[of] p2a: Garchomp\n|move|p2a: Garchomp|Draco Meteor|p1a: Houndstone\n|-damage|p1a: Houndstone|0 fnt\n|-unboost|p2a: Garchomp|spa|2\n|faint|p1a: Houndstone\n|\n|-damage|p1b: Mimikyu|25\/100 brn|[from] brn\n|upkeep\n|\n|t:|1697990978\n|switch|p1a: Toxtricity|Toxtricity, F|100\/100\n|turn|9\n|\n|t:|1697990994\n|-terastallize|p1a: Toxtricity|Ghost\n|move|p2b: Typhlosion|Eruption|p1a: Toxtricity|[spread] p1a,p1b\n|-crit|p1a: Toxtricity\n|-damage|p1a: Toxtricity|0 fnt\n|-activate|p1b: Mimikyu|ability: Disguise\n|-damage|p1b: Mimikyu|25\/100 brn\n|detailschange|p1b: Mimikyu|Mimikyu-Busted, M\n|-damage|p1b: Mimikyu|13\/100 brn|[from] pokemon: Mimikyu-Busted\n|faint|p1a: Toxtricity\n|move|p1b: Mimikyu|Return|p2b: Typhlosion\n|-damage|p2b: Typhlosion|80\/100\n|-damage|p1b: Mimikyu|0 fnt|[from] item: Rocky Helmet|[of] p2b: Typhlosion\n|faint|p1b: Mimikyu\n|\n|win|luijoroma\n|raw|Neo Destruction's rating: 1089 &rarr; <strong>1062<\/strong><br \/>(-27 for losing)\n|raw|luijoroma's rating: 1030 &rarr; <strong>1071<\/strong><br \/>(+41 for winning)\n|l|\u2606Neo Destruction\n","uploadtime":1697991012,"views":7,"p1id":"neodestruction","p2id":"luijoroma","formatid":"gen9nationaldexdoubles","rating":1062,"private":0,"password":""}