{"id":"gen9nationaldexdoubles-1978890567","p1":"VivaLaResistance","p2":"XDkyubi","format":"[Gen 9] National Dex Doubles","log":"|j|\u2606VivaLaResistance\n|j|\u2606XDkyubi\n|t:|1698607041\n|gametype|doubles\n|player|p1|VivaLaResistance|carmine-festival|1132\n|player|p2|XDkyubi|102|1092\n|teamsize|p1|6\n|teamsize|p2|6\n|gen|9\n|tier|[Gen 9] National Dex Doubles\n|rated|\n|rule|HP Percentage Mod: HP is shown in percentages\n|rule|Endless Battle Clause: Forcing endless battles is banned\n|rule|OHKO Clause: OHKO moves are banned\n|rule|Evasion Moves Clause: Evasion moves are banned\n|rule|Evasion Abilities Clause: Evasion abilities are banned\n|rule|Species Clause: Limit one of each Pok\u00e9mon\n|rule|Gravity Sleep Clause: The combination of sleep-inducing moves with imperfect accuracy and Gravity or Gigantamax Orbeetle are banned\n|clearpoke\n|poke|p1|Indeedee-F, F|\n|poke|p1|Shuckle, M|\n|poke|p1|Mawile, F|\n|poke|p1|Jirachi|\n|poke|p1|Flamigo, M|\n|poke|p1|Urshifu-*, M|\n|poke|p2|Ditto|\n|poke|p2|Sylveon, M|\n|poke|p2|Ninetales-Alola, M|\n|poke|p2|Cetitan, F|\n|poke|p2|Camerupt, F|\n|poke|p2|Volcanion|\n|teampreview\n|c|\u2606XDkyubi|gl\n|\n|t:|1698607047\n|start\n|switch|p1a: Nepeta|Indeedee-F, F|100\/100\n|switch|p1b: Tavros|Shuckle, M|100\/100\n|switch|p2a: Ninetales|Ninetales-Alola, M|100\/100\n|switch|p2b: Cetitan|Cetitan, F|100\/100\n|-weather|Snow|[from] ability: Snow Warning|[of] p2a: Ninetales\n|-fieldstart|move: Psychic Terrain|[from] ability: Psychic Surge|[of] p1a: Nepeta\n|turn|1\n|\n|t:|1698607059\n|move|p2b: Cetitan|Ice Shard|p1b: Tavros\n|-activate|p1b: Tavros|move: Psychic Terrain\n|move|p2a: Ninetales|Aurora Veil|p2a: Ninetales\n|-sidestart|p2: XDkyubi|move: Aurora Veil\n|move|p1a: Nepeta|Guard Swap|p1b: Tavros\n|-swapboost|p1a: Nepeta|p1b: Tavros|def, spd|[from] move: Guard Swap\n|move|p1b: Tavros|Stealth Rock|p2b: Cetitan\n|-sidestart|p2: XDkyubi|move: Stealth Rock\n|\n|-weather|Snow|[upkeep]\n|upkeep\n|turn|2\n|\n|t:|1698607073\n|switch|p1b: Ferrefi|Mawile, F, shiny|100\/100\n|-ability|p1b: Ferrefi|Intimidate|boost\n|-unboost|p2a: Ninetales|atk|1\n|-unboost|p2b: Cetitan|atk|1\n|move|p2b: Cetitan|Icicle Crash|p1b: Ferrefi\n|-resisted|p1b: Ferrefi\n|-damage|p1b: Ferrefi|80\/100\n|move|p2a: Ninetales|Blizzard|p1a: Nepeta|[spread] p1a,p1b\n|-resisted|p1b: Ferrefi\n|-damage|p1a: Nepeta|76\/100\n|-damage|p1b: Ferrefi|48\/100\n|move|p1a: Nepeta|Trick Room|p1a: Nepeta\n|-fieldstart|move: Trick Room|[of] p1a: Nepeta\n|\n|-weather|Snow|[upkeep]\n|upkeep\n|turn|3\n|\n|t:|1698607093\n|detailschange|p1b: Ferrefi|Mawile-Mega, F, shiny\n|-mega|p1b: Ferrefi|Mawile|Mawilite\n|move|p1a: Nepeta|Follow Me|p1a: Nepeta\n|-singleturn|p1a: Nepeta|move: Follow Me\n|move|p1b: Ferrefi|Iron Head|p2a: Ninetales\n|-supereffective|p2a: Ninetales\n|-damage|p2a: Ninetales|0 fnt\n|faint|p2a: Ninetales\n|move|p2b: Cetitan|Liquidation|p1a: Nepeta\n|-damage|p1a: Nepeta|49\/100\n|\n|-weather|Snow|[upkeep]\n|upkeep\n|\n|t:|1698607102\n|switch|p2a: Ditto|Ditto|100\/100\n|-damage|p2a: Ditto|88\/100|[from] Stealth Rock\n|-transform|p2a: Ditto|p1b: Ferrefi|[from] ability: Imposter\n|turn|4\n|\n|t:|1698607130\n|move|p1a: Nepeta|Follow Me|p1a: Nepeta\n|-singleturn|p1a: Nepeta|move: Follow Me\n|move|p1b: Ferrefi|Iron Head|p2a: Ditto\n|-damage|p2a: Ditto|36\/100\n|move|p2a: Ditto|Knock Off|p1a: Nepeta\n|-supereffective|p1a: Nepeta\n|-damage|p1a: Nepeta|0 fnt\n|-enditem|p1a: Nepeta|Aguav Berry|[from] move: Knock Off|[of] p2a: Ditto\n|faint|p1a: Nepeta\n|move|p2b: Cetitan|Play Rough|p1b: Ferrefi\n|-resisted|p1b: Ferrefi\n|-damage|p1b: Ferrefi|39\/100\n|\n|-weather|Snow|[upkeep]\n|upkeep\n|\n|t:|1698607146\n|switch|p1a: Equius|Urshifu-Rapid-Strike, M|100\/100\n|turn|5\n|\n|t:|1698607165\n|-terastallize|p1a: Equius|Steel\n|move|p1a: Equius|Aqua Jet|p2a: Ditto\n|-activate|p2a: Ditto|move: Psychic Terrain\n|move|p1b: Ferrefi|Iron Head|p2b: Cetitan\n|-supereffective|p2b: Cetitan\n|-damage|p2b: Cetitan|30\/100\n|move|p2a: Ditto|Knock Off|p1a: Equius\n|-damage|p1a: Equius|40\/100\n|-enditem|p1a: Equius|Weakness Policy|[from] move: Knock Off|[of] p2a: Ditto\n|move|p2b: Cetitan|Icicle Crash|p1b: Ferrefi\n|-resisted|p1b: Ferrefi\n|-damage|p1b: Ferrefi|24\/100\n|\n|-weather|none\n|-fieldend|move: Psychic Terrain\n|upkeep\n|turn|6\n|\n|t:|1698607192\n|switch|p2a: Camerupt|Camerupt, F|100\/100\n|-damage|p2a: Camerupt|88\/100|[from] Stealth Rock\n|move|p1a: Equius|Aqua Jet|p2a: Camerupt\n|-supereffective|p2a: Camerupt\n|-crit|p2a: Camerupt\n|-damage|p2a: Camerupt|0 fnt\n|faint|p2a: Camerupt\n|move|p1b: Ferrefi|Iron Head|p2b: Cetitan\n|-supereffective|p2b: Cetitan\n|-crit|p2b: Cetitan\n|-damage|p2b: Cetitan|0 fnt\n|faint|p2b: Cetitan\n|\n|-fieldend|move: Trick Room\n|upkeep\n|\n|t:|1698607204\n|switch|p2b: Sylveon|Sylveon, M|100\/100\n|switch|p2a: Volcanion|Volcanion|100\/100\n|-damage|p2a: Volcanion|76\/100|[from] Stealth Rock\n|-damage|p2b: Sylveon|88\/100|[from] Stealth Rock\n|turn|7\n|\n|t:|1698607219\n|switch|p1b: Tavros|Shuckle, M|100\/100\n|move|p1a: Equius|Detect|p1a: Equius\n|-singleturn|p1a: Equius|Protect\n|move|p2a: Volcanion|Earth Power|p1a: Equius\n|-activate|p1a: Equius|move: Protect\n|move|p2b: Sylveon|Yawn|p1b: Tavros\n|-start|p1b: Tavros|move: Yawn|[of] p2b: Sylveon\n|\n|upkeep\n|turn|8\n|\n|t:|1698607239\n|move|p1a: Equius|Surging Strikes|p2b: Sylveon\n|-crit|p2b: Sylveon\n|-damage|p2b: Sylveon|62\/100\n|-crit|p2b: Sylveon\n|-damage|p2b: Sylveon|36\/100\n|-crit|p2b: Sylveon\n|-damage|p2b: Sylveon|8\/100\n|-hitcount|p2b: Sylveon|3\n|move|p2a: Volcanion|Earth Power|p1a: Equius\n|-supereffective|p1a: Equius\n|-damage|p1a: Equius|0 fnt\n|faint|p1a: Equius\n|move|p2b: Sylveon|Hyper Voice|p1b: Tavros\n|-damage|p1b: Tavros|63\/100\n|move|p1b: Tavros|Toxic|p2a: Volcanion|[miss]\n|-miss|p1b: Tavros|p2a: Volcanion\n|\n|-end|p1b: Tavros|move: Yawn|[silent]\n|-status|p1b: Tavros|slp\n|-sideend|p2: XDkyubi|move: Aurora Veil\n|upkeep\n|\n|t:|1698607245\n|switch|p1a: Aradia|Jirachi, shiny|100\/100\n|turn|9\n|\n|t:|1698607262\n|-zpower|p1a: Aradia\n|move|p1a: Aradia|Z-Happy Hour|p1a: Aradia|[anim]Happy Hour\n|-boost|p1a: Aradia|atk|1|[zeffect]\n|-boost|p1a: Aradia|def|1|[zeffect]\n|-boost|p1a: Aradia|spa|1|[zeffect]\n|-boost|p1a: Aradia|spd|1|[zeffect]\n|-boost|p1a: Aradia|spe|1|[zeffect]\n|move|p2a: Volcanion|Earth Power|p1a: Aradia\n|-supereffective|p1a: Aradia\n|-damage|p1a: Aradia|62\/100\n|move|p2b: Sylveon|Yawn|p1a: Aradia\n|-start|p1a: Aradia|move: Yawn|[of] p2b: Sylveon\n|cant|p1b: Tavros|slp\n|\n|upkeep\n|turn|10\n|\n|t:|1698607279\n|switch|p1b: Karkat|Flamigo, M|100\/100\n|-copyboost|p1b: Karkat|p1a: Aradia|[from] ability: Costar\n|move|p1a: Aradia|Iron Head|p2b: Sylveon\n|-supereffective|p2b: Sylveon\n|-damage|p2b: Sylveon|0 fnt\n|faint|p2b: Sylveon\n|move|p2a: Volcanion|Flamethrower|p1b: Karkat\n|-damage|p1b: Karkat|51\/100\n|\n|-end|p1a: Aradia|move: Yawn|[silent]\n|-status|p1a: Aradia|slp\n|upkeep\n|\n|t:|1698607289\n|switch|p2b: Ditto|Ditto|36\/100\n|-damage|p2b: Ditto|23\/100|[from] Stealth Rock\n|-transform|p2b: Ditto|p1a: Aradia|[from] ability: Imposter\n|turn|11\n|\n|t:|1698607317\n|move|p2b: Ditto|Zen Headbutt|p1b: Karkat\n|-supereffective|p1b: Karkat\n|-damage|p1b: Karkat|0 fnt\n|faint|p1b: Karkat\n|cant|p1a: Aradia|slp\n|move|p2a: Volcanion|Flamethrower|p1a: Aradia\n|-supereffective|p1a: Aradia\n|-damage|p1a: Aradia|0 fnt\n|faint|p1a: Aradia\n|\n|upkeep\n|\n|t:|1698607321\n|switch|p1a: Ferrefi|Mawile-Mega, F, shiny|24\/100\n|switch|p1b: Tavros|Shuckle, M|63\/100 slp\n|turn|12\n|\n|t:|1698607335\n|move|p1a: Ferrefi|Protect|p1a: Ferrefi\n|-singleturn|p1a: Ferrefi|Protect\n|move|p2b: Ditto|Zen Headbutt|p1b: Tavros\n|-damage|p1b: Tavros|33\/100 slp\n|move|p2a: Volcanion|Earth Power|p1a: Ferrefi\n|-activate|p1a: Ferrefi|move: Protect\n|cant|p1b: Tavros|slp\n|\n|upkeep\n|turn|13\n|-message|VivaLaResistance forfeited.\n|\n|win|XDkyubi\n|raw|VivaLaResistance's rating: 1132 &rarr; <strong>1104<\/strong><br \/>(-28 for losing)\n|raw|XDkyubi's rating: 1092 &rarr; <strong>1121<\/strong><br \/>(+29 for winning)\n|l|\u2606VivaLaResistance\n","uploadtime":1698607390,"views":9,"p1id":"vivalaresistance","p2id":"xdkyubi","formatid":"gen9nationaldexdoubles","rating":1104,"private":0,"password":""}