{"id":"gen9nationaldexdoubles-1994712320","p1":"Axley7","p2":"fumbari 24","format":"[Gen 9] National Dex Doubles","log":"|j|\u2606Axley7\n|j|\u2606fumbari 24\n|t:|1700484508\n|gametype|doubles\n|player|p1|Axley7|169|1135\n|player|p2|fumbari 24|hilbert|1165\n|teamsize|p1|6\n|teamsize|p2|6\n|gen|9\n|tier|[Gen 9] National Dex Doubles\n|rated|\n|rule|HP Percentage Mod: HP is shown in percentages\n|rule|Endless Battle Clause: Forcing endless battles is banned\n|rule|OHKO Clause: OHKO moves are banned\n|rule|Evasion Moves Clause: Evasion moves are banned\n|rule|Evasion Abilities Clause: Evasion abilities are banned\n|rule|Species Clause: Limit one of each Pok\u00e9mon\n|rule|Gravity Sleep Clause: The combination of sleep-inducing moves with imperfect accuracy and Gravity or Gigantamax Orbeetle are banned\n|clearpoke\n|poke|p1|Empoleon, M|\n|poke|p1|Nidoking, M|\n|poke|p1|Clefairy, F|\n|poke|p1|Pelipper, M|\n|poke|p1|Incineroar, M|\n|poke|p1|Basculegion, M|\n|poke|p2|Morpeko, M|\n|poke|p2|Inteleon, M|\n|poke|p2|Sinistcha|\n|poke|p2|Drapion, M|\n|poke|p2|Gyarados, M|\n|poke|p2|Ogerpon-Hearthflame, F|\n|teampreview\n|\n|t:|1700484562\n|start\n|switch|p1a: Pelipper|Pelipper, M|100\/100\n|switch|p1b: Basculegion|Basculegion, M|100\/100\n|switch|p2a: Morpeko|Morpeko, M|100\/100\n|switch|p2b: Inteleon|Inteleon, M|100\/100\n|-weather|RainDance|[from] ability: Drizzle|[of] p1a: Pelipper\n|turn|1\n|inactive|Battle timer is ON: inactive players will automatically lose when time's up. (requested by fumbari 24)\n|\n|t:|1700484584\n|move|p1a: Pelipper|Protect|p1a: Pelipper\n|-singleturn|p1a: Pelipper|Protect\n|move|p1b: Basculegion|Flip Turn|p2a: Morpeko\n|-enditem|p2a: Morpeko|Focus Sash\n|-damage|p2a: Morpeko|1\/100\n|inactive|Axley7 has 120 seconds left.\n|\n|t:|1700484620\n|switch|p1b: Empoleon|Empoleon, M|100\/100|[from] Flip Turn\n|move|p2b: Inteleon|Focus Energy|p2b: Inteleon\n|-start|p2b: Inteleon|move: Focus Energy\n|move|p2a: Morpeko|Aura Wheel|p1b: Empoleon\n|-supereffective|p1b: Empoleon\n|-damage|p1b: Empoleon|31\/100\n|-boost|p2a: Morpeko|spe|1\n|-enditem|p1b: Empoleon|Sitrus Berry|[eat]\n|-heal|p1b: Empoleon|56\/100|[from] item: Sitrus Berry\n|\n|-weather|RainDance|[upkeep]\n|-formechange|p2a: Morpeko|Morpeko-Hangry||[from] ability: Hunger Switch\n|upkeep\n|turn|2\n|inactive|Axley7 has 120 seconds left.\n|\n|t:|1700484657\n|move|p2a: Morpeko|Taunt|p1a: Pelipper\n|-start|p1a: Pelipper|move: Taunt\n|move|p2b: Inteleon|Substitute|p2b: Inteleon\n|-start|p2b: Inteleon|Substitute\n|-damage|p2b: Inteleon|76\/100\n|move|p1a: Pelipper|U-turn|p2b: Inteleon\n|-activate|p2b: Inteleon|move: Substitute|[damage]\n|inactive|Axley7 has 90 seconds left.\n|\n|t:|1700484678\n|switch|p1a: Basculegion|Basculegion, M|100\/100|[from] U-turn\n|move|p1b: Empoleon|Surf|p2b: Inteleon|[spread] p1a,p2a,p2b\n|-resisted|p2b: Inteleon\n|-end|p2b: Inteleon|Substitute\n|-resisted|p1a: Basculegion\n|-damage|p1a: Basculegion|82\/100\n|-damage|p2a: Morpeko|0 fnt\n|faint|p2a: Morpeko\n|\n|-weather|RainDance|[upkeep]\n|upkeep\n|\n|t:|1700484687\n|switch|p2a: Sinistcha|Sinistcha|100\/100\n|-heal|p2b: Inteleon|100\/100|[from] ability: Hospitality|[of] p2a: Sinistcha\n|turn|3\n|inactive|Axley7 has 90 seconds left.\n|\n|t:|1700484723\n|move|p1b: Empoleon|Protect|p1b: Empoleon\n|-singleturn|p1b: Empoleon|Protect\n|move|p2a: Sinistcha|Rage Powder|p2a: Sinistcha\n|-singleturn|p2a: Sinistcha|move: Rage Powder\n|move|p1a: Basculegion|Flip Turn|p2a: Sinistcha\n|-resisted|p2a: Sinistcha\n|-damage|p2a: Sinistcha|72\/100\n|\n|t:|1700484752\n|switch|p1a: Pelipper|Pelipper, M|100\/100|[from] Flip Turn\n|move|p2b: Inteleon|Snipe Shot|p1b: Empoleon\n|-activate|p1b: Empoleon|move: Protect\n|\n|-weather|RainDance|[upkeep]\n|upkeep\n|turn|4\n|\n|t:|1700484771\n|move|p1b: Empoleon|Helping Hand|p1a: Pelipper\n|-singleturn|p1a: Pelipper|Helping Hand|[of] p1b: Empoleon\n|move|p2b: Inteleon|Substitute|p2b: Inteleon\n|-start|p2b: Inteleon|Substitute\n|-damage|p2b: Inteleon|76\/100\n|move|p2a: Sinistcha|Life Dew|p2a: Sinistcha|[spread] p2a,p2b\n|-heal|p2a: Sinistcha|97\/100\n|-heal|p2b: Inteleon|100\/100\n|move|p1a: Pelipper|Hurricane|p2a: Sinistcha\n|-supereffective|p2a: Sinistcha\n|-damage|p2a: Sinistcha|5\/100\n|-enditem|p2a: Sinistcha|Iapapa Berry|[eat]\n|-heal|p2a: Sinistcha|38\/100|[from] item: Iapapa Berry\n|\n|-weather|RainDance|[upkeep]\n|upkeep\n|turn|5\n|inactive|Axley7 has 90 seconds left.\n|\n|t:|1700484799\n|switch|p1b: Clefairy|Clefairy, F|100\/100\n|move|p2b: Inteleon|Protect|p2b: Inteleon\n|-singleturn|p2b: Inteleon|Protect\n|move|p2a: Sinistcha|Matcha Gotcha|p1b: Clefairy|[spread] p1a,p1b\n|-damage|p1a: Pelipper|84\/100\n|-heal|p2a: Sinistcha|46\/100|[from] drain|[of] p1a: Pelipper\n|-damage|p1b: Clefairy|85\/100\n|-heal|p2a: Sinistcha|54\/100|[from] drain|[of] p1b: Clefairy\n|move|p1a: Pelipper|Hurricane|p2a: Sinistcha\n|-supereffective|p2a: Sinistcha\n|-damage|p2a: Sinistcha|0 fnt\n|faint|p2a: Sinistcha\n|\n|-weather|none\n|upkeep\n|\n|t:|1700484817\n|switch|p2a: Drapion|Drapion, M|100\/100\n|turn|6\n|\n|t:|1700484827\n|move|p1b: Clefairy|Protect|p1b: Clefairy\n|-singleturn|p1b: Clefairy|Protect\n|move|p2b: Inteleon|Snipe Shot|p1a: Pelipper\n|-resisted|p1a: Pelipper\n|-crit|p1a: Pelipper\n|-damage|p1a: Pelipper|49\/100\n|-enditem|p1a: Pelipper|Sitrus Berry|[eat]\n|-heal|p1a: Pelipper|74\/100|[from] item: Sitrus Berry\n|-zpower|p2a: Drapion\n|move|p2a: Drapion|Z-Acupressure|p2a: Drapion|[anim]Acupressure\n|-start|p2a: Drapion|move: Focus Energy|[zeffect]\n|-boost|p2a: Drapion|accuracy|2\n|move|p1a: Pelipper|U-turn|p2b: Inteleon\n|-activate|p2b: Inteleon|move: Substitute|[damage]\n|inactive|Axley7 has 90 seconds left.\n|inactive|Axley7 has 60 seconds left.\n|\n|t:|1700484885\n|switch|p1a: Nidoking|Nidoking, M|100\/100|[from] U-turn\n|\n|upkeep\n|turn|7\n|inactive|Axley7 has 60 seconds left.\n|\n|t:|1700484911\n|move|p1b: Clefairy|Ally Switch||[still]\n|-fail|p1b: Clefairy\n|move|p2b: Inteleon|Snipe Shot|p1a: Nidoking\n|-supereffective|p1a: Nidoking\n|-crit|p1a: Nidoking\n|-damage|p1a: Nidoking|0 fnt\n|faint|p1a: Nidoking\n|move|p2a: Drapion|Cross Poison|p1b: Clefairy\n|-supereffective|p1b: Clefairy\n|-crit|p1b: Clefairy\n|-damage|p1b: Clefairy|0 fnt\n|faint|p1b: Clefairy\n|\n|upkeep\n|c|\u2606fumbari 24|What?\n|-message|Axley7 forfeited.\n|\n|win|fumbari 24\n|raw|Axley7's rating: 1135 &rarr; <strong>1112<\/strong><br \/>(-23 for losing)\n|raw|fumbari 24's rating: 1165 &rarr; <strong>1188<\/strong><br \/>(+23 for winning)\n|l|\u2606Axley7\n|c|\u2606fumbari 24|Why ally switch fail?\n","uploadtime":1700484943,"views":10,"p1id":"axley7","p2id":"fumbari24","formatid":"gen9nationaldexdoubles","rating":1112,"private":0,"password":""}