{"id":"gen9nationaldexdoubles-1969090807","p1":"Creepystank","p2":"Denvah_17","format":"[Gen 9] National Dex Doubles","log":"|j|\u2606Creepystank\n|j|\u2606Denvah_17\n|t:|1697489189\n|gametype|doubles\n|player|p1|Creepystank|cynthia-gen4|1284\n|player|p2|Denvah_17|alder|1486\n|teamsize|p1|6\n|teamsize|p2|6\n|gen|9\n|tier|[Gen 9] National Dex Doubles\n|rated|\n|rule|HP Percentage Mod: HP is shown in percentages\n|rule|Endless Battle Clause: Forcing endless battles is banned\n|rule|OHKO Clause: OHKO moves are banned\n|rule|Evasion Moves Clause: Evasion moves are banned\n|rule|Evasion Abilities Clause: Evasion abilities are banned\n|rule|Species Clause: Limit one of each Pok\u00e9mon\n|rule|Gravity Sleep Clause: The combination of sleep-inducing moves with imperfect accuracy and Gravity or Gigantamax Orbeetle are banned\n|clearpoke\n|poke|p1|Mew|\n|poke|p1|Jirachi|\n|poke|p1|Tapu Lele|\n|poke|p1|Conkeldurr, M|\n|poke|p1|Cresselia, F|\n|poke|p1|Tornadus, M|\n|poke|p2|Sinistcha-Masterpiece|\n|poke|p2|Diancie|\n|poke|p2|Okidogi, M|\n|poke|p2|Ursaluna-Bloodmoon, M|\n|poke|p2|Volcanion|\n|poke|p2|Golisopod, M|\n|teampreview\n|inactive|Battle timer is ON: inactive players will automatically lose when time's up. (requested by Creepystank)\n|inactive|Creepystank has 120 seconds left.\n|\n|t:|1697489227\n|start\n|switch|p1a: Cresselia|Cresselia, F|100\/100\n|switch|p1b: Conkeldurr|Conkeldurr, M|100\/100\n|switch|p2a: Goliath|Golisopod, M|100\/100\n|switch|p2b: Rihanna|Diancie, shiny|100\/100\n|turn|1\n|\n|t:|1697489247\n|move|p1b: Conkeldurr|Protect|p1b: Conkeldurr\n|-singleturn|p1b: Conkeldurr|Protect\n|move|p2a: Goliath|First Impression|p1a: Cresselia\n|-supereffective|p1a: Cresselia\n|-damage|p1a: Cresselia|16\/100\n|-damage|p2a: Goliath|91\/100|[from] item: Life Orb\n|move|p1a: Cresselia|Trick Room|p1a: Cresselia\n|-fieldstart|move: Trick Room|[of] p1a: Cresselia\n|move|p2b: Rihanna|Trick Room|p2b: Rihanna\n|-fieldend|move: Trick Room\n|\n|-status|p1b: Conkeldurr|brn|[from] item: Flame Orb\n|upkeep\n|turn|2\n|c|\u2606Creepystank|Lmao\n|c|\u2606Creepystank|Great\n|inactive|Creepystank has 120 seconds left.\n|\n|t:|1697489278\n|-terastallize|p1b: Conkeldurr|Fighting\n|move|p1a: Cresselia|Protect|p1a: Cresselia\n|-singleturn|p1a: Cresselia|Protect\n|move|p2a: Goliath|Aqua Jet|p1a: Cresselia\n|-activate|p1a: Cresselia|move: Protect\n|move|p2b: Rihanna|Dazzling Gleam|p1a: Cresselia|[spread] p1b\n|-activate|p1a: Cresselia|move: Protect\n|-supereffective|p1b: Conkeldurr\n|-damage|p1b: Conkeldurr|61\/100 brn\n|move|p1b: Conkeldurr|Drain Punch|p2b: Rihanna\n|-damage|p2b: Rihanna|38\/100\n|-heal|p1b: Conkeldurr|88\/100 brn|[from] drain|[of] p2b: Rihanna\n|\n|-damage|p1b: Conkeldurr|82\/100 brn|[from] brn\n|upkeep\n|turn|3\n|\n|t:|1697489298\n|move|p2a: Goliath|Aqua Jet|p1a: Cresselia\n|-damage|p1a: Cresselia|0 fnt\n|faint|p1a: Cresselia\n|-damage|p2a: Goliath|81\/100|[from] item: Life Orb\n|move|p2b: Rihanna|Dazzling Gleam|p1b: Conkeldurr\n|-supereffective|p1b: Conkeldurr\n|-damage|p1b: Conkeldurr|22\/100 brn\n|move|p1b: Conkeldurr|Drain Punch|p2b: Rihanna\n|-damage|p2b: Rihanna|0 fnt\n|-heal|p1b: Conkeldurr|39\/100 brn|[from] drain|[of] p2b: Rihanna\n|faint|p2b: Rihanna\n|\n|-damage|p1b: Conkeldurr|33\/100 brn|[from] brn\n|upkeep\n|\n|t:|1697489319\n|switch|p1a: Tapu Lele|Tapu Lele|100\/100\n|switch|p2b: Zombie Dust|Okidogi, M|100\/100\n|-fieldstart|move: Psychic Terrain|[from] ability: Psychic Surge|[of] p1a: Tapu Lele\n|turn|4\n|\n|t:|1697489336\n|move|p1b: Conkeldurr|Protect|p1b: Conkeldurr\n|-singleturn|p1b: Conkeldurr|Protect\n|move|p2a: Goliath|Wide Guard|p2a: Goliath\n|-singleturn|p2a: Goliath|Wide Guard\n|move|p1a: Tapu Lele|Reflect|p1a: Tapu Lele\n|-sidestart|p1: Creepystank|Reflect\n|move|p2b: Zombie Dust|Gunk Shot|p1a: Tapu Lele\n|-supereffective|p1a: Tapu Lele\n|-damage|p1a: Tapu Lele|0 fnt\n|faint|p1a: Tapu Lele\n|\n|-damage|p1b: Conkeldurr|27\/100 brn|[from] brn\n|upkeep\n|\n|t:|1697489348\n|switch|p1a: Mew|Mew|100\/100\n|turn|5\n|\n|t:|1697489365\n|-terastallize|p2b: Zombie Dust|Dark\n|move|p2a: Goliath|Wide Guard|p2a: Goliath\n|-singleturn|p2a: Goliath|Wide Guard\n|move|p1a: Mew|Expanding Force|p2b: Zombie Dust|[spread] \n|-activate|p2a: Goliath|move: Wide Guard\n|-activate|p2b: Zombie Dust|move: Wide Guard\n|move|p2b: Zombie Dust|Knock Off|p1a: Mew\n|-supereffective|p1a: Mew\n|-damage|p1a: Mew|31\/100\n|-enditem|p1a: Mew|Leftovers|[from] move: Knock Off|[of] p2b: Zombie Dust\n|move|p1b: Conkeldurr|Drain Punch|p2a: Goliath\n|-resisted|p2a: Goliath\n|-crit|p2a: Goliath\n|-damage|p2a: Goliath|27\/100\n|-heal|p1b: Conkeldurr|54\/100 brn|[from] drain|[of] p2a: Goliath\n|-activate|p2a: Goliath|ability: Emergency Exit\n|\n|t:|1697489381\n|switch|p2a: Careless Whisper|Volcanion|100\/100\n|\n|-damage|p1b: Conkeldurr|48\/100 brn|[from] brn\n|upkeep\n|turn|6\n|\n|t:|1697489395\n|move|p1b: Conkeldurr|Protect|p1b: Conkeldurr\n|-singleturn|p1b: Conkeldurr|Protect\n|move|p1a: Mew|Coaching|p1b: Conkeldurr\n|-boost|p1b: Conkeldurr|atk|1\n|-boost|p1b: Conkeldurr|def|1\n|move|p2b: Zombie Dust|Knock Off|p1a: Mew\n|-supereffective|p1a: Mew\n|-damage|p1a: Mew|0 fnt\n|faint|p1a: Mew\n|move|p2a: Careless Whisper|Heat Wave|p1b: Conkeldurr\n|-activate|p1b: Conkeldurr|move: Protect\n|\n|-damage|p1b: Conkeldurr|42\/100 brn|[from] brn\n|upkeep\n|\n|t:|1697489403\n|switch|p1a: Tornadus|Tornadus, M|100\/100\n|turn|7\n|\n|t:|1697489412\n|move|p1a: Tornadus|Tailwind|p1a: Tornadus\n|-sidestart|p1: Creepystank|move: Tailwind\n|move|p2b: Zombie Dust|Gunk Shot|p1a: Tornadus|[miss]\n|-miss|p2b: Zombie Dust|p1a: Tornadus\n|move|p2a: Careless Whisper|Heat Wave|p1b: Conkeldurr|[spread] p1a,p1b\n|-damage|p1a: Tornadus|45\/100\n|-damage|p1b: Conkeldurr|0 fnt\n|faint|p1b: Conkeldurr\n|\n|upkeep\n|\n|t:|1697489423\n|switch|p1b: Jirachi|Jirachi|100\/100\n|turn|8\n|\n|t:|1697489433\n|move|p1b: Jirachi|Iron Head|p2a: Careless Whisper\n|-resisted|p2a: Careless Whisper\n|-damage|p2a: Careless Whisper|93\/100\n|move|p1a: Tornadus|Bleakwind Storm|p2b: Zombie Dust|[spread] p2a,p2b\n|-damage|p2a: Careless Whisper|52\/100\n|-damage|p2b: Zombie Dust|72\/100\n|-unboost|p2b: Zombie Dust|spe|1\n|cant|p2a: Careless Whisper|flinch\n|move|p2b: Zombie Dust|Knock Off|p1a: Tornadus\n|-damage|p1a: Tornadus|0 fnt\n|-enditem|p1a: Tornadus|Covert Cloak|[from] move: Knock Off|[of] p2b: Zombie Dust\n|faint|p1a: Tornadus\n|\n|-heal|p2a: Careless Whisper|58\/100|[from] item: Leftovers\n|-fieldend|move: Psychic Terrain\n|upkeep\n|turn|9\n|-message|Creepystank forfeited.\n|\n|win|Denvah_17\n|raw|Creepystank's rating: 1284 &rarr; <strong>1272<\/strong><br \/>(-12 for losing)\n|raw|Denvah_17's rating: 1486 &rarr; <strong>1496<\/strong><br \/>(+10 for winning)\n|l|\u2606Creepystank\n|c|\u2606Denvah_17|GG\n","uploadtime":1697489458,"views":13,"p1id":"creepystank","p2id":"denvah17","formatid":"gen9nationaldexdoubles","rating":1272,"private":0,"password":""}