{"id":"gen9nationaldexdoubles-1988557459","p1":"KingMike273","p2":"NotTheSpy5","format":"[Gen 9] National Dex Doubles","log":"|j|\u2606KingMike273\n|j|\u2606NotTheSpy5\n|t:|1699735856\n|gametype|doubles\n|player|p1|KingMike273|swimmer-gen4dp|\n|player|p2|NotTheSpy5|sabrina|\n|teamsize|p1|6\n|teamsize|p2|6\n|gen|9\n|tier|[Gen 9] National Dex Doubles\n|rule|HP Percentage Mod: HP is shown in percentages\n|rule|Endless Battle Clause: Forcing endless battles is banned\n|rule|OHKO Clause: OHKO moves are banned\n|rule|Evasion Moves Clause: Evasion moves are banned\n|rule|Evasion Abilities Clause: Evasion abilities are banned\n|rule|Species Clause: Limit one of each Pok\u00e9mon\n|rule|Gravity Sleep Clause: The combination of sleep-inducing moves with imperfect accuracy and Gravity or Gigantamax Orbeetle are banned\n|clearpoke\n|poke|p1|Yanmega, M|\n|poke|p1|Skeledirge, M|\n|poke|p1|Igglybuff, F|\n|poke|p1|Comfey, F|\n|poke|p1|Sylveon, F|\n|poke|p1|Gothitelle, F|\n|poke|p2|Seismitoad, F|\n|poke|p2|Toxicroak, F|\n|poke|p2|Poliwrath, F|\n|poke|p2|Politoed, F|\n|poke|p2|Swampert, F|\n|poke|p2|Pelipper, M|\n|teampreview\n|c|\u2606NotTheSpy5|I like frogs\n|c|\u2606KingMike273|If you trick room I will cry\n|c|\u2606NotTheSpy5|:)\n|\n|t:|1699735883\n|start\n|switch|p1a: HARMLESS FLY|Yanmega, M|100\/100\n|switch|p1b: PRINCESS|Skeledirge, M|100\/100\n|switch|p2a: Pelipper|Pelipper, M|100\/100\n|switch|p2b: Swampert|Swampert, F|100\/100\n|-weather|RainDance|[from] ability: Drizzle|[of] p2a: Pelipper\n|turn|1\n|\n|t:|1699735919\n|detailschange|p2b: Swampert|Swampert-Mega, F\n|-mega|p2b: Swampert|Swampert|Swampertite\n|move|p2b: Swampert|Ice Punch|p1a: HARMLESS FLY\n|-supereffective|p1a: HARMLESS FLY\n|-damage|p1a: HARMLESS FLY|32\/100\n|move|p1b: PRINCESS|Torch Song|p2a: Pelipper\n|-resisted|p2a: Pelipper\n|-damage|p2a: Pelipper|91\/100\n|-boost|p1b: PRINCESS|spa|1\n|move|p1a: HARMLESS FLY|Mimic|p1b: PRINCESS\n|-start|p1a: HARMLESS FLY|Mimic|Torch Song\n|move|p2a: Pelipper|Tailwind|p2a: Pelipper\n|-sidestart|p2: NotTheSpy5|move: Tailwind\n|\n|-weather|RainDance|[upkeep]\n|-ability|p1a: HARMLESS FLY|Speed Boost|boost\n|-boost|p1a: HARMLESS FLY|spe|1\n|upkeep\n|turn|2\n|\n|t:|1699735942\n|switch|p1b: HERE TO HEAL|Comfey, F|100\/100\n|move|p1a: HARMLESS FLY|Protect|p1a: HARMLESS FLY\n|-singleturn|p1a: HARMLESS FLY|Protect\n|move|p2b: Swampert|Earthquake|p1b: HERE TO HEAL|[spread] p1b\n|-activate|p1a: HARMLESS FLY|move: Protect\n|-immune|p2a: Pelipper\n|-damage|p1b: HERE TO HEAL|60\/100\n|move|p2a: Pelipper|Hydro Pump|p1b: HERE TO HEAL|[miss]\n|-miss|p2a: Pelipper|p1b: HERE TO HEAL\n|\n|-weather|RainDance|[upkeep]\n|-heal|p1b: HERE TO HEAL|67\/100|[from] item: Leftovers\n|-ability|p1a: HARMLESS FLY|Speed Boost|boost\n|-boost|p1a: HARMLESS FLY|spe|1\n|upkeep\n|turn|3\n|\n|t:|1699735964\n|move|p1b: HERE TO HEAL|Floral Healing|p1a: HARMLESS FLY\n|-heal|p1a: HARMLESS FLY|82\/100\n|move|p2b: Swampert|Ice Punch|p1a: HARMLESS FLY\n|-supereffective|p1a: HARMLESS FLY\n|-damage|p1a: HARMLESS FLY|6\/100\n|move|p1a: HARMLESS FLY|Torch Song|p2a: Pelipper\n|-resisted|p2a: Pelipper\n|-damage|p2a: Pelipper|82\/100\n|-boost|p1a: HARMLESS FLY|spa|1\n|-enditem|p1a: HARMLESS FLY|Throat Spray\n|-boost|p1a: HARMLESS FLY|spa|1|[from] item: Throat Spray\n|move|p2a: Pelipper|Hurricane|p1b: HERE TO HEAL\n|-damage|p1b: HERE TO HEAL|31\/100\n|\n|-weather|RainDance|[upkeep]\n|-heal|p1b: HERE TO HEAL|37\/100|[from] item: Leftovers\n|-ability|p1a: HARMLESS FLY|Speed Boost|boost\n|-boost|p1a: HARMLESS FLY|spe|1\n|upkeep\n|turn|4\n|\n|t:|1699735994\n|switch|p1b: Greg|Sylveon, F|100\/100\n|move|p1a: HARMLESS FLY|Protect|p1a: HARMLESS FLY\n|-singleturn|p1a: HARMLESS FLY|Protect\n|move|p2b: Swampert|Flip Turn|p1a: HARMLESS FLY\n|-activate|p1a: HARMLESS FLY|move: Protect\n|move|p2a: Pelipper|Hurricane|p1b: Greg\n|-damage|p1b: Greg|70\/100\n|\n|-weather|RainDance|[upkeep]\n|-sideend|p2: NotTheSpy5|move: Tailwind\n|-ability|p1a: HARMLESS FLY|Speed Boost|boost\n|-boost|p1a: HARMLESS FLY|spe|1\n|upkeep\n|turn|5\n|c|\u2606NotTheSpy5|The 3x speed is definitly not concerning at all for me\n|\n|t:|1699736027\n|move|p1a: HARMLESS FLY|Giga Drain|p2b: Swampert\n|-supereffective|p2b: Swampert\n|-damage|p2b: Swampert|0 fnt\n|-heal|p1a: HARMLESS FLY|61\/100|[from] drain|[of] p2b: Swampert\n|faint|p2b: Swampert\n|move|p1b: Greg|Psych Up|p1a: HARMLESS FLY\n|-copyboost|p1b: Greg|p1a: HARMLESS FLY|[from] move: Psych Up\n|move|p2a: Pelipper|Tailwind|p2a: Pelipper\n|-sidestart|p2: NotTheSpy5|move: Tailwind\n|\n|-weather|RainDance|[upkeep]\n|-ability|p1a: HARMLESS FLY|Speed Boost|boost\n|-boost|p1a: HARMLESS FLY|spe|1\n|upkeep\n|c|\u2606KingMike273|RUH ROH\n|\n|t:|1699736050\n|switch|p2b: Toxicroak|Toxicroak, F|100\/100\n|turn|6\n|\n|t:|1699736068\n|move|p2a: Pelipper|Protect|p2a: Pelipper\n|-singleturn|p2a: Pelipper|Protect\n|move|p1a: HARMLESS FLY|Air Slash|p2b: Toxicroak\n|-supereffective|p2b: Toxicroak\n|-damage|p2b: Toxicroak|0 fnt\n|faint|p2b: Toxicroak\n|move|p1b: Greg|Stored Power|p2a: Pelipper\n|-activate|p2a: Pelipper|move: Protect\n|\n|-weather|RainDance|[upkeep]\n|-ability|p1a: HARMLESS FLY|Speed Boost|boost\n|-boost|p1a: HARMLESS FLY|spe|1\n|upkeep\n|c|\u2606NotTheSpy5|fuck\n|c|\u2606KingMike273|tee hee\n|\n|t:|1699736086\n|switch|p2b: Poliwrath|Poliwrath, F|100\/100\n|turn|7\n|\n|t:|1699736109\n|move|p1a: HARMLESS FLY|Giga Drain|p2b: Poliwrath\n|-supereffective|p2b: Poliwrath\n|-damage|p2b: Poliwrath|29\/100\n|-heal|p1a: HARMLESS FLY|100\/100|[from] drain|[of] p2b: Poliwrath\n|-enditem|p2b: Poliwrath|Sitrus Berry|[eat]\n|-heal|p2b: Poliwrath|54\/100|[from] item: Sitrus Berry\n|move|p2b: Poliwrath|Belly Drum|p2b: Poliwrath\n|-damage|p2b: Poliwrath|4\/100\n|-setboost|p2b: Poliwrath|atk|6|[from] move: Belly Drum\n|move|p1b: Greg|Stored Power|p2a: Pelipper\n|-damage|p2a: Pelipper|0 fnt\n|faint|p2a: Pelipper\n|\n|-weather|RainDance|[upkeep]\n|upkeep\n|c|\u2606KingMike273|BIG STATS\n|\n|t:|1699736127\n|switch|p2a: Seismitoad|Seismitoad, F|100\/100\n|turn|8\n|\n|t:|1699736140\n|move|p1a: HARMLESS FLY|Protect|p1a: HARMLESS FLY\n|-singleturn|p1a: HARMLESS FLY|Protect\n|move|p2b: Poliwrath|Drain Punch|p1a: HARMLESS FLY\n|-activate|p1a: HARMLESS FLY|move: Protect\n|move|p1b: Greg|Hyper Voice|p2b: Poliwrath|[spread] p2a,p2b\n|-supereffective|p2b: Poliwrath\n|-damage|p2a: Seismitoad|4\/100\n|-damage|p2b: Poliwrath|0 fnt\n|faint|p2b: Poliwrath\n|-enditem|p1b: Greg|Throat Spray\n|-boost|p1b: Greg|spa|1|[from] item: Throat Spray\n|move|p2a: Seismitoad|Aqua Ring|p2a: Seismitoad\n|-start|p2a: Seismitoad|Aqua Ring\n|\n|-weather|none\n|-heal|p2a: Seismitoad|10\/100|[from] Aqua Ring\n|-sideend|p2: NotTheSpy5|move: Tailwind\n|upkeep\n|c|\u2606NotTheSpy5|I can see that\n|c|\u2606NotTheSpy5|my ass is FINISHED!!!\n|\n|t:|1699736159\n|switch|p2b: Politoed|Politoed, F, shiny|100\/100\n|-weather|RainDance|[from] ability: Drizzle|[of] p2b: Politoed\n|turn|9\n|\n|t:|1699736167\n|move|p1a: HARMLESS FLY|Giga Drain|p2b: Politoed\n|-supereffective|p2b: Politoed\n|-damage|p2b: Politoed|19\/100\n|move|p1b: Greg|Celebrate|p1b: Greg\n|-activate|p1b: Greg|move: Celebrate\n|move|p2a: Seismitoad|Surf|p1a: HARMLESS FLY|[spread] p2b,p1a,p1b\n|-resisted|p2b: Politoed\n|-damage|p2b: Politoed|0 fnt\n|-damage|p1a: HARMLESS FLY|2\/100\n|-damage|p1b: Greg|27\/100\n|faint|p2b: Politoed\n|-damage|p2a: Seismitoad|0 fnt|[from] item: Life Orb\n|faint|p2a: Seismitoad\n|\n|win|KingMike273\n|c|\u2606KingMike273|celebrate to victory, true combo\n|c|\u2606NotTheSpy5|Did you just fucking\n|c|\u2606NotTheSpy5|Im doxing you on twitter...\n|c|\u2606KingMike273|LMAO NOOOO\n","uploadtime":1699736205,"views":11,"p1id":"kingmike273","p2id":"notthespy5","formatid":"gen9nationaldexdoubles","rating":0,"private":0,"password":""}