{"id":"gen9nationaldexdoubles-1965295033","p1":"annoying oranje","p2":"ChronoTrigonometry","format":"[Gen 9] National Dex Doubles","log":"|j|\u2606annoying oranje\n|j|\u2606ChronoTrigonometry\n|t:|1697058430\n|gametype|doubles\n|player|p1|annoying oranje|caitlin|\n|player|p2|ChronoTrigonometry|riley|\n|teamsize|p1|6\n|teamsize|p2|6\n|gen|9\n|tier|[Gen 9] National Dex Doubles\n|rule|HP Percentage Mod: HP is shown in percentages\n|rule|Endless Battle Clause: Forcing endless battles is banned\n|rule|OHKO Clause: OHKO moves are banned\n|rule|Evasion Moves Clause: Evasion moves are banned\n|rule|Evasion Abilities Clause: Evasion abilities are banned\n|rule|Species Clause: Limit one of each Pok\u00e9mon\n|rule|Gravity Sleep Clause: The combination of sleep-inducing moves with imperfect accuracy and Gravity or Gigantamax Orbeetle are banned\n|clearpoke\n|poke|p1|Maushold-Four|\n|poke|p1|Landorus-Therian, M|\n|poke|p1|Whimsicott, M|\n|poke|p1|Marshadow|\n|poke|p1|Virizion|\n|poke|p1|Terrakion|\n|poke|p2|Metagross|\n|poke|p2|Indeedee-F, F|\n|poke|p2|Dragonite, M|\n|poke|p2|Gholdengo|\n|poke|p2|Flamigo, F|\n|poke|p2|Amoonguss, M|\n|teampreview\n|j| Specific360\n|j| Sasha_Notices\n|j| JKogut\n|\n|t:|1697058470\n|start\n|switch|p1a: Lando Calrissian|Landorus-Therian, M|100\/100\n|switch|p1b: Dugtrio mice|Maushold-Four|100\/100\n|switch|p2a: big meaty claws|Metagross|100\/100\n|switch|p2b: imposter|Amoonguss, M, shiny|100\/100\n|-ability|p1a: Lando Calrissian|Intimidate|boost\n|-fail|p2a: big meaty claws|unboost|[from] ability: Clear Body|[of] p2a: big meaty claws\n|-unboost|p2b: imposter|atk|1\n|turn|1\n|j| Green133\n|\n|t:|1697058525\n|detailschange|p2a: big meaty claws|Metagross-Mega\n|-mega|p2a: big meaty claws|Metagross|Metagrossite\n|-terastallize|p1b: Dugtrio mice|Normal\n|move|p1b: Dugtrio mice|Population Bomb|p2a: big meaty claws\n|-resisted|p2a: big meaty claws\n|-damage|p2a: big meaty claws|96\/100\n|-resisted|p2a: big meaty claws\n|-damage|p2a: big meaty claws|91\/100\n|-resisted|p2a: big meaty claws\n|-damage|p2a: big meaty claws|87\/100\n|-resisted|p2a: big meaty claws\n|-damage|p2a: big meaty claws|82\/100\n|-resisted|p2a: big meaty claws\n|-damage|p2a: big meaty claws|78\/100\n|-resisted|p2a: big meaty claws\n|-damage|p2a: big meaty claws|73\/100\n|-resisted|p2a: big meaty claws\n|-damage|p2a: big meaty claws|69\/100\n|-resisted|p2a: big meaty claws\n|-damage|p2a: big meaty claws|64\/100\n|-resisted|p2a: big meaty claws\n|-damage|p2a: big meaty claws|59\/100\n|-resisted|p2a: big meaty claws\n|-damage|p2a: big meaty claws|54\/100\n|-hitcount|p2a: big meaty claws|10\n|move|p1a: Lando Calrissian|U-turn|p2a: big meaty claws\n|-damage|p2a: big meaty claws|36\/100\n|\n|t:|1697058560\n|switch|p1a: Honse|Virizion|100\/100|[from] U-turn\n|move|p2a: big meaty claws|Zen Headbutt|p1a: Honse\n|-supereffective|p1a: Honse\n|-damage|p1a: Honse|0 fnt\n|faint|p1a: Honse\n|move|p2b: imposter|Spore|p1b: Dugtrio mice\n|-status|p1b: Dugtrio mice|slp|[from] move: Spore\n|\n|upkeep\n|l| Green133\n|j| Green133\n|\n|t:|1697058610\n|switch|p1a: Yummy in my tummy|Marshadow|100\/100\n|turn|2\n|j| AustralianJesus\n|\n|t:|1697058626\n|move|p2b: imposter|Rage Powder|p2b: imposter\n|-singleturn|p2b: imposter|move: Rage Powder\n|move|p1a: Yummy in my tummy|Spectral Thief|p2b: imposter\n|-damage|p2b: imposter|53\/100\n|cant|p1b: Dugtrio mice|slp\n|move|p2a: big meaty claws|Agility|p2a: big meaty claws\n|-boost|p2a: big meaty claws|spe|2\n|\n|-heal|p2b: imposter|59\/100|[from] item: Leftovers\n|upkeep\n|turn|3\n|\n|t:|1697058646\n|-curestatus|p1b: Dugtrio mice|slp|[msg]\n|move|p1b: Dugtrio mice|Follow Me|p1b: Dugtrio mice\n|-singleturn|p1b: Dugtrio mice|move: Follow Me\n|move|p2b: imposter|Rage Powder|p2b: imposter\n|-singleturn|p2b: imposter|move: Rage Powder\n|move|p2a: big meaty claws|Zen Headbutt|p1b: Dugtrio mice\n|-damage|p1b: Dugtrio mice|18\/100\n|move|p1a: Yummy in my tummy|Spectral Thief|p2b: imposter\n|-damage|p2b: imposter|5\/100\n|\n|-heal|p2b: imposter|11\/100|[from] item: Leftovers\n|upkeep\n|turn|4\n|\n|t:|1697058671\n|switch|p2a: jajaja|Indeedee-F, F, shiny|100\/100\n|-fieldstart|move: Psychic Terrain|[from] ability: Psychic Surge|[of] p2a: jajaja\n|-enditem|p2a: jajaja|Psychic Seed\n|-boost|p2a: jajaja|spd|1|[from] item: Psychic Seed\n|move|p2b: imposter|Protect|p2b: imposter\n|-singleturn|p2b: imposter|Protect\n|move|p1b: Dugtrio mice|Follow Me|p1b: Dugtrio mice\n|-singleturn|p1b: Dugtrio mice|move: Follow Me\n|move|p1a: Yummy in my tummy|Spectral Thief|p2a: jajaja\n|-immune|p2a: jajaja\n|\n|-heal|p2b: imposter|17\/100|[from] item: Leftovers\n|upkeep\n|turn|5\n|\n|t:|1697058704\n|move|p2b: imposter|Rage Powder|p2b: imposter\n|-singleturn|p2b: imposter|move: Rage Powder\n|move|p1a: Yummy in my tummy|Spectral Thief|p2b: imposter\n|-damage|p2b: imposter|0 fnt\n|faint|p2b: imposter\n|move|p1b: Dugtrio mice|Population Bomb|p2a: jajaja\n|-damage|p2a: jajaja|89\/100\n|-damage|p2a: jajaja|80\/100\n|-damage|p2a: jajaja|69\/100\n|-damage|p2a: jajaja|59\/100\n|-damage|p2a: jajaja|48\/100\n|-damage|p2a: jajaja|38\/100\n|-damage|p2a: jajaja|27\/100\n|-damage|p2a: jajaja|16\/100\n|-damage|p2a: jajaja|6\/100\n|-damage|p2a: jajaja|0 fnt\n|faint|p2a: jajaja\n|-hitcount|p2: jajaja|10\n|\n|upkeep\n|l| Green133\n|\n|t:|1697058727\n|switch|p2a: deez nites|Dragonite, M|100\/100\n|switch|p2b: cheese stick|Gholdengo|100\/100\n|-item|p2b: cheese stick|Air Balloon\n|turn|6\n|j| Green133\n|\n|t:|1697058761\n|move|p2b: cheese stick|Protect|p2b: cheese stick\n|-singleturn|p2b: cheese stick|Protect\n|move|p2a: deez nites|Extreme Speed|p1b: Dugtrio mice\n|-activate|p1b: Dugtrio mice|move: Psychic Terrain\n|move|p1a: Yummy in my tummy|Spectral Thief|p2b: cheese stick\n|-activate|p2b: cheese stick|move: Protect\n|move|p1b: Dugtrio mice|Population Bomb|p2a: deez nites\n|-damage|p2a: deez nites|95\/100\n|-damage|p2a: deez nites|83\/100\n|-crit|p2a: deez nites\n|-damage|p2a: deez nites|65\/100\n|-damage|p2a: deez nites|54\/100\n|-damage|p2a: deez nites|42\/100\n|-damage|p2a: deez nites|30\/100\n|-damage|p2a: deez nites|19\/100\n|-damage|p2a: deez nites|6\/100\n|-crit|p2a: deez nites\n|-damage|p2a: deez nites|0 fnt\n|faint|p2a: deez nites\n|-hitcount|p2: deez nites|9\n|\n|upkeep\n|\n|t:|1697058782\n|switch|p2a: amigo|Flamigo, F|100\/100\n|-copyboost|p2a: amigo|p2b: cheese stick|[from] ability: Costar\n|turn|7\n|l| Green133\n|\n|t:|1697058816\n|-terastallize|p2b: cheese stick|Steel\n|move|p1a: Yummy in my tummy|Spectral Thief|p2b: cheese stick\n|-damage|p2b: cheese stick|30\/100\n|-enditem|p2b: cheese stick|Air Balloon\n|move|p1b: Dugtrio mice|Population Bomb|p2a: amigo\n|-damage|p2a: amigo|85\/100\n|-damage|p2a: amigo|70\/100\n|-damage|p2a: amigo|54\/100\n|-damage|p2a: amigo|39\/100\n|-damage|p2a: amigo|24\/100\n|-hitcount|p2a: amigo|5\n|move|p2a: amigo|Close Combat|p1b: Dugtrio mice\n|-supereffective|p1b: Dugtrio mice\n|-damage|p1b: Dugtrio mice|0 fnt\n|-unboost|p2a: amigo|def|1\n|-unboost|p2a: amigo|spd|1\n|faint|p1b: Dugtrio mice\n|move|p2b: cheese stick|Shadow Ball|p1a: Yummy in my tummy\n|-supereffective|p1a: Yummy in my tummy\n|-damage|p1a: Yummy in my tummy|11\/100\n|\n|upkeep\n|\n|t:|1697058851\n|switch|p1b: Millhouse|Terrakion|100\/100\n|turn|8\n|\n|t:|1697058869\n|move|p2b: cheese stick|Protect|p2b: cheese stick\n|-singleturn|p2b: cheese stick|Protect\n|move|p1a: Yummy in my tummy|Spectral Thief|p2b: cheese stick\n|-activate|p2b: cheese stick|move: Protect\n|move|p1b: Millhouse|Iron Head|p2a: amigo\n|-damage|p2a: amigo|0 fnt\n|faint|p2a: amigo\n|\n|-fieldend|move: Psychic Terrain\n|upkeep\n|\n|t:|1697058879\n|switch|p2a: big meaty claws|Metagross-Mega|36\/100\n|turn|9\n|\n|t:|1697058896\n|move|p1a: Yummy in my tummy|Spectral Thief|p2a: big meaty claws\n|-supereffective|p2a: big meaty claws\n|-damage|p2a: big meaty claws|0 fnt\n|faint|p2a: big meaty claws\n|move|p1b: Millhouse|Close Combat|p2b: cheese stick\n|-supereffective|p2b: cheese stick\n|-damage|p2b: cheese stick|0 fnt\n|-unboost|p1b: Millhouse|def|1\n|-unboost|p1b: Millhouse|spd|1\n|faint|p2b: cheese stick\n|\n|win|annoying oranje\n|c|\u2606ChronoTrigonometry|lol\n|c|\u2606ChronoTrigonometry|gg's\n|c|\u2606annoying oranje|GGs\n|l|\u2606ChronoTrigonometry\n|l| Specific360\n|j| Green133\n","uploadtime":1697058931,"views":11,"p1id":"annoyingoranje","p2id":"chronotrigonometry","formatid":"gen9nationaldexdoubles","rating":0,"private":0,"password":""}