{"id":"gen9nationaldexdoubles-1963498672","p1":"AutumnCookie","p2":"UncleKars","format":"[Gen 9] National Dex Doubles","log":"|j|\u2606AutumnCookie\n|j|\u2606UncleKars\n|t:|1696872821\n|gametype|doubles\n|player|p1|AutumnCookie|blue|\n|player|p2|UncleKars|silver|\n|teamsize|p1|6\n|teamsize|p2|6\n|gen|9\n|tier|[Gen 9] National Dex Doubles\n|rule|HP Percentage Mod: HP is shown in percentages\n|rule|Endless Battle Clause: Forcing endless battles is banned\n|rule|OHKO Clause: OHKO moves are banned\n|rule|Evasion Moves Clause: Evasion moves are banned\n|rule|Evasion Abilities Clause: Evasion abilities are banned\n|rule|Species Clause: Limit one of each Pok\u00e9mon\n|rule|Gravity Sleep Clause: The combination of sleep-inducing moves with imperfect accuracy and Gravity or Gigantamax Orbeetle are banned\n|clearpoke\n|poke|p1|Lycanroc-Midnight, M|\n|poke|p1|Aggron, M|\n|poke|p1|Tyranitar, F|\n|poke|p1|Tyrantrum, M|\n|poke|p1|Rampardos, F|\n|poke|p1|Houndstone, F|\n|poke|p2|Camerupt, F|\n|poke|p2|Flygon, M|\n|poke|p2|Quagsire, M|\n|poke|p2|Torterra, M|\n|poke|p2|Palossand, F|\n|poke|p2|Crobat, F|\n|teampreview\n|\n|t:|1696872833\n|start\n|switch|p1a: Lycanroc|Lycanroc-Midnight, M|100\/100\n|switch|p1b: Rampardos|Rampardos, F|100\/100\n|switch|p2a: Camerupt|Camerupt, F|100\/100\n|switch|p2b: Flygon|Flygon, M|100\/100\n|-ability|p1b: Rampardos|Mold Breaker\n|turn|1\n|\n|t:|1696872856\n|detailschange|p2a: Camerupt|Camerupt-Mega, F\n|-mega|p2a: Camerupt|Camerupt|Cameruptite\n|move|p2b: Flygon|Dragon Dance|p2b: Flygon\n|-boost|p2b: Flygon|atk|1\n|-boost|p2b: Flygon|spe|1\n|move|p1a: Lycanroc|Sandstorm|p1a: Lycanroc\n|-weather|Sandstorm\n|move|p1b: Rampardos|Stealth Rock|p2a: Camerupt\n|-sidestart|p2: UncleKars|move: Stealth Rock\n|move|p2a: Camerupt|Curse|p2a: Camerupt\n|-unboost|p2a: Camerupt|spe|1\n|-boost|p2a: Camerupt|atk|1\n|-boost|p2a: Camerupt|def|1\n|\n|-weather|Sandstorm|[upkeep]\n|upkeep\n|turn|2\n|\n|t:|1696872972\n|move|p2b: Flygon|Outrage|p1b: Rampardos\n|-enditem|p1b: Rampardos|Focus Sash\n|-damage|p1b: Rampardos|1\/100\n|move|p1a: Lycanroc|Stone Edge|p2a: Camerupt\n|-damage|p2a: Camerupt|54\/100\n|-damage|p1a: Lycanroc|91\/100|[from] item: Life Orb\n|move|p1b: Rampardos|Ancient Power|p2b: Flygon\n|-resisted|p2b: Flygon\n|-damage|p2b: Flygon|86\/100\n|move|p2a: Camerupt|Body Press|p1a: Lycanroc\n|-supereffective|p1a: Lycanroc\n|-damage|p1a: Lycanroc|10\/100\n|\n|-weather|Sandstorm|[upkeep]\n|upkeep\n|turn|3\n|\n|t:|1696872999\n|move|p2b: Flygon|Outrage|p1a: Lycanroc|[from]lockedmove\n|-damage|p1a: Lycanroc|0 fnt\n|faint|p1a: Lycanroc\n|-start|p2b: Flygon|confusion|[fatigue]\n|move|p1b: Rampardos|Surf|p2b: Flygon|[spread] p2a,p2b\n|-supereffective|p2a: Camerupt\n|-damage|p2a: Camerupt|0 fnt\n|-damage|p2b: Flygon|64\/100\n|faint|p2a: Camerupt\n|\n|-weather|Sandstorm|[upkeep]\n|upkeep\n|\n|t:|1696873016\n|switch|p1a: Tyrantrum|Tyrantrum, M|100\/100\n|switch|p2a: Quagsire|Quagsire, M, shiny|100\/100\n|-damage|p2a: Quagsire|94\/100|[from] Stealth Rock\n|turn|4\n|\n|t:|1696873038\n|switch|p2b: Torterra|Torterra, M|100\/100\n|-damage|p2b: Torterra|94\/100|[from] Stealth Rock\n|move|p1a: Tyrantrum|Dragon Dance|p1a: Tyrantrum\n|-boost|p1a: Tyrantrum|atk|1\n|-boost|p1a: Tyrantrum|spe|1\n|move|p1b: Rampardos|Head Smash|p2b: Torterra\n|-resisted|p2b: Torterra\n|-damage|p2b: Torterra|64\/100\n|-damage|p1b: Rampardos|0 fnt|[from] Recoil\n|faint|p1b: Rampardos\n|move|p2a: Quagsire|Muddy Water|p1a: Tyrantrum\n|-damage|p1a: Tyrantrum|81\/100\n|-unboost|p1a: Tyrantrum|accuracy|1\n|\n|-weather|Sandstorm|[upkeep]\n|upkeep\n|\n|t:|1696873077\n|switch|p1b: Aggron|Aggron, M|100\/100\n|turn|5\n|\n|t:|1696873120\n|move|p1a: Tyrantrum|Close Combat|p2b: Torterra\n|-damage|p2b: Torterra|0 fnt\n|-unboost|p1a: Tyrantrum|def|1\n|-unboost|p1a: Tyrantrum|spd|1\n|faint|p2b: Torterra\n|-damage|p1a: Tyrantrum|72\/100|[from] item: Life Orb\n|move|p1b: Aggron|Heavy Slam|p2a: Quagsire\n|-resisted|p2a: Quagsire\n|-damage|p2a: Quagsire|69\/100\n|move|p2a: Quagsire|Muddy Water|p1a: Tyrantrum|[spread] p1a,p1b\n|-supereffective|p1b: Aggron\n|-damage|p1a: Tyrantrum|49\/100\n|-damage|p1b: Aggron|79\/100\n|-unboost|p1a: Tyrantrum|accuracy|1\n|\n|-weather|none\n|upkeep\n|\n|t:|1696873149\n|switch|p2b: Flygon|Flygon, M|64\/100\n|-damage|p2b: Flygon|58\/100|[from] Stealth Rock\n|turn|6\n|c|\u2606AutumnCookie|The Muddy Water accuracy drop hurts Tyrantrum SO MUCH\n|c|\u2606UncleKars|yippee\n|\n|t:|1696873172\n|move|p2b: Flygon|First Impression|p1b: Aggron\n|-resisted|p1b: Aggron\n|-damage|p1b: Aggron|71\/100\n|move|p1b: Aggron|Rock Slide|p2b: Flygon|[spread] p2a,p2b\n|-resisted|p2a: Quagsire\n|-resisted|p2b: Flygon\n|-damage|p2a: Quagsire|55\/100\n|-damage|p2b: Flygon|38\/100\n|cant|p2a: Quagsire|flinch\n|move|p1a: Tyrantrum|Dragon Tail|p2b: Flygon\n|-supereffective|p2b: Flygon\n|-damage|p2b: Flygon|0 fnt\n|faint|p2b: Flygon\n|-damage|p1a: Tyrantrum|39\/100|[from] item: Life Orb\n|\n|upkeep\n|c|\u2606AutumnCookie|OUGH THE FLINCH\n|\n|t:|1696873187\n|switch|p2b: Palossand|Palossand, F|100\/100\n|-damage|p2b: Palossand|94\/100|[from] Stealth Rock\n|turn|7\n|c|\u2606AutumnCookie|AND THE FACT THAT I HIT WOW\n|c|\u2606UncleKars|YEAH\n|c|\u2606AutumnCookie|I'M SURPRISED\n|\n|t:|1696873215\n|move|p1b: Aggron|Head Smash|p2b: Palossand\n|-resisted|p2b: Palossand\n|-damage|p2b: Palossand|65\/100\n|move|p2b: Palossand|Scorching Sands|p1b: Aggron\n|-supereffective|p1b: Aggron\n|-damage|p1b: Aggron|0 fnt\n|faint|p1b: Aggron\n|move|p2a: Quagsire|Muddy Water|p1a: Tyrantrum|[miss]\n|-miss|p2a: Quagsire|p1a: Tyrantrum\n|move|p1a: Tyrantrum|Dragon Tail|p2a: Quagsire|[miss]\n|-miss|p1a: Tyrantrum|p2a: Quagsire\n|\n|-heal|p2b: Palossand|72\/100|[from] item: Leftovers\n|upkeep\n|\n|t:|1696873237\n|switch|p1b: Tyranitar|Tyranitar, F|100\/100\n|-weather|Sandstorm|[from] ability: Sand Stream|[of] p1b: Tyranitar\n|turn|8\n|c|\u2606AutumnCookie|DID THE GYM TEAM FUCK UP DAMMIT THIS T-TAR IS SUPPOSED TO BE MEGA\n|c|\u2606AutumnCookie|Oh well\n|c|\u2606UncleKars|NOOOO\n|c|\u2606UncleKars|sad...\n|c|\u2606AutumnCookie|Oh nvm\n|\n|t:|1696873316\n|detailschange|p1b: Tyranitar|Tyranitar-Mega, F\n|-mega|p1b: Tyranitar|Tyranitar|Tyranitarite\n|move|p1a: Tyrantrum|Close Combat|p2a: Quagsire\n|-damage|p2a: Quagsire|0 fnt\n|-unboost|p1a: Tyrantrum|def|1\n|-unboost|p1a: Tyrantrum|spd|1\n|faint|p2a: Quagsire\n|-damage|p1a: Tyrantrum|29\/100|[from] item: Life Orb\n|move|p1b: Tyranitar|Ice Punch|p2b: Palossand\n|-supereffective|p2b: Palossand\n|-damage|p2b: Palossand|22\/100\n|move|p2b: Palossand|Scorching Sands|p1b: Tyranitar\n|-supereffective|p1b: Tyranitar\n|-damage|p1b: Tyranitar|74\/100\n|\n|-weather|Sandstorm|[upkeep]\n|-heal|p2b: Palossand|28\/100|[from] item: Leftovers\n|upkeep\n|\n|t:|1696873331\n|switch|p2a: Crobat|Crobat, F|100\/100\n|-damage|p2a: Crobat|76\/100|[from] Stealth Rock\n|turn|9\n|\n|t:|1696873357\n|move|p2a: Crobat|Brave Bird|p1a: Tyrantrum\n|-resisted|p1a: Tyrantrum\n|-damage|p1a: Tyrantrum|0 fnt\n|faint|p1a: Tyrantrum\n|-damage|p2a: Crobat|66\/100|[from] Recoil\n|move|p1b: Tyranitar|Ice Punch|p2a: Crobat\n|-supereffective|p2a: Crobat\n|-damage|p2a: Crobat|0 fnt\n|faint|p2a: Crobat\n|move|p2b: Palossand|Giga Drain|p1b: Tyranitar\n|-supereffective|p1b: Tyranitar\n|-crit|p1b: Tyranitar\n|-damage|p1b: Tyranitar|42\/100\n|-heal|p2b: Palossand|42\/100|[from] drain|[of] p1b: Tyranitar\n|\n|-weather|Sandstorm|[upkeep]\n|-heal|p2b: Palossand|48\/100|[from] item: Leftovers\n|upkeep\n|\n|t:|1696873375\n|switch|p1a: Houndstone|Houndstone, F|100\/100\n|turn|10\n|\n|t:|1696873386\n|-terastallize|p1a: Houndstone|Rock\n|move|p1a: Houndstone|Last Respects|p2b: Palossand\n|-supereffective|p2b: Palossand\n|-damage|p2b: Palossand|0 fnt\n|faint|p2b: Palossand\n|\n|win|AutumnCookie\n|c|\u2606AutumnCookie|Good battle :)\n|c|\u2606UncleKars|ggs :)\n","uploadtime":1696873395,"views":6,"p1id":"autumncookie","p2id":"unclekars","formatid":"gen9nationaldexdoubles","rating":0,"private":0,"password":""}