{"id":"gen9nationaldexdoubles-1956690918","p1":"Nyata","p2":"the mudkip warrior","format":"[Gen 9] National Dex Doubles","log":"|j|\u2606Nyata\n|j|\u2606the mudkip warrior\n|t:|1696136080\n|gametype|doubles\n|player|p1|Nyata|170|1366\n|player|p2|the mudkip warrior|acetrainer-gen4dp|1604\n|teamsize|p1|6\n|teamsize|p2|6\n|gen|9\n|tier|[Gen 9] National Dex Doubles\n|rated|\n|rule|HP Percentage Mod: HP is shown in percentages\n|rule|Endless Battle Clause: Forcing endless battles is banned\n|rule|OHKO Clause: OHKO moves are banned\n|rule|Evasion Moves Clause: Evasion moves are banned\n|rule|Evasion Abilities Clause: Evasion abilities are banned\n|rule|Species Clause: Limit one of each Pok\u00e9mon\n|rule|Gravity Sleep Clause: The combination of sleep-inducing moves with imperfect accuracy and Gravity or Gigantamax Orbeetle are banned\n|clearpoke\n|poke|p1|Cradily, F|\n|poke|p1|Aerodactyl, M|\n|poke|p1|Arcanine-Hisui, F|\n|poke|p1|Nihilego|\n|poke|p1|Tyranitar, M|\n|poke|p1|Aggron, F|\n|poke|p2|Chien-Pao|\n|poke|p2|Dragonite, F|\n|poke|p2|Tornadus, M|\n|poke|p2|Charizard, M|\n|poke|p2|Farigiraf, F|\n|poke|p2|Kingambit, M|\n|teampreview\n|c|\u2606Nyata|yep really no one\n|c|\u2606Nyata|haha\n|c|\u2606the mudkip warrior|ok, fine game we get it\n|c|\u2606Nyata|dead format\n|c|\u2606the mudkip warrior|you wanna see us duel\n|c|\u2606the mudkip warrior|honestly nat doubles is not that popular overall\n|c|\u2606Nyata|yea haha\n|c|\u2606Nyata|i prefer it to singles tho\n|\n|t:|1696136128\n|start\n|switch|p1a: Tyranitar|Tyranitar, M|100\/100\n|switch|p1b: Cradily|Cradily, F|100\/100\n|switch|p2a: Ditalini|Farigiraf, F|100\/100\n|switch|p2b: Schimitar|Kingambit, M|100\/100\n|-weather|Sandstorm|[from] ability: Sand Stream|[of] p1a: Tyranitar\n|turn|1\n|c|\u2606the mudkip warrior|same\n|c|\u2606the mudkip warrior|this is where you get the most powerful (but still reasonable) combos\n|\n|t:|1696136154\n|move|p2a: Ditalini|Helping Hand|p2b: Schimitar\n|-singleturn|p2b: Schimitar|Helping Hand|[of] p2a: Ditalini\n|-zpower|p1a: Tyranitar\n|move|p1a: Tyranitar|Black Hole Eclipse|p2a: Ditalini|[zeffect]\n|-supereffective|p2a: Ditalini\n|-damage|p2a: Ditalini|0 fnt\n|faint|p2a: Ditalini\n|move|p2b: Schimitar|Iron Head|p1a: Tyranitar\n|-supereffective|p1a: Tyranitar\n|-damage|p1a: Tyranitar|0 fnt\n|faint|p1a: Tyranitar\n|move|p1b: Cradily|Earth Power|p2b: Schimitar\n|-supereffective|p2b: Schimitar\n|-damage|p2b: Schimitar|77\/100\n|\n|-weather|Sandstorm|[upkeep]\n|upkeep\n|c|\u2606Nyata|yaa\n|\n|t:|1696136177\n|switch|p1a: Aerodactyl|Aerodactyl, M|100\/100\n|switch|p2a: Yusuke|Chien-Pao|100\/100\n|-ability|p1a: Aerodactyl|Unnerve\n|-ability|p2a: Yusuke|Sword of Ruin\n|turn|2\n|\n|t:|1696136188\n|move|p1b: Cradily|Protect|p1b: Cradily\n|-singleturn|p1b: Cradily|Protect\n|move|p2a: Yusuke|Ice Spinner|p1a: Aerodactyl\n|-supereffective|p1a: Aerodactyl\n|-enditem|p1a: Aerodactyl|Focus Sash\n|-damage|p1a: Aerodactyl|1\/100\n|move|p1a: Aerodactyl|Sky Drop||[still]\n|-prepare|p1a: Aerodactyl|Sky Drop|p2a: Yusuke\n|move|p2b: Schimitar|Iron Head|p1a: Aerodactyl|[miss]\n|-miss|p2b: Schimitar|p1a: Aerodactyl\n|\n|-weather|Sandstorm|[upkeep]\n|-damage|p2a: Yusuke|95\/100|[from] Sandstorm\n|upkeep\n|turn|3\n|\n|t:|1696136202\n|move|p1a: Aerodactyl|Sky Drop|p2a: Yusuke|[from]lockedmove\n|-damage|p2a: Yusuke|65\/100\n|-end|p2a: Yusuke|Sky Drop\n|move|p2b: Schimitar|Iron Head|p1b: Cradily\n|-supereffective|p1b: Cradily\n|-damage|p1b: Cradily|0 fnt\n|faint|p1b: Cradily\n|\n|-weather|Sandstorm|[upkeep]\n|-damage|p2a: Yusuke|59\/100|[from] Sandstorm\n|upkeep\n|\n|t:|1696136214\n|switch|p1b: Aggron|Aggron, F|100\/100\n|turn|4\n|\n|t:|1696136234\n|detailschange|p1b: Aggron|Aggron-Mega, F\n|-mega|p1b: Aggron|Aggron|Aggronite\n|move|p2a: Yusuke|Sacred Sword|p1b: Aggron\n|-supereffective|p1b: Aggron\n|-damage|p1b: Aggron|78\/100\n|move|p1a: Aerodactyl|Sky Drop||[still]\n|-prepare|p1a: Aerodactyl|Sky Drop|p2a: Yusuke\n|move|p2b: Schimitar|Iron Head|p1a: Aerodactyl|[miss]\n|-miss|p2b: Schimitar|p1a: Aerodactyl\n|move|p1b: Aggron|Body Press|p2a: Yusuke|[miss]\n|-miss|p1b: Aggron|p2a: Yusuke\n|\n|-weather|Sandstorm|[upkeep]\n|-damage|p2a: Yusuke|53\/100|[from] Sandstorm\n|upkeep\n|turn|5\n|\n|t:|1696136247\n|move|p1a: Aerodactyl|Sky Drop|p2a: Yusuke|[from]lockedmove\n|-damage|p2a: Yusuke|24\/100\n|-end|p2a: Yusuke|Sky Drop\n|move|p2b: Schimitar|Iron Head|p1a: Aerodactyl\n|-supereffective|p1a: Aerodactyl\n|-damage|p1a: Aerodactyl|0 fnt\n|faint|p1a: Aerodactyl\n|move|p1b: Aggron|Body Press|p2b: Schimitar\n|-supereffective|p2b: Schimitar\n|-damage|p2b: Schimitar|0 fnt\n|faint|p2b: Schimitar\n|\n|-weather|none\n|upkeep\n|\n|t:|1696136258\n|switch|p1a: Arcanine|Arcanine-Hisui, F|100\/100\n|switch|p2b: Al'akir|Tornadus, M|100\/100\n|turn|6\n|\n|t:|1696136270\n|move|p2a: Yusuke|Protect|p2a: Yusuke\n|-singleturn|p2a: Yusuke|Protect\n|move|p1a: Arcanine|Extreme Speed|p2a: Yusuke\n|-activate|p2a: Yusuke|move: Protect\n|move|p2b: Al'akir|Taunt|p1b: Aggron\n|-start|p1b: Aggron|move: Taunt\n|move|p1b: Aggron|Heavy Slam|p2b: Al'akir\n|-damage|p2b: Al'akir|8\/100\n|\n|upkeep\n|turn|7\n|\n|t:|1696136292\n|switch|p2a: Dolce|Dragonite, F|100\/100\n|move|p1a: Arcanine|Extreme Speed|p2a: Dolce\n|-damage|p2a: Dolce|79\/100\n|move|p2b: Al'akir|Tailwind|p2b: Al'akir\n|-sidestart|p2: the mudkip warrior|move: Tailwind\n|move|p1b: Aggron|Heavy Slam|p2b: Al'akir\n|-damage|p2b: Al'akir|0 fnt\n|faint|p2b: Al'akir\n|\n|upkeep\n|\n|t:|1696136299\n|switch|p2b: Yusuke|Chien-Pao|24\/100\n|-ability|p2b: Yusuke|Sword of Ruin\n|turn|8\n|\n|t:|1696136319\n|move|p2b: Yusuke|Protect|p2b: Yusuke\n|-singleturn|p2b: Yusuke|Protect\n|move|p1a: Arcanine|Extreme Speed|p2a: Dolce\n|-damage|p2a: Dolce|22\/100\n|move|p2a: Dolce|Rock Slide|p1a: Arcanine|[spread] p1a\n|-miss|p2a: Dolce|p1b: Aggron\n|-supereffective|p1a: Arcanine\n|-damage|p1a: Arcanine|28\/100\n|move|p1b: Aggron|Heavy Slam|p2a: Dolce\n|-damage|p2a: Dolce|0 fnt\n|faint|p2a: Dolce\n|\n|-end|p1b: Aggron|move: Taunt\n|upkeep\n|\n|t:|1696136328\n|switch|p2a: Galakrond|Charizard, M, shiny|100\/100\n|turn|9\n|\n|t:|1696136349\n|-terastallize|p1a: Arcanine|Fire\n|move|p2a: Galakrond|Protect|p2a: Galakrond\n|-singleturn|p2a: Galakrond|Protect\n|move|p1a: Arcanine|Extreme Speed|p2b: Yusuke\n|-damage|p2b: Yusuke|0 fnt\n|faint|p2b: Yusuke\n|move|p1b: Aggron|Heavy Slam|p2a: Galakrond\n|-activate|p2a: Galakrond|move: Protect\n|\n|upkeep\n|turn|10\n|c|\u2606the mudkip warrior|So be it\n|\n|t:|1696136362\n|detailschange|p2a: Galakrond|Charizard-Mega-Y, M, shiny\n|-mega|p2a: Galakrond|Charizard|Charizardite Y\n|-weather|SunnyDay|[from] ability: Drought|[of] p2a: Galakrond\n|move|p1a: Arcanine|Extreme Speed|p2a: Galakrond\n|-damage|p2a: Galakrond|50\/100\n|move|p2a: Galakrond|Heat Wave|p1b: Aggron|[spread] p1a,p1b\n|-resisted|p1a: Arcanine\n|-supereffective|p1b: Aggron\n|-damage|p1a: Arcanine|0 fnt\n|-damage|p1b: Aggron|0 fnt\n|faint|p1a: Arcanine\n|faint|p1b: Aggron\n|\n|-weather|SunnyDay|[upkeep]\n|-sideend|p2: the mudkip warrior|move: Tailwind\n|upkeep\n|c|\u2606Nyata|pls no miss\n|c|\u2606Nyata|HAHA\n|\n|t:|1696136377\n|switch|p1b: Nihilego|Nihilego|100\/100\n|turn|11\n|c|\u2606Nyata|90%\n|\n|t:|1696136387\n|move|p2a: Galakrond|Protect|p2a: Galakrond\n|-singleturn|p2a: Galakrond|Protect\n|move|p1b: Nihilego|Meteor Beam||[still]\n|-prepare|p1b: Nihilego|Meteor Beam\n|-boost|p1b: Nihilego|spa|1\n|-enditem|p1b: Nihilego|Power Herb\n|-anim|p1b: Nihilego|Meteor Beam|p2a: Galakrond\n|-activate|p2a: Galakrond|move: Protect\n|\n|-weather|SunnyDay|[upkeep]\n|upkeep\n|turn|12\n|\n|t:|1696136393\n|move|p1b: Nihilego|Sludge Wave|p2a: Galakrond\n|-damage|p2a: Galakrond|0 fnt\n|faint|p2a: Galakrond\n|\n|win|Nyata\n|raw|Nyata's rating: 1366 &rarr; <strong>1398<\/strong><br \/>(+32 for winning)\n|raw|the mudkip warrior's rating: 1604 &rarr; <strong>1572<\/strong><br \/>(-32 for losing)\n|c|\u2606Nyata|gg\n|c|\u2606Nyata|:3 see you later maybe\n|c|\u2606Nyata|haha\n|c|\u2606the mudkip warrior|on second thought that wasnt such a good idea...\n|c|\u2606the mudkip warrior|gg\n|c|\u2606Nyata|yaa looks like\n|c|\u2606Nyata|the lead is so important\n|c|\u2606the mudkip warrior|ikr\n|c|\u2606Nyata|oki baii :3\n|c|\u2606Nyata|gg~\n|c|\u2606the mudkip warrior|night\n","uploadtime":1696136432,"views":10,"p1id":"nyata","p2id":"themudkipwarrior","formatid":"gen9nationaldexdoubles","rating":1398,"private":0,"password":""}