{"id":"gen9nationaldexdoubles-1957781721","p1":"Jolly stranger","p2":"Camdar","format":"[Gen 9] National Dex Doubles","log":"|j|\u2606Jolly stranger\n|j|\u2606Camdar\n|t:|1696260598\n|gametype|doubles\n|player|p1|Jolly stranger|gentleman-gen4dp|\n|player|p2|Camdar|hilda|\n|teamsize|p1|6\n|teamsize|p2|6\n|gen|9\n|tier|[Gen 9] National Dex Doubles\n|rule|HP Percentage Mod: HP is shown in percentages\n|rule|Endless Battle Clause: Forcing endless battles is banned\n|rule|OHKO Clause: OHKO moves are banned\n|rule|Evasion Moves Clause: Evasion moves are banned\n|rule|Evasion Abilities Clause: Evasion abilities are banned\n|rule|Species Clause: Limit one of each Pok\u00e9mon\n|rule|Gravity Sleep Clause: The combination of sleep-inducing moves with imperfect accuracy and Gravity or Gigantamax Orbeetle are banned\n|clearpoke\n|poke|p1|Arcanine, M|\n|poke|p1|Spinda, M|\n|poke|p1|Indeedee-F, F|\n|poke|p1|Palafin, M|\n|poke|p1|Maushold|\n|poke|p1|Golduck, M|\n|poke|p2|Zapdos|\n|poke|p2|Garchomp, F|\n|poke|p2|Gholdengo|\n|poke|p2|Clefable, F|\n|poke|p2|Kleavor, F|\n|poke|p2|Vivillon-Jungle, F|\n|teampreview\n|\n|t:|1696260608\n|start\n|switch|p1a: Gimmick\/limitless|Palafin, M|100\/100\n|switch|p1b: Expand Don-|Indeedee-F, F|100\/100\n|switch|p2a: 2fast2furious|Garchomp, F|100\/100\n|switch|p2b: 17th best OU|Clefable, F|100\/100\n|-fieldstart|move: Psychic Terrain|[from] ability: Psychic Surge|[of] p1b: Expand Don-\n|turn|1\n|j| 2wb\n|\n|t:|1696260624\n|detailschange|p1a: Gimmick\/limitless|Palafin-Hero, M\n|switch|p1a: The fifth gimmick|Spinda, M|100\/100\n|-terastallize|p2a: 2fast2furious|Water\n|move|p1b: Expand Don-|Expanding Force|p2a: 2fast2furious|[spread] p2a,p2b\n|-crit|p2a: 2fast2furious\n|-damage|p2a: 2fast2furious|42\/100\n|-damage|p2b: 17th best OU|72\/100\n|move|p2a: 2fast2furious|Rock Slide|p1a: The fifth gimmick|[spread] p1b\n|-miss|p2a: 2fast2furious|p1a: The fifth gimmick\n|-damage|p1b: Expand Don-|78\/100\n|move|p2b: 17th best OU|Light Screen|p2b: 17th best OU\n|-sidestart|p2: Camdar|move: Light Screen\n|\n|upkeep\n|turn|2\n|\n|t:|1696260644\n|move|p1b: Expand Don-|Expanding Force|p2a: 2fast2furious|[spread] p2a,p2b\n|-damage|p2a: 2fast2furious|17\/100\n|-damage|p2b: 17th best OU|50\/100\n|-enditem|p2b: 17th best OU|Sitrus Berry|[eat]\n|-heal|p2b: 17th best OU|75\/100|[from] item: Sitrus Berry\n|move|p2a: 2fast2furious|Rock Slide|p1b: Expand Don-|[spread] p1a\n|-miss|p2a: 2fast2furious|p1b: Expand Don-\n|-damage|p1a: The fifth gimmick|75\/100\n|move|p2b: 17th best OU|Reflect|p2b: 17th best OU\n|-sidestart|p2: Camdar|Reflect\n|cant|p1a: The fifth gimmick|flinch\n|\n|upkeep\n|turn|3\n|j| Play Tale of Wuxia\n|c|\u2606Camdar|bruh\n|c|\u2606Jolly stranger|Feeling australian today?\n|c| Play Tale of Wuxia|he learned it all from me\n|\n|t:|1696260671\n|switch|p2b: best girl|Gholdengo|100\/100\n|move|p1b: Expand Don-|Expanding Force|p2b: best girl|[spread] p2a,p2b\n|-resisted|p2b: best girl\n|-damage|p2a: 2fast2furious|0 fnt\n|-damage|p2b: best girl|87\/100\n|faint|p2a: 2fast2furious\n|move|p1a: The fifth gimmick|Drain Punch|p2b: best girl\n|-immune|p2b: best girl\n|\n|upkeep\n|\n|t:|1696260684\n|switch|p2a: axe me a question|Kleavor, F|100\/100\n|turn|4\n|\n|t:|1696260703\n|move|p1b: Expand Don-|Psych Up|p2b: best girl\n|-immune|p2b: best girl|[from] ability: Good as Gold\n|move|p2b: best girl|Nasty Plot|p2b: best girl\n|-boost|p2b: best girl|spa|2\n|move|p2a: axe me a question|U-turn|p1b: Expand Don-\n|-supereffective|p1b: Expand Don-\n|-damage|p1b: Expand Don-|0 fnt\n|faint|p1b: Expand Don-\n|-damage|p2a: axe me a question|91\/100|[from] item: Life Orb\n|c|\u2606Jolly stranger|Wait, I'm faster?\n|\n|t:|1696260717\n|switch|p2a: 17th best OU|Clefable, F|75\/100|[from] U-turn\n|move|p1a: The fifth gimmick|Drain Punch|p2a: 17th best OU\n|-resisted|p2a: 17th best OU\n|-damage|p2a: 17th best OU|70\/100\n|-heal|p1a: The fifth gimmick|78\/100|[from] drain|[of] p2a: 17th best OU\n|\n|upkeep\n|c|\u2606Camdar|gonna be honest\n|c|\u2606Camdar|i didn't see that coming either\n|c|\u2606Camdar|but it's blocked by good as gold anyway\n|\n|t:|1696260759\n|switch|p1b: Gimmick\/limitless|Palafin-Hero, M|100\/100\n|-activate|p1b: Gimmick\/limitless|ability: Zero to Hero\n|turn|5\n|\n|t:|1696260782\n|move|p2a: 17th best OU|Follow Me|p2a: 17th best OU\n|-singleturn|p2a: 17th best OU|move: Follow Me\n|move|p1b: Gimmick\/limitless|Ice Punch|p2a: 17th best OU\n|-damage|p2a: 17th best OU|54\/100\n|move|p2b: best girl|Shadow Ball|p1b: Gimmick\/limitless\n|-crit|p1b: Gimmick\/limitless\n|-damage|p1b: Gimmick\/limitless|21\/100\n|-unboost|p1b: Gimmick\/limitless|spd|1\n|move|p1a: The fifth gimmick|Baton Pass|p1a: The fifth gimmick\n|\n|t:|1696260796\n|switch|p1a: Focused|Arcanine, M|100\/100|[from] Baton Pass\n|\n|-sideend|p2: Camdar|move: Light Screen\n|-fieldend|move: Psychic Terrain\n|upkeep\n|turn|6\n|\n|t:|1696260847\n|switch|p1b: The fifth gimmick|Spinda, M|78\/100\n|move|p2a: 17th best OU|Follow Me|p2a: 17th best OU\n|-singleturn|p2a: 17th best OU|move: Follow Me\n|move|p1a: Focused|Flame Charge|p2a: 17th best OU\n|-damage|p2a: 17th best OU|42\/100\n|-boost|p1a: Focused|spe|1\n|move|p2b: best girl|Make It Rain|p1b: The fifth gimmick|[spread] p1a,p1b\n|-resisted|p1a: Focused\n|-damage|p1a: Focused|34\/100\n|-damage|p1b: The fifth gimmick|0 fnt\n|-unboost|p2b: best girl|spa|1\n|faint|p1b: The fifth gimmick\n|\n|-heal|p1a: Focused|41\/100|[from] item: Leftovers\n|-sideend|p2: Camdar|Reflect\n|upkeep\n|\n|t:|1696260857\n|switch|p1b: Gimmick\/limitless|Palafin-Hero, M|21\/100\n|turn|7\n|\n|t:|1696260865\n|move|p1a: Focused|Protect|p1a: Focused\n|-singleturn|p1a: Focused|Protect\n|move|p2a: 17th best OU|Follow Me|p2a: 17th best OU\n|-singleturn|p2a: 17th best OU|move: Follow Me\n|move|p1b: Gimmick\/limitless|Jet Punch|p2a: 17th best OU\n|-damage|p2a: 17th best OU|10\/100\n|move|p2b: best girl|Make It Rain|p1a: Focused|[spread] p1b\n|-activate|p1a: Focused|move: Protect\n|-resisted|p1b: Gimmick\/limitless\n|-damage|p1b: Gimmick\/limitless|0 fnt\n|-unboost|p2b: best girl|spa|1\n|faint|p1b: Gimmick\/limitless\n|\n|-heal|p1a: Focused|47\/100|[from] item: Leftovers\n|upkeep\n|\n|t:|1696260886\n|switch|p1b: He brings golduck?|Golduck, M|100\/100\n|turn|8\n|\n|t:|1696260900\n|move|p2a: 17th best OU|Follow Me|p2a: 17th best OU\n|-singleturn|p2a: 17th best OU|move: Follow Me\n|move|p1b: He brings golduck?|Aqua Jet|p2a: 17th best OU\n|-damage|p2a: 17th best OU|0 fnt\n|faint|p2a: 17th best OU\n|-damage|p1b: He brings golduck?|91\/100|[from] item: Life Orb\n|move|p1a: Focused|Flame Charge|p2b: best girl\n|-supereffective|p2b: best girl\n|-crit|p2b: best girl\n|-damage|p2b: best girl|26\/100\n|-boost|p1a: Focused|spe|1\n|move|p2b: best girl|Shadow Ball|p1a: Focused\n|-damage|p1a: Focused|4\/100\n|\n|-heal|p1a: Focused|10\/100|[from] item: Leftovers\n|upkeep\n|\n|t:|1696260917\n|switch|p2a: the fire nation|Zapdos|100\/100\n|turn|9\n|\n|t:|1696260927\n|move|p1a: Focused|Protect|p1a: Focused\n|-singleturn|p1a: Focused|Protect\n|move|p2b: best girl|Protect|p2b: best girl\n|-singleturn|p2b: best girl|Protect\n|move|p2a: the fire nation|Discharge|p1a: Focused|[spread] p1b\n|-activate|p2b: best girl|move: Protect\n|-activate|p1a: Focused|move: Protect\n|-supereffective|p1b: He brings golduck?\n|-damage|p1b: He brings golduck?|5\/100\n|move|p1b: He brings golduck?|Knock Off|p2a: the fire nation\n|-damage|p2a: the fire nation|61\/100\n|-enditem|p2a: the fire nation|Choice Scarf|[from] move: Knock Off|[of] p1b: He brings golduck?\n|-damage|p1b: He brings golduck?|0 fnt|[from] item: Life Orb\n|faint|p1b: He brings golduck?\n|\n|-heal|p1a: Focused|16\/100|[from] item: Leftovers\n|upkeep\n|\n|t:|1696260943\n|switch|p1b: Dudusparce where?|Maushold|100\/100\n|turn|10\n|\n|t:|1696260990\n|move|p1a: Focused|Flame Charge|p2b: best girl\n|-supereffective|p2b: best girl\n|-damage|p2b: best girl|0 fnt\n|-boost|p1a: Focused|spe|1\n|faint|p2b: best girl\n|move|p1b: Dudusparce where?|Beat Up|p2a: the fire nation\n|-damage|p2a: the fire nation|58\/100\n|-damage|p2a: the fire nation|54\/100\n|-hitcount|p2a: the fire nation|2\n|move|p2a: the fire nation|Volt Switch|p1a: Focused\n|-damage|p1a: Focused|0 fnt\n|faint|p1a: Focused\n|c|\u2606Jolly stranger|GG!\n|\n|t:|1696261001\n|switch|p2a: axe me a question|Kleavor, F|91\/100|[from] Volt Switch\n|\n|upkeep\n|\n|t:|1696261004\n|switch|p2b: fake shiny|Vivillon-Jungle, F|100\/100\n|turn|11\n|\n|t:|1696261031\n|move|p1b: Dudusparce where?|Follow Me|p1b: Dudusparce where?\n|-singleturn|p1b: Dudusparce where?|move: Follow Me\n|move|p2b: fake shiny|Stun Spore|p1b: Dudusparce where?\n|-status|p1b: Dudusparce where?|par\n|move|p2a: axe me a question|Stone Axe|p1b: Dudusparce where?\n|-damage|p1b: Dudusparce where?|7\/100 par\n|-sidestart|p1: Jolly stranger|move: Stealth Rock\n|-damage|p2a: axe me a question|81\/100|[from] item: Life Orb\n|\n|upkeep\n|turn|12\n|\n|t:|1696261044\n|move|p2b: fake shiny|Protect|p2b: fake shiny\n|-singleturn|p2b: fake shiny|Protect\n|move|p1b: Dudusparce where?|Follow Me|p1b: Dudusparce where?\n|-singleturn|p1b: Dudusparce where?|move: Follow Me\n|move|p2a: axe me a question|U-turn|p1b: Dudusparce where?\n|-damage|p1b: Dudusparce where?|0 fnt\n|faint|p1b: Dudusparce where?\n|-damage|p2a: axe me a question|71\/100|[from] item: Life Orb\n|\n|win|Camdar\n","uploadtime":1696261054,"views":18,"p1id":"jollystranger","p2id":"camdar","formatid":"gen9nationaldexdoubles","rating":0,"private":0,"password":""}