{"id":"gen9nationaldexdoubles-1965814982","p1":"I'mSuspecious)","p2":"Gocks","format":"[Gen 9] National Dex Doubles","log":"|j|\u2606I'mSuspecious)\n|j|\u2606Gocks\n|t:|1697121638\n|gametype|doubles\n|player|p1|I'mSuspecious)|wallace|1323\n|player|p2|Gocks|101|1353\n|teamsize|p1|6\n|teamsize|p2|6\n|gen|9\n|tier|[Gen 9] National Dex Doubles\n|rated|\n|rule|HP Percentage Mod: HP is shown in percentages\n|rule|Endless Battle Clause: Forcing endless battles is banned\n|rule|OHKO Clause: OHKO moves are banned\n|rule|Evasion Moves Clause: Evasion moves are banned\n|rule|Evasion Abilities Clause: Evasion abilities are banned\n|rule|Species Clause: Limit one of each Pok\u00e9mon\n|rule|Gravity Sleep Clause: The combination of sleep-inducing moves with imperfect accuracy and Gravity or Gigantamax Orbeetle are banned\n|clearpoke\n|poke|p1|Ursaluna, F|\n|poke|p1|Maushold-Four|\n|poke|p1|Farigiraf, F|\n|poke|p1|Arboliva, F|\n|poke|p1|Wyrdeer, M|\n|poke|p1|Porygon-Z|\n|poke|p2|Eevee, F|\n|poke|p2|Espeon, F|\n|poke|p2|Hattrem, F|\n|poke|p2|Indeedee-F, F|\n|poke|p2|Gardevoir, F|\n|poke|p2|Gothitelle, F|\n|teampreview\n|c|\u2606I'mSuspecious)|Shee\n|\n|t:|1697121684\n|start\n|switch|p1a: Maushold|Maushold-Four|100\/100\n|switch|p1b: Wyrdeer|Wyrdeer, M|100\/100\n|switch|p2a: Hattrem|Hattrem, F|100\/100\n|switch|p2b: Gothitelle|Gothitelle, F|100\/100\n|-ability|p1b: Wyrdeer|Intimidate|boost\n|-unboost|p2a: Hattrem|atk|1\n|-unboost|p2b: Gothitelle|atk|1\n|turn|1\n|\n|t:|1697121706\n|move|p2b: Gothitelle|Fake Out|p1b: Wyrdeer\n|-damage|p1b: Wyrdeer|98\/100\n|move|p1a: Maushold|Follow Me|p1a: Maushold\n|-singleturn|p1a: Maushold|move: Follow Me\n|move|p2a: Hattrem|Charm|p1a: Maushold\n|-unboost|p1a: Maushold|atk|2\n|cant|p1b: Wyrdeer|flinch\n|\n|upkeep\n|turn|2\n|\n|t:|1697121767\n|move|p1a: Maushold|Follow Me|p1a: Maushold\n|-singleturn|p1a: Maushold|move: Follow Me\n|move|p2b: Gothitelle|Taunt|p1a: Maushold\n|-start|p1a: Maushold|move: Taunt\n|move|p2a: Hattrem|Imprison|p2a: Hattrem\n|-start|p2a: Hattrem|move: Imprison\n|cant|p1b: Wyrdeer|move: Imprison|Trick Room\n|\n|upkeep\n|turn|3\n|c|\u2606I'mSuspecious)|my god\n|c|\u2606I'mSuspecious)|annoying much\n|c|\u2606Gocks|sorry\n|\n|t:|1697121831\n|-activate|p1a: Maushold|move: Struggle\n|move|p1a: Maushold|Struggle|p2b: Gothitelle\n|-damage|p2b: Gothitelle|97\/100\n|-damage|p1a: Maushold|75\/100|[from] recoil\n|move|p2b: Gothitelle|Hypnosis|p1a: Maushold|[miss]\n|-miss|p2b: Gothitelle|p1a: Maushold\n|move|p2a: Hattrem|Mystical Fire|p1b: Wyrdeer\n|-damage|p1b: Wyrdeer|90\/100\n|-unboost|p1b: Wyrdeer|spa|1\n|move|p1b: Wyrdeer|Psyshield Bash|p2a: Hattrem\n|-resisted|p2a: Hattrem\n|-damage|p2a: Hattrem|87\/100\n|-boost|p1b: Wyrdeer|def|1\n|\n|upkeep\n|turn|4\n|\n|t:|1697121855\n|-activate|p1a: Maushold|move: Struggle\n|move|p1a: Maushold|Struggle|p2a: Hattrem\n|-damage|p2a: Hattrem|84\/100\n|-damage|p1a: Maushold|50\/100|[from] recoil\n|move|p2b: Gothitelle|Hypnosis|p1b: Wyrdeer\n|-status|p1b: Wyrdeer|slp|[from] move: Hypnosis\n|move|p2a: Hattrem|Mystical Fire|p1b: Wyrdeer\n|-damage|p1b: Wyrdeer|80\/100 slp\n|-unboost|p1b: Wyrdeer|spa|1\n|cant|p1b: Wyrdeer|slp\n|\n|upkeep\n|turn|5\n|\n|t:|1697121884\n|-activate|p1a: Maushold|move: Struggle\n|move|p1a: Maushold|Struggle|p2b: Gothitelle\n|-damage|p2b: Gothitelle|94\/100\n|-damage|p1a: Maushold|25\/100|[from] recoil\n|-enditem|p1a: Maushold|Mago Berry|[eat]\n|-heal|p1a: Maushold|59\/100|[from] item: Mago Berry\n|move|p2b: Gothitelle|Hypnosis|p1a: Maushold|[miss]\n|-miss|p2b: Gothitelle|p1a: Maushold\n|move|p2a: Hattrem|Mystical Fire|p1b: Wyrdeer\n|-damage|p1b: Wyrdeer|71\/100 slp\n|-unboost|p1b: Wyrdeer|spa|1\n|-curestatus|p1b: Wyrdeer|slp|[msg]\n|move|p1b: Wyrdeer|Psyshield Bash|p2a: Hattrem\n|-resisted|p2a: Hattrem\n|-damage|p2a: Hattrem|70\/100\n|-boost|p1b: Wyrdeer|def|1\n|\n|-end|p1a: Maushold|move: Taunt\n|upkeep\n|turn|6\n|c|\u2606Gocks|ursaluna is too scary\n|\n|t:|1697121991\n|move|p1a: Maushold|Helping Hand|p1b: Wyrdeer\n|-singleturn|p1b: Wyrdeer|Helping Hand|[of] p1a: Maushold\n|move|p2b: Gothitelle|Taunt|p1b: Wyrdeer\n|-start|p1b: Wyrdeer|move: Taunt\n|move|p2a: Hattrem|Mystical Fire|p1a: Maushold\n|-damage|p1a: Maushold|39\/100\n|-unboost|p1a: Maushold|spa|1\n|move|p1b: Wyrdeer|Psyshield Bash|p2a: Hattrem\n|-resisted|p2a: Hattrem\n|-damage|p2a: Hattrem|51\/100\n|-boost|p1b: Wyrdeer|def|1\n|\n|upkeep\n|turn|7\n|\n|t:|1697122010\n|switch|p2a: Eevee|Eevee, F|100\/100\n|move|p1a: Maushold|Helping Hand|p1b: Wyrdeer\n|-singleturn|p1b: Wyrdeer|Helping Hand|[of] p1a: Maushold\n|move|p2b: Gothitelle|Hypnosis|p1b: Wyrdeer\n|-status|p1b: Wyrdeer|slp|[from] move: Hypnosis\n|cant|p1b: Wyrdeer|slp\n|\n|upkeep\n|turn|8\n|c|\u2606I'mSuspecious)|SHIt\n|c|\u2606Gocks|sorry\n|\n|t:|1697122053\n|move|p1a: Maushold|Helping Hand|p1b: Wyrdeer\n|-singleturn|p1b: Wyrdeer|Helping Hand|[of] p1a: Maushold\n|-zpower|p2a: Eevee\n|move|p2a: Eevee|Extreme Evoboost|p2a: Eevee\n|-boost|p2a: Eevee|atk|2\n|-boost|p2a: Eevee|def|2\n|-boost|p2a: Eevee|spa|2\n|-boost|p2a: Eevee|spd|2\n|-boost|p2a: Eevee|spe|2\n|move|p2b: Gothitelle|Taunt|p1a: Maushold\n|-start|p1a: Maushold|move: Taunt\n|cant|p1b: Wyrdeer|slp\n|\n|-end|p1b: Wyrdeer|move: Taunt\n|upkeep\n|turn|9\n|c|\u2606I'mSuspecious)|Hate your stratigy\n|\n|t:|1697122072\n|move|p2a: Eevee|Focus Energy|p2a: Eevee\n|-start|p2a: Eevee|move: Focus Energy\n|-activate|p1a: Maushold|move: Struggle\n|move|p1a: Maushold|Struggle|p2a: Eevee\n|-damage|p2a: Eevee|97\/100\n|-damage|p1a: Maushold|14\/100|[from] recoil\n|move|p2b: Gothitelle|Taunt|p1b: Wyrdeer\n|-start|p1b: Wyrdeer|move: Taunt\n|-curestatus|p1b: Wyrdeer|slp|[msg]\n|move|p1b: Wyrdeer|Psyshield Bash|p1a: Maushold|[miss]\n|-miss|p1b: Wyrdeer|p1a: Maushold\n|\n|upkeep\n|turn|10\n|\n|t:|1697122099\n|switch|p2b: Indeedee|Indeedee-F, F|100\/100\n|-fieldstart|move: Psychic Terrain|[from] ability: Psychic Surge|[of] p2b: Indeedee\n|-enditem|p2b: Indeedee|Psychic Seed\n|-boost|p2b: Indeedee|spd|1|[from] item: Psychic Seed\n|move|p2a: Eevee|Baton Pass|p2a: Eevee\n|c|\u2606I'mSuspecious)|My god so annoying\n|\n|t:|1697122107\n|switch|p2a: Gardevoir|Gardevoir, F|100\/100|[from] Baton Pass\n|-activate|p1a: Maushold|move: Struggle\n|move|p1a: Maushold|Struggle|p2a: Gardevoir\n|-damage|p2a: Gardevoir|98\/100\n|-damage|p1a: Maushold|0 fnt|[from] recoil\n|faint|p1a: Maushold\n|move|p1b: Wyrdeer|Psyshield Bash|p2a: Gardevoir\n|-resisted|p2a: Gardevoir\n|-damage|p2a: Gardevoir|85\/100\n|-boost|p1b: Wyrdeer|def|1\n|\n|upkeep\n|\n|t:|1697122126\n|switch|p1a: Farigiraf|Farigiraf, F, shiny|100\/100\n|turn|11\n|\n|t:|1697122134\n|detailschange|p2a: Gardevoir|Gardevoir-Mega, F\n|-mega|p2a: Gardevoir|Gardevoir|Gardevoirite\n|move|p2b: Indeedee|Helping Hand|p2a: Gardevoir\n|-singleturn|p2a: Gardevoir|Helping Hand|[of] p2b: Indeedee\n|move|p2a: Gardevoir|Hyper Voice|p1b: Wyrdeer|[spread] p1a,p1b\n|-damage|p1a: Farigiraf|0 fnt\n|-damage|p1b: Wyrdeer|0 fnt\n|faint|p1a: Farigiraf\n|faint|p1b: Wyrdeer\n|\n|upkeep\n|c|\u2606I'mSuspecious)|Hope to not see you\n|c|\u2606I'mSuspecious)|like honestely\n|\n|t:|1697122163\n|switch|p1b: Ursaluna|Ursaluna, F|100\/100\n|switch|p1a: Arboliva|Arboliva, F, shiny|100\/100\n|turn|12\n|\n|t:|1697122179\n|switch|p2b: Espeon|Espeon, F|100\/100\n|move|p2a: Gardevoir|Expanding Force|p1b: Ursaluna|[spread] p1a,p1b\n|-crit|p1a: Arboliva\n|-crit|p1b: Ursaluna\n|-damage|p1a: Arboliva|0 fnt\n|-damage|p1b: Ursaluna|0 fnt\n|-fieldstart|move: Grassy Terrain|[from] ability: Seed Sower|[of] p1a: Arboliva\n|faint|p1a: Arboliva\n|faint|p1b: Ursaluna\n|\n|-heal|p2a: Gardevoir|91\/100|[from] Grassy Terrain\n|upkeep\n|-message|I'mSuspecious) forfeited.\n|\n|win|Gocks\n|raw|I&apos;mSuspecious)'s rating: 1323 &rarr; <strong>1305<\/strong><br \/>(-18 for losing)\n|raw|Gocks's rating: 1353 &rarr; <strong>1371<\/strong><br \/>(+18 for winning)\n|l|\u2606I'mSuspecious)\n","uploadtime":1697122204,"views":9,"p1id":"imsuspecious","p2id":"gocks","formatid":"gen9nationaldexdoubles","rating":1305,"private":0,"password":""}