{"id":"gen9nationaldexdoubles-1952575469","p1":"Theonlykev","p2":"NDDCDCruisinconnor","format":"[Gen 9] National Dex Doubles","log":"|j|\u2606Theonlykev\n|j|\u2606NDDCDCruisinconnor\n|t:|1695698835\n|gametype|doubles\n|player|p1|Theonlykev|ltsurge|1308\n|player|p2|NDDCDCruisinconnor|fantina|1536\n|teamsize|p1|6\n|teamsize|p2|6\n|gen|9\n|tier|[Gen 9] National Dex Doubles\n|rated|\n|rule|HP Percentage Mod: HP is shown in percentages\n|rule|Endless Battle Clause: Forcing endless battles is banned\n|rule|OHKO Clause: OHKO moves are banned\n|rule|Evasion Moves Clause: Evasion moves are banned\n|rule|Evasion Abilities Clause: Evasion abilities are banned\n|rule|Species Clause: Limit one of each Pok\u00e9mon\n|rule|Gravity Sleep Clause: The combination of sleep-inducing moves with imperfect accuracy and Gravity or Gigantamax Orbeetle are banned\n|clearpoke\n|poke|p1|Landorus-Therian, M|\n|poke|p1|Tornadus, M|\n|poke|p1|Enamorus-Therian, F|\n|poke|p1|Thundurus, M|\n|poke|p1|Ogerpon-Hearthflame, F|\n|poke|p1|Palafin, F|\n|poke|p2|Rillaboom, F|\n|poke|p2|Incineroar, F|\n|poke|p2|Tapu Fini|\n|poke|p2|Flutter Mane|\n|poke|p2|Garganacl, F|\n|poke|p2|Sinistcha-Masterpiece|\n|teampreview\n|inactive|Battle timer is ON: inactive players will automatically lose when time's up. (requested by NDDCDCruisinconnor)\n|inactive|NDDCDCruisinconnor has 120 seconds left.\n|inactive|NDDCDCruisinconnor has 90 seconds left.\n|inactive|NDDCDCruisinconnor has 60 seconds left.\n|\n|t:|1695698953\n|start\n|switch|p1a: Tornadus|Tornadus, M|100\/100\n|switch|p1b: Ogerpon|Ogerpon-Hearthflame, F|100\/100\n|switch|p2a: Incineroar|Incineroar, F|100\/100\n|switch|p2b: Rillaboom|Rillaboom, F|100\/100\n|-ability|p1b: Ogerpon|Mold Breaker\n|-fieldstart|move: Grassy Terrain|[from] ability: Grassy Surge|[of] p2b: Rillaboom\n|-ability|p2a: Incineroar|Intimidate|boost\n|-unboost|p1a: Tornadus|atk|1\n|-unboost|p1b: Ogerpon|atk|1\n|turn|1\n|\n|t:|1695698976\n|-terastallize|p1b: Ogerpon|Fire\n|detailschange|p1b: Ogerpon|Ogerpon-Hearthflame-Tera, F, tera:Fire\n|-ability|p1b: Ogerpon|Embody Aspect (Hearthflame)|boost\n|-boost|p1b: Ogerpon|atk|1\n|move|p1b: Ogerpon|Spiky Shield|p1b: Ogerpon\n|-singleturn|p1b: Ogerpon|move: Protect\n|move|p2b: Rillaboom|Fake Out|p1b: Ogerpon\n|-activate|p1b: Ogerpon|move: Protect\n|-damage|p2b: Rillaboom|88\/100|[from] Spiky Shield|[of] p1b: Ogerpon\n|move|p1a: Tornadus|Tailwind|p1a: Tornadus\n|-sidestart|p1: Theonlykev|move: Tailwind\n|move|p2a: Incineroar|Parting Shot|p1b: Ogerpon\n|-activate|p1b: Ogerpon|move: Protect\n|\n|-heal|p2b: Rillaboom|94\/100|[from] Grassy Terrain\n|upkeep\n|turn|2\n|inactive|NDDCDCruisinconnor has 120 seconds left.\n|\n|t:|1695698997\n|switch|p2b: Tapu Fini|Tapu Fini, shiny|100\/100\n|-fieldstart|move: Misty Terrain|[from] ability: Misty Surge|[of] p2b: Tapu Fini\n|move|p1a: Tornadus|Bleakwind Storm|p2b: Tapu Fini|[spread] p2a,p2b\n|-damage|p2a: Incineroar|71\/100\n|-damage|p2b: Tapu Fini|63\/100\n|-unboost|p2a: Incineroar|spe|1\n|move|p1b: Ogerpon|Ivy Cudgel|p2b: Tapu Fini\n|-resisted|p2b: Tapu Fini\n|-crit|p2b: Tapu Fini\n|-damage|p2b: Tapu Fini|3\/100\n|move|p2a: Incineroar|Parting Shot|p1b: Ogerpon\n|-unboost|p1b: Ogerpon|atk|1\n|-unboost|p1b: Ogerpon|spa|1\n|\n|t:|1695699014\n|switch|p2a: Garganacl|Garganacl, F, shiny|100\/100|[from] Parting Shot\n|\n|upkeep\n|turn|3\n|\n|t:|1695699033\n|switch|p1b: Landorus|Landorus-Therian, M|100\/100\n|-ability|p1b: Landorus|Intimidate|boost\n|-unboost|p2a: Garganacl|atk|1\n|-unboost|p2b: Tapu Fini|atk|1\n|switch|p2b: Incineroar|Incineroar, F|71\/100\n|-ability|p2b: Incineroar|Intimidate|boost\n|-unboost|p1a: Tornadus|atk|1\n|-unboost|p1b: Landorus|atk|1\n|move|p1a: Tornadus|Bleakwind Storm|p2b: Incineroar|[spread] p2a,p2b\n|-resisted|p2a: Garganacl\n|-damage|p2a: Garganacl|88\/100\n|-damage|p2b: Incineroar|43\/100\n|move|p2a: Garganacl|Salt Cure|p1b: Landorus\n|-crit|p1b: Landorus\n|-damage|p1b: Landorus|79\/100\n|-start|p1b: Landorus|Salt Cure\n|\n|-heal|p2a: Garganacl|94\/100|[from] item: Leftovers\n|-damage|p1b: Landorus|66\/100|[from] Salt Cure\n|upkeep\n|turn|4\n|\n|t:|1695699057\n|move|p2b: Incineroar|Fake Out|p1b: Landorus\n|-damage|p1b: Landorus|55\/100\n|move|p1a: Tornadus|Bleakwind Storm|p2a: Garganacl|[spread] p2a,p2b\n|-resisted|p2a: Garganacl\n|-damage|p2a: Garganacl|80\/100\n|-damage|p2b: Incineroar|13\/100\n|cant|p1b: Landorus|flinch\n|move|p2a: Garganacl|Curse|p2a: Garganacl\n|-unboost|p2a: Garganacl|spe|1\n|-boost|p2a: Garganacl|atk|1\n|-boost|p2a: Garganacl|def|1\n|\n|-heal|p2a: Garganacl|86\/100|[from] item: Leftovers\n|-damage|p1b: Landorus|43\/100|[from] Salt Cure\n|-sideend|p1: Theonlykev|move: Tailwind\n|upkeep\n|turn|5\n|\n|t:|1695699079\n|switch|p2b: Rillaboom|Rillaboom, F|94\/100\n|-fieldstart|move: Grassy Terrain|[from] ability: Grassy Surge|[of] p2b: Rillaboom\n|move|p1a: Tornadus|Tailwind|p1a: Tornadus\n|-sidestart|p1: Theonlykev|move: Tailwind\n|move|p1b: Landorus|U-turn|p2b: Rillaboom\n|-supereffective|p2b: Rillaboom\n|-damage|p2b: Rillaboom|62\/100\n|\n|t:|1695699090\n|switch|p1b: Thundurus|Thundurus, M|100\/100|[from] U-turn\n|move|p2a: Garganacl|Salt Cure|p1a: Tornadus\n|-supereffective|p1a: Tornadus\n|-damage|p1a: Tornadus|58\/100\n|-start|p1a: Tornadus|Salt Cure\n|\n|-heal|p2b: Rillaboom|68\/100|[from] Grassy Terrain\n|-heal|p2a: Garganacl|92\/100|[from] Grassy Terrain\n|-heal|p2a: Garganacl|99\/100|[from] item: Leftovers\n|-damage|p1a: Tornadus|46\/100|[from] Salt Cure\n|upkeep\n|turn|6\n|inactive|Theonlykev has 120 seconds left.\n|\n|t:|1695699122\n|switch|p1a: Landorus|Landorus-Therian, M|43\/100\n|-ability|p1a: Landorus|Intimidate|boost\n|-unboost|p2a: Garganacl|atk|1\n|-unboost|p2b: Rillaboom|atk|1\n|move|p2b: Rillaboom|Fake Out|p1b: Thundurus\n|-damage|p1b: Thundurus|87\/100\n|move|p1b: Thundurus|Thunder Wave|p2b: Rillaboom\n|-status|p2b: Rillaboom|par\n|move|p2a: Garganacl|Salt Cure|p1b: Thundurus\n|-supereffective|p1b: Thundurus\n|-damage|p1b: Thundurus|59\/100\n|\n|-heal|p2b: Rillaboom|75\/100 par|[from] Grassy Terrain\n|-heal|p2a: Garganacl|100\/100|[from] Grassy Terrain\n|upkeep\n|turn|7\n|inactive|Theonlykev has 120 seconds left.\n|\n|t:|1695699155\n|switch|p2b: Incineroar|Incineroar, F|13\/100\n|-ability|p2b: Incineroar|Intimidate|boost\n|-unboost|p1a: Landorus|atk|1\n|-unboost|p1b: Thundurus|atk|1\n|move|p1b: Thundurus|Wildbolt Storm|p2b: Incineroar|[spread] \n|-miss|p1b: Thundurus|p2a: Garganacl\n|-miss|p1b: Thundurus|p2b: Incineroar\n|move|p1a: Landorus|U-turn|p2b: Incineroar\n|-damage|p2b: Incineroar|0 fnt\n|-damage|p1a: Landorus|27\/100|[from] item: Rocky Helmet|[of] p2b: Incineroar\n|faint|p2b: Incineroar\n|\n|t:|1695699171\n|switch|p1a: Palafin|Palafin, F|100\/100|[from] U-turn\n|move|p2a: Garganacl|Curse|p2a: Garganacl\n|-unboost|p2a: Garganacl|spe|1\n|-boost|p2a: Garganacl|atk|1\n|-boost|p2a: Garganacl|def|1\n|\n|upkeep\n|\n|t:|1695699178\n|switch|p2b: Rillaboom|Rillaboom, F|75\/100 par\n|turn|8\n|\n|t:|1695699191\n|-terastallize|p2a: Garganacl|Electric\n|move|p2b: Rillaboom|Grassy Glide|p1a: Palafin\n|-supereffective|p1a: Palafin\n|-damage|p1a: Palafin|20\/100\n|move|p1b: Thundurus|Dark Pulse|p2a: Garganacl\n|-damage|p2a: Garganacl|81\/100\n|move|p1a: Palafin|Flip Turn|p2a: Garganacl\n|-damage|p2a: Garganacl|72\/100\n|\n|t:|1695699206\n|detailschange|p1a: Palafin|Palafin-Hero, F\n|switch|p1a: Ogerpon|Ogerpon-Hearthflame-Tera, F, tera:Fire|100\/100|[from] Flip Turn\n|-ability|p1a: Ogerpon|Embody Aspect (Hearthflame)|boost\n|-boost|p1a: Ogerpon|atk|1\n|move|p2a: Garganacl|Curse|p2a: Garganacl\n|-unboost|p2a: Garganacl|spe|1\n|-boost|p2a: Garganacl|atk|1\n|-boost|p2a: Garganacl|def|1\n|\n|-heal|p2b: Rillaboom|81\/100 par|[from] Grassy Terrain\n|-heal|p2a: Garganacl|78\/100|[from] Grassy Terrain\n|-heal|p2a: Garganacl|85\/100|[from] item: Leftovers\n|-sideend|p1: Theonlykev|move: Tailwind\n|upkeep\n|turn|9\n|\n|t:|1695699225\n|switch|p2b: Tapu Fini|Tapu Fini, shiny|3\/100\n|-fieldstart|move: Misty Terrain|[from] ability: Misty Surge|[of] p2b: Tapu Fini\n|move|p1b: Thundurus|Toxic|p2a: Garganacl\n|-immune|p2a: Garganacl|[from] ability: Purifying Salt\n|move|p1a: Ogerpon|Ivy Cudgel|p2a: Garganacl\n|-crit|p2a: Garganacl\n|-damage|p2a: Garganacl|0 fnt\n|faint|p2a: Garganacl\n|\n|upkeep\n|\n|t:|1695699236\n|switch|p2a: Sinistcha|Sinistcha-Masterpiece, shiny|100\/100\n|-heal|p2b: Tapu Fini|28\/100|[from] ability: Hospitality|[of] p2a: Sinistcha\n|turn|10\n|\n|t:|1695699258\n|move|p1b: Thundurus|Thunder Wave|p2b: Tapu Fini|[miss]\n|-miss|p1b: Thundurus|p2b: Tapu Fini\n|move|p2b: Tapu Fini|Muddy Water|p1b: Thundurus|[spread] p1a,p1b\n|-supereffective|p1a: Ogerpon\n|-damage|p1a: Ogerpon|37\/100\n|-damage|p1b: Thundurus|23\/100\n|-unboost|p1a: Ogerpon|accuracy|1\n|move|p1a: Ogerpon|Ivy Cudgel|p2a: Sinistcha|[miss]\n|-miss|p1a: Ogerpon|p2a: Sinistcha\n|move|p2a: Sinistcha|Strength Sap|p1a: Ogerpon\n|-unboost|p1a: Ogerpon|atk|1\n|\n|upkeep\n|turn|11\n|\n|t:|1695699278\n|move|p1b: Thundurus|Thunder Wave|p2b: Tapu Fini\n|-activate|p2b: Tapu Fini|move: Misty Terrain\n|move|p2b: Tapu Fini|Muddy Water|p1a: Ogerpon|[spread] p1a\n|-miss|p2b: Tapu Fini|p1b: Thundurus\n|-supereffective|p1a: Ogerpon\n|-damage|p1a: Ogerpon|0 fnt\n|faint|p1a: Ogerpon\n|move|p2a: Sinistcha|Strength Sap|p1b: Thundurus\n|-unboost|p1b: Thundurus|atk|1\n|\n|upkeep\n|inactive|Theonlykev has 120 seconds left.\n|\n|t:|1695699299\n|switch|p1a: Palafin|Palafin-Hero, F|20\/100\n|-activate|p1a: Palafin|ability: Zero to Hero\n|turn|12\n|\n|t:|1695699317\n|switch|p2b: Rillaboom|Rillaboom, F|81\/100 par\n|-fieldstart|move: Grassy Terrain|[from] ability: Grassy Surge|[of] p2b: Rillaboom\n|move|p1a: Palafin|Jet Punch|p2b: Rillaboom\n|-resisted|p2b: Rillaboom\n|-damage|p2b: Rillaboom|62\/100 par\n|move|p1b: Thundurus|Dark Pulse|p2a: Sinistcha\n|-supereffective|p2a: Sinistcha\n|-damage|p2a: Sinistcha|37\/100\n|move|p2a: Sinistcha|Matcha Gotcha|p1b: Thundurus|[spread] p1a,p1b\n|-supereffective|p1a: Palafin\n|-resisted|p1b: Thundurus\n|-damage|p1a: Palafin|0 fnt\n|-heal|p2a: Sinistcha|49\/100|[from] drain|[of] p1a: Palafin\n|-damage|p1b: Thundurus|1\/100\n|-heal|p2a: Sinistcha|58\/100|[from] drain|[of] p1b: Thundurus\n|faint|p1a: Palafin\n|\n|-heal|p2a: Sinistcha|64\/100|[from] Grassy Terrain\n|-heal|p2a: Sinistcha|70\/100|[from] item: Leftovers\n|-heal|p2b: Rillaboom|68\/100 par|[from] Grassy Terrain\n|upkeep\n|inactive|Theonlykev has 120 seconds left.\n|\n|t:|1695699353\n|switch|p1a: Enamorus|Enamorus-Therian, F|100\/100\n|turn|13\n|inactive|Theonlykev has 120 seconds left.\n|\n|t:|1695699365\n|switch|p2a: Flutter Mane|Flutter Mane, shiny|100\/100\n|move|p2b: Rillaboom|Fake Out|p1a: Enamorus\n|-damage|p1a: Enamorus|88\/100\n|move|p1b: Thundurus|Dark Pulse|p2a: Flutter Mane\n|-damage|p2a: Flutter Mane|72\/100\n|cant|p1a: Enamorus|flinch\n|\n|-heal|p2a: Flutter Mane|78\/100|[from] Grassy Terrain\n|-heal|p1a: Enamorus|94\/100|[from] item: Leftovers\n|-heal|p2b: Rillaboom|74\/100 par|[from] Grassy Terrain\n|upkeep\n|turn|14\n|\n|t:|1695699388\n|move|p1b: Thundurus|Thunder Wave|p2a: Flutter Mane\n|-status|p2a: Flutter Mane|par\n|move|p2b: Rillaboom|Grassy Glide|p1b: Thundurus\n|-resisted|p1b: Thundurus\n|-damage|p1b: Thundurus|0 fnt\n|faint|p1b: Thundurus\n|move|p2a: Flutter Mane|Mystical Fire|p1a: Enamorus\n|-damage|p1a: Enamorus|68\/100\n|-unboost|p1a: Enamorus|spa|1\n|move|p1a: Enamorus|Springtide Storm|p2b: Rillaboom|[spread] p2b\n|-miss|p1a: Enamorus|p2a: Flutter Mane\n|-damage|p2b: Rillaboom|52\/100 par\n|-unboost|p2b: Rillaboom|atk|1\n|\n|-heal|p2a: Flutter Mane|84\/100 par|[from] Grassy Terrain\n|-heal|p1a: Enamorus|74\/100|[from] item: Leftovers\n|-heal|p2b: Rillaboom|59\/100 par|[from] Grassy Terrain\n|upkeep\n|inactive|Theonlykev has 120 seconds left.\n|\n|t:|1695699412\n|switch|p1b: Tornadus|Tornadus, M|46\/100\n|turn|15\n|\n|t:|1695699425\n|move|p1b: Tornadus|Tailwind|p1b: Tornadus\n|-sidestart|p1: Theonlykev|move: Tailwind\n|move|p2b: Rillaboom|Grassy Glide|p1b: Tornadus\n|-resisted|p1b: Tornadus\n|-damage|p1b: Tornadus|27\/100\n|move|p2a: Flutter Mane|Mystical Fire|p1a: Enamorus\n|-damage|p1a: Enamorus|45\/100\n|-unboost|p1a: Enamorus|spa|1\n|move|p1a: Enamorus|Springtide Storm|p2a: Flutter Mane|[spread] p2a,p2b\n|-damage|p2a: Flutter Mane|62\/100 par\n|-damage|p2b: Rillaboom|44\/100 par\n|\n|-heal|p2a: Flutter Mane|68\/100 par|[from] Grassy Terrain\n|-heal|p1a: Enamorus|51\/100|[from] item: Leftovers\n|-heal|p2b: Rillaboom|50\/100 par|[from] Grassy Terrain\n|upkeep\n|turn|16\n|inactive|Theonlykev has 120 seconds left.\n|\n|t:|1695699467\n|move|p1b: Tornadus|Bleakwind Storm|p2b: Rillaboom|[spread] p2a,p2b\n|-supereffective|p2b: Rillaboom\n|-damage|p2a: Flutter Mane|26\/100 par\n|-damage|p2b: Rillaboom|0 fnt\n|faint|p2b: Rillaboom\n|cant|p2a: Flutter Mane|par\n|move|p1a: Enamorus|Earth Power|p2a: Flutter Mane\n|-damage|p2a: Flutter Mane|7\/100 par\n|\n|-heal|p2a: Flutter Mane|13\/100 par|[from] Grassy Terrain\n|-heal|p1a: Enamorus|58\/100|[from] item: Leftovers\n|-fieldend|move: Grassy Terrain\n|upkeep\n|\n|t:|1695699478\n|switch|p2b: Sinistcha|Sinistcha-Masterpiece, shiny|70\/100\n|-heal|p2a: Flutter Mane|38\/100 par|[from] ability: Hospitality|[of] p2b: Sinistcha\n|turn|17\n|\n|t:|1695699487\n|move|p1b: Tornadus|Bleakwind Storm|p2a: Flutter Mane|[spread] p2b\n|-miss|p1b: Tornadus|p2a: Flutter Mane\n|-supereffective|p2b: Sinistcha\n|-damage|p2b: Sinistcha|0 fnt\n|faint|p2b: Sinistcha\n|move|p2a: Flutter Mane|Mystical Fire|p1b: Tornadus\n|-damage|p1b: Tornadus|0 fnt\n|faint|p1b: Tornadus\n|move|p1a: Enamorus|Springtide Storm|p2a: Flutter Mane\n|-damage|p2a: Flutter Mane|8\/100 par\n|\n|-heal|p1a: Enamorus|64\/100|[from] item: Leftovers\n|upkeep\n|\n|t:|1695699501\n|switch|p1b: Landorus|Landorus-Therian, M|27\/100\n|switch|p2b: Tapu Fini|Tapu Fini, shiny|28\/100\n|-ability|p1b: Landorus|Intimidate|boost\n|-unboost|p2a: Flutter Mane|atk|1\n|-unboost|p2b: Tapu Fini|atk|1\n|-fieldstart|move: Misty Terrain|[from] ability: Misty Surge|[of] p2b: Tapu Fini\n|turn|18\n|\n|t:|1695699511\n|move|p1b: Landorus|Earthquake|p2b: Tapu Fini|[spread] p2a,p2b\n|-immune|p1a: Enamorus\n|-damage|p2a: Flutter Mane|0 fnt\n|-damage|p2b: Tapu Fini|0 fnt\n|faint|p2a: Flutter Mane\n|-end|p2a: Flutter Mane|Protosynthesis|[silent]\n|faint|p2b: Tapu Fini\n|\n|win|Theonlykev\n|raw|Theonlykev's rating: 1308 &rarr; <strong>1340<\/strong><br \/>(+32 for winning)\n|raw|NDDCDCruisinconnor's rating: 1536 &rarr; <strong>1504<\/strong><br \/>(-32 for losing)\n|l|\u2606NDDCDCruisinconnor\n","uploadtime":1695699566,"views":19,"p1id":"theonlykev","p2id":"nddcdcruisinconnor","formatid":"gen9nationaldexdoubles","rating":1340,"private":0,"password":""}