{"id":"gen9nationaldexdoubles-1987073877","p1":"orange overhaul","p2":"ratpacker","format":"[Gen 9] National Dex Doubles","log":"|j|\u2606orange overhaul\n|j|\u2606ratpacker\n|t:|1699553935\n|gametype|doubles\n|player|p1|orange overhaul|acetrainerf-gen4|1538\n|player|p2|ratpacker|twins|1744\n|teamsize|p1|6\n|teamsize|p2|6\n|gen|9\n|tier|[Gen 9] National Dex Doubles\n|rated|\n|rule|HP Percentage Mod: HP is shown in percentages\n|rule|Endless Battle Clause: Forcing endless battles is banned\n|rule|OHKO Clause: OHKO moves are banned\n|rule|Evasion Moves Clause: Evasion moves are banned\n|rule|Evasion Abilities Clause: Evasion abilities are banned\n|rule|Species Clause: Limit one of each Pok\u00e9mon\n|rule|Gravity Sleep Clause: The combination of sleep-inducing moves with imperfect accuracy and Gravity or Gigantamax Orbeetle are banned\n|clearpoke\n|poke|p1|Flutter Mane|\n|poke|p1|Zamazenta-*|\n|poke|p1|Rillaboom, M|\n|poke|p1|Typhlosion-Hisui, M|\n|poke|p1|Tornadus, M|\n|poke|p1|Zygarde|\n|poke|p2|Naganadel|\n|poke|p2|Indeedee-F, F|\n|poke|p2|Chi-Yu|\n|poke|p2|Gardevoir, F|\n|poke|p2|Basculegion, M|\n|poke|p2|Amoonguss, M|\n|teampreview\n|inactive|Battle timer is ON: inactive players will automatically lose when time's up. (requested by ratpacker)\n|inactive|orange overhaul also wants the timer to be on.\n|inactive|orange overhaul has 120 seconds left.\n|inactive|ratpacker has 120 seconds left.\n|inactive|orange overhaul has 90 seconds left.\n|inactive|ratpacker has 90 seconds left.\n|inactive|orange overhaul has 60 seconds left.\n|c|\u2606orange overhaul|glhf\n|c|\u2606ratpacker|glhf\n|\n|t:|1699554052\n|start\n|switch|p1a: Zygarde|Zygarde|100\/100\n|switch|p1b: Flutter Mane|Flutter Mane|100\/100\n|switch|p2a: Naganadel|Naganadel|100\/100\n|switch|p2b: Gardevoir|Gardevoir, F|100\/100\n|-ability|p1a: Zygarde|Aura Break\n|turn|1\n|\n|t:|1699554080\n|detailschange|p2b: Gardevoir|Gardevoir-Mega, F\n|-mega|p2b: Gardevoir|Gardevoir|Gardevoirite\n|move|p2a: Naganadel|Tailwind|p2a: Naganadel\n|-sidestart|p2: ratpacker|move: Tailwind\n|move|p2b: Gardevoir|Hyper Voice|p1a: Zygarde|[spread] p1a,p1b\n|-supereffective|p1a: Zygarde\n|-damage|p1a: Zygarde|10\/100\n|-damage|p1b: Flutter Mane|58\/100\n|move|p1b: Flutter Mane|Shadow Ball|p2b: Gardevoir\n|-supereffective|p2b: Gardevoir\n|-damage|p2b: Gardevoir|11\/100\n|move|p1a: Zygarde|Thousand Arrows|p2b: Gardevoir|[spread] p2a,p2b\n|-supereffective|p2a: Naganadel\n|-damage|p2a: Naganadel|2\/100\n|-damage|p2b: Gardevoir|0 fnt\n|faint|p2b: Gardevoir\n|\n|-heal|p1a: Zygarde|16\/100|[from] item: Leftovers\n|upkeep\n|inactive|ratpacker has 120 seconds left.\n|\n|t:|1699554097\n|switch|p2b: Basculegion|Basculegion, M|100\/100\n|turn|2\n|\n|t:|1699554113\n|move|p1a: Zygarde|Extreme Speed|p2a: Naganadel\n|-damage|p2a: Naganadel|0 fnt\n|faint|p2a: Naganadel\n|move|p2b: Basculegion|Last Respects|p1b: Flutter Mane\n|-supereffective|p1b: Flutter Mane\n|-damage|p1b: Flutter Mane|0 fnt\n|faint|p1b: Flutter Mane\n|-end|p1b: Flutter Mane|Protosynthesis|[silent]\n|\n|-heal|p1a: Zygarde|22\/100|[from] item: Leftovers\n|upkeep\n|\n|t:|1699554132\n|switch|p2a: Chi-Yu|Chi-Yu|100\/100\n|switch|p1b: Tornadus|Tornadus, M, shiny|100\/100\n|-ability|p2a: Chi-Yu|Beads of Ruin\n|turn|3\n|\n|t:|1699554157\n|move|p1b: Tornadus|Tailwind|p1b: Tornadus\n|-sidestart|p1: orange overhaul|move: Tailwind\n|move|p2b: Basculegion|Last Respects|p1b: Tornadus\n|-enditem|p1b: Tornadus|Focus Sash\n|-damage|p1b: Tornadus|1\/100\n|move|p2a: Chi-Yu|Snarl|p1a: Zygarde|[spread] p1a,p1b\n|-damage|p1a: Zygarde|0 fnt\n|-damage|p1b: Tornadus|0 fnt\n|faint|p1a: Zygarde\n|faint|p1b: Tornadus\n|\n|upkeep\n|\n|t:|1699554169\n|switch|p1b: Rillaboom|Rillaboom, M|100\/100\n|switch|p1a: Zamazenta|Zamazenta, shiny|100\/100\n|-ability|p1a: Zamazenta|Dauntless Shield|boost\n|-boost|p1a: Zamazenta|def|1\n|-fieldstart|move: Grassy Terrain|[from] ability: Grassy Surge|[of] p1b: Rillaboom\n|turn|4\n|\n|t:|1699554189\n|switch|p2a: Indeedee|Indeedee-F, F|100\/100\n|-fieldstart|move: Psychic Terrain|[from] ability: Psychic Surge|[of] p2a: Indeedee\n|move|p1b: Rillaboom|Fake Out|p2a: Indeedee\n|-activate|p2a: Indeedee|move: Psychic Terrain\n|move|p2b: Basculegion|Last Respects|p1b: Rillaboom\n|-damage|p1b: Rillaboom|8\/100\n|move|p1a: Zamazenta|Crunch|p2b: Basculegion\n|-supereffective|p2b: Basculegion\n|-damage|p2b: Basculegion|0 fnt\n|faint|p2b: Basculegion\n|\n|-sideend|p2: ratpacker|move: Tailwind\n|upkeep\n|\n|t:|1699554218\n|switch|p2b: Amoonguss|Amoonguss, M|100\/100\n|turn|5\n|\n|t:|1699554230\n|move|p1a: Zamazenta|Crunch|p2b: Amoonguss\n|-crit|p2b: Amoonguss\n|-damage|p2b: Amoonguss|53\/100\n|move|p1b: Rillaboom|U-turn|p2b: Amoonguss\n|-damage|p2b: Amoonguss|32\/100\n|-enditem|p2b: Amoonguss|Sitrus Berry|[eat]\n|-heal|p2b: Amoonguss|57\/100|[from] item: Sitrus Berry\n|\n|t:|1699554236\n|switch|p1b: Typhlosion|Typhlosion-Hisui, M, shiny|100\/100|[from] U-turn\n|move|p2a: Indeedee|Expanding Force|p1b: Typhlosion|[spread] p1a,p1b\n|-supereffective|p1a: Zamazenta\n|-damage|p1a: Zamazenta|23\/100\n|-damage|p1b: Typhlosion|46\/100\n|move|p2b: Amoonguss|Spore|p1a: Zamazenta\n|-status|p1a: Zamazenta|slp|[from] move: Spore\n|\n|upkeep\n|turn|6\n|inactive|ratpacker has 120 seconds left.\n|\n|t:|1699554267\n|-terastallize|p1b: Typhlosion|Fire\n|-terastallize|p2b: Amoonguss|Rock\n|move|p2a: Indeedee|Follow Me|p2a: Indeedee\n|-singleturn|p2a: Indeedee|move: Follow Me\n|cant|p1a: Zamazenta|slp\n|move|p1b: Typhlosion|Eruption|p2a: Indeedee|[spread] p2a,p2b\n|-resisted|p2b: Amoonguss\n|-damage|p2a: Indeedee|53\/100\n|-damage|p2b: Amoonguss|34\/100\n|-enditem|p2a: Indeedee|Eject Button\n|inactive|ratpacker has 120 seconds left.\n|\n|t:|1699554275\n|switch|p2a: Chi-Yu|Chi-Yu|100\/100\n|-ability|p2a: Chi-Yu|Beads of Ruin\n|move|p2b: Amoonguss|Spore|p1b: Typhlosion\n|-status|p1b: Typhlosion|slp|[from] move: Spore\n|\n|-sideend|p1: orange overhaul|move: Tailwind\n|upkeep\n|turn|7\n|\n|t:|1699554293\n|move|p2b: Amoonguss|Rage Powder|p2b: Amoonguss\n|-singleturn|p2b: Amoonguss|move: Rage Powder\n|cant|p1a: Zamazenta|slp\n|move|p2a: Chi-Yu|Heat Wave|p1a: Zamazenta|[spread] p1a,p1b\n|-resisted|p1b: Typhlosion\n|-damage|p1a: Zamazenta|0 fnt\n|-damage|p1b: Typhlosion|13\/100 slp\n|faint|p1a: Zamazenta\n|cant|p1b: Typhlosion|slp\n|\n|upkeep\n|\n|t:|1699554297\n|switch|p1a: Rillaboom|Rillaboom, M|8\/100\n|-fieldstart|move: Grassy Terrain|[from] ability: Grassy Surge|[of] p1a: Rillaboom\n|turn|8\n|\n|t:|1699554303\n|move|p1a: Rillaboom|Fake Out|p2a: Chi-Yu\n|-damage|p2a: Chi-Yu|77\/100\n|cant|p2a: Chi-Yu|flinch\n|-curestatus|p1b: Typhlosion|slp|[msg]\n|move|p1b: Typhlosion|Eruption|p2b: Amoonguss|[spread] p2a,p2b\n|-resisted|p2a: Chi-Yu\n|-resisted|p2b: Amoonguss\n|-damage|p2a: Chi-Yu|71\/100\n|-damage|p2b: Amoonguss|22\/100\n|move|p2b: Amoonguss|Pollen Puff|p1a: Rillaboom\n|-supereffective|p1a: Rillaboom\n|-damage|p1a: Rillaboom|0 fnt\n|faint|p1a: Rillaboom\n|\n|-heal|p2a: Chi-Yu|77\/100|[from] Grassy Terrain\n|-heal|p1b: Typhlosion|19\/100|[from] Grassy Terrain\n|-heal|p2b: Amoonguss|28\/100|[from] Grassy Terrain\n|upkeep\n|turn|9\n|\n|t:|1699554310\n|move|p2a: Chi-Yu|Snarl|p1b: Typhlosion\n|-damage|p1b: Typhlosion|0 fnt\n|faint|p1b: Typhlosion\n|\n|win|ratpacker\n|raw|orange overhaul's rating: 1538 &rarr; <strong>1529<\/strong><br \/>(-9 for losing)\n|raw|ratpacker's rating: 1744 &rarr; <strong>1753<\/strong><br \/>(+9 for winning)\n|c|\u2606orange overhaul|gg\n|c|\u2606ratpacker|gg\n|l|\u2606ratpacker\n","uploadtime":1699554416,"views":16,"p1id":"orangeoverhaul","p2id":"ratpacker","formatid":"gen9nationaldexdoubles","rating":1529,"private":0,"password":""}