{"id":"gen9nationaldexdoubles-1997234064","p1":"Vaporstar07","p2":"Inkubone","format":"[Gen 9] National Dex Doubles","log":"|j|\u2606Vaporstar07\n|j|\u2606Inkubone\n|t:|1700778553\n|gametype|doubles\n|player|p1|Vaporstar07|caitlin|1164\n|player|p2|Inkubone|1|1308\n|teamsize|p1|6\n|teamsize|p2|6\n|gen|9\n|tier|[Gen 9] National Dex Doubles\n|rated|\n|rule|HP Percentage Mod: HP is shown in percentages\n|rule|Endless Battle Clause: Forcing endless battles is banned\n|rule|OHKO Clause: OHKO moves are banned\n|rule|Evasion Moves Clause: Evasion moves are banned\n|rule|Evasion Abilities Clause: Evasion abilities are banned\n|rule|Species Clause: Limit one of each Pok\u00e9mon\n|rule|Gravity Sleep Clause: The combination of sleep-inducing moves with imperfect accuracy and Gravity or Gigantamax Orbeetle are banned\n|clearpoke\n|poke|p1|Infernape, F|\n|poke|p1|Sylveon, M|\n|poke|p1|Chien-Pao|\n|poke|p1|Umbreon, F|\n|poke|p1|Volcarona, F|\n|poke|p1|Greninja-*, M|\n|poke|p2|Delcatty, F|\n|poke|p2|Golem-Alola, M|\n|poke|p2|Aurorus, F|\n|poke|p2|Pinsir, M|\n|poke|p2|Sylveon, F|\n|poke|p2|Amaura, F|\n|teampreview\n|\n|t:|1700778573\n|start\n|switch|p1a: Volcarona|Volcarona, F, shiny|100\/100\n|switch|p1b: Chien-Pao|Chien-Pao|100\/100\n|switch|p2a: Aurora|Amaura, F|100\/100\n|switch|p2b: Flag|Sylveon, F, shiny|100\/100\n|-ability|p1b: Chien-Pao|Sword of Ruin\n|-weather|Snow|[from] ability: Snow Warning|[of] p2a: Aurora\n|turn|1\n|c|\u2606Vaporstar07|This is an odd looking team. Let's see what you got up your sleeves :)\n|\n|t:|1700778605\n|move|p1b: Chien-Pao|Ice Spinner|p2b: Flag\n|-damage|p2b: Flag|0 fnt\n|faint|p2b: Flag\n|move|p1a: Volcarona|Heat Wave|p2a: Aurora\n|-damage|p2a: Aurora|68\/100\n|move|p2a: Aurora|Aurora Veil|p2a: Aurora\n|-sidestart|p2: Inkubone|move: Aurora Veil\n|\n|-weather|Snow|[upkeep]\n|upkeep\n|c|\u2606Inkubone|Nothing much really\n|\n|t:|1700778620\n|switch|p2b: Joke|Golem-Alola, M|100\/100\n|turn|2\n|\n|t:|1700778651\n|switch|p1b: Umbreon|Umbreon, F, shiny|100\/100\n|-terastallize|p2b: Joke|Ice\n|move|p1a: Volcarona|Quiver Dance|p1a: Volcarona\n|-boost|p1a: Volcarona|spa|1\n|-boost|p1a: Volcarona|spd|1\n|-boost|p1a: Volcarona|spe|1\n|move|p2a: Aurora|Stealth Rock|p1b: Umbreon\n|-sidestart|p1: Vaporstar07|move: Stealth Rock\n|move|p2b: Joke|Rock Slide|p1b: Umbreon|[spread] p1a,p1b\n|-supereffective|p1a: Volcarona\n|-enditem|p1a: Volcarona|Focus Sash\n|-damage|p1a: Volcarona|1\/100\n|-damage|p1b: Umbreon|82\/100\n|\n|-weather|Snow|[upkeep]\n|upkeep\n|turn|3\n|c|\u2606Inkubone|It\u2019s just based on abilities\n|c|\u2606Vaporstar07|oh?\n|\n|t:|1700778676\n|switch|p2b: BoreALISS|Aurorus, F, shiny|100\/100\n|move|p1b: Umbreon|Protect|p1b: Umbreon\n|-singleturn|p1b: Umbreon|Protect\n|move|p1a: Volcarona|Heat Wave|p2b: BoreALISS|[spread] p2a,p2b\n|-crit|p2b: BoreALISS\n|-damage|p2a: Aurora|42\/100\n|-damage|p2b: BoreALISS|21\/100\n|move|p2a: Aurora|Toxic|p1b: Umbreon\n|-activate|p1b: Umbreon|move: Protect\n|\n|-weather|Snow|[upkeep]\n|upkeep\n|turn|4\n|\n|t:|1700778696\n|move|p1a: Volcarona|Heat Wave|p2a: Aurora|[spread] p2a,p2b\n|-damage|p2a: Aurora|17\/100\n|-damage|p2b: BoreALISS|0 fnt\n|faint|p2b: BoreALISS\n|move|p1b: Umbreon|Foul Play|p2a: Aurora\n|-damage|p2a: Aurora|8\/100\n|move|p2a: Aurora|Toxic|p1b: Umbreon\n|-status|p1b: Umbreon|tox\n|-activate|p1b: Umbreon|ability: Synchronize\n|-status|p2a: Aurora|tox\n|\n|-weather|Snow|[upkeep]\n|-damage|p1b: Umbreon|76\/100 tox|[from] psn\n|-damage|p2a: Aurora|2\/100 tox|[from] psn\n|upkeep\n|c|\u2606Inkubone|Pixilated and ll\n|c|\u2606Inkubone|all\n|c|\u2606Vaporstar07|Ah\n|\n|t:|1700778715\n|switch|p2b: Fly|Pinsir, M|100\/100\n|turn|5\n|\n|t:|1700778729\n|switch|p2a: ADelly|Delcatty, F|100\/100\n|move|p2b: Fly|Quick Attack|p1a: Volcarona\n|-damage|p1a: Volcarona|0 fnt\n|faint|p1a: Volcarona\n|-ability|p2b: Fly|Moxie|boost\n|-boost|p2b: Fly|atk|1\n|move|p1b: Umbreon|Wish|p1b: Umbreon\n|\n|-weather|none\n|-damage|p1b: Umbreon|64\/100 tox|[from] psn\n|-sideend|p2: Inkubone|move: Aurora Veil\n|upkeep\n|\n|t:|1700778755\n|switch|p1a: Chien-Pao|Chien-Pao|100\/100\n|-damage|p1a: Chien-Pao|76\/100|[from] Stealth Rock\n|-ability|p1a: Chien-Pao|Sword of Ruin\n|turn|6\n|\n|t:|1700778780\n|detailschange|p2b: Fly|Pinsir-Mega, M\n|-mega|p2b: Fly|Pinsir|Pinsirite\n|move|p2a: ADelly|Fake Out|p1b: Umbreon\n|-damage|p1b: Umbreon|50\/100 tox\n|move|p2b: Fly|Quick Attack|p1a: Chien-Pao\n|-damage|p1a: Chien-Pao|19\/100\n|move|p1a: Chien-Pao|Sacred Sword|p2a: ADelly\n|-supereffective|p2a: ADelly\n|-damage|p2a: ADelly|0 fnt\n|faint|p2a: ADelly\n|cant|p1b: Umbreon|flinch\n|\n|-heal|p1b: Umbreon|99\/100 tox|[from] move: Wish|[wisher] Umbreon\n|-damage|p1b: Umbreon|82\/100 tox|[from] psn\n|upkeep\n|\n|t:|1700778797\n|switch|p2a: Aurora|Amaura, F|2\/100 tox\n|-weather|Snow|[from] ability: Snow Warning|[of] p2a: Aurora\n|turn|7\n|\n|t:|1700778830\n|switch|p1a: Sylveon|Sylveon, M|100\/100\n|-damage|p1a: Sylveon|88\/100|[from] Stealth Rock\n|move|p2b: Fly|Quick Attack|p1a: Sylveon\n|-damage|p1a: Sylveon|42\/100\n|move|p1b: Umbreon|Foul Play|p2b: Fly\n|-damage|p2b: Fly|0 fnt\n|faint|p2b: Fly\n|move|p2a: Aurora|Aurora Veil|p2a: Aurora\n|-sidestart|p2: Inkubone|move: Aurora Veil\n|\n|-weather|Snow|[upkeep]\n|-damage|p1b: Umbreon|58\/100 tox|[from] psn\n|-damage|p2a: Aurora|0 fnt|[from] psn\n|faint|p2a: Aurora\n|upkeep\n|\n|t:|1700778837\n|switch|p2b: Joke|Golem-Alola, M, tera:Ice|100\/100\n|turn|8\n|\n|t:|1700778858\n|move|p1b: Umbreon|Wish|p1b: Umbreon\n|move|p1a: Sylveon|Hyper Voice|p2b: Joke\n|-damage|p2b: Joke|65\/100\n|move|p2b: Joke|Tera Blast|p1b: Umbreon|[anim] Tera Blast Ice\n|-damage|p1b: Umbreon|31\/100 tox\n|\n|-weather|Snow|[upkeep]\n|-damage|p1b: Umbreon|1\/100 tox|[from] psn\n|upkeep\n|turn|9\n|c|\u2606Vaporstar07|2 HP\n|\n|t:|1700778881\n|move|p1b: Umbreon|Foul Play|p2b: Joke\n|-damage|p2b: Joke|44\/100\n|move|p1a: Sylveon|Hyper Voice|p2b: Joke\n|-damage|p2b: Joke|11\/100\n|move|p2b: Joke|Tera Blast|p1a: Sylveon|[anim] Tera Blast Ice\n|-damage|p1a: Sylveon|0 fnt\n|faint|p1a: Sylveon\n|\n|-weather|Snow|[upkeep]\n|-heal|p1b: Umbreon|51\/100 tox|[from] move: Wish|[wisher] Umbreon\n|-damage|p1b: Umbreon|14\/100 tox|[from] psn\n|upkeep\n|c|\u2606Inkubone|Dam\n|c|\u2606Inkubone|Gg\n|\n|t:|1700778896\n|switch|p1a: Greninja|Greninja, M, shiny|100\/100\n|-damage|p1a: Greninja|88\/100|[from] Stealth Rock\n|turn|10\n|c|\u2606Vaporstar07|gg\n|\n|t:|1700778904\n|move|p1b: Umbreon|Protect|p1b: Umbreon\n|-singleturn|p1b: Umbreon|Protect\n|move|p1a: Greninja|Water Shuriken|p2b: Joke\n|-damage|p2b: Joke|7\/100\n|-damage|p2b: Joke|3\/100\n|-damage|p2b: Joke|0 fnt\n|faint|p2b: Joke\n|-hitcount|p2: Joke|3\n|\n|win|Vaporstar07\n|raw|Vaporstar07's rating: 1164 &rarr; <strong>1199<\/strong><br \/>(+35 for winning)\n|raw|Inkubone's rating: 1308 &rarr; <strong>1280<\/strong><br \/>(-28 for losing)\n|l|\u2606Inkubone\n","uploadtime":1700778922,"views":1,"p1id":"vaporstar07","p2id":"inkubone","formatid":"gen9nationaldexdoubles","rating":1199,"private":0,"password":""}