{"id":"gen9nationaldexdoubles-1973564736","p1":"the maraculous","p2":"UrBlastingOffAgain","format":"[Gen 9] National Dex Doubles","log":"|j|\u2606the maraculous\n|j|\u2606UrBlastingOffAgain\n|t:|1697991296\n|gametype|doubles\n|player|p1|the maraculous|dragontamer|1400\n|player|p2|UrBlastingOffAgain|2|1158\n|teamsize|p1|6\n|teamsize|p2|5\n|gen|9\n|tier|[Gen 9] National Dex Doubles\n|rated|\n|rule|HP Percentage Mod: HP is shown in percentages\n|rule|Endless Battle Clause: Forcing endless battles is banned\n|rule|OHKO Clause: OHKO moves are banned\n|rule|Evasion Moves Clause: Evasion moves are banned\n|rule|Evasion Abilities Clause: Evasion abilities are banned\n|rule|Species Clause: Limit one of each Pok\u00e9mon\n|rule|Gravity Sleep Clause: The combination of sleep-inducing moves with imperfect accuracy and Gravity or Gigantamax Orbeetle are banned\n|clearpoke\n|poke|p1|Xurkitree|\n|poke|p1|Iron Valiant|\n|poke|p1|Chandelure, F|\n|poke|p1|Landorus-Therian, M|\n|poke|p1|Kartana|\n|poke|p1|Farigiraf, F|\n|poke|p2|Regidrago|\n|poke|p2|Shuckle, M|\n|poke|p2|Cresselia, F|\n|poke|p2|Tapu Bulu|\n|poke|p2|Rillaboom, M|\n|teampreview\n|inactive|Battle timer is ON: inactive players will automatically lose when time's up. (requested by UrBlastingOffAgain)\n|\n|t:|1697991309\n|start\n|switch|p1a: Iron Valiant|Iron Valiant|100\/100\n|switch|p1b: Landorus|Landorus-Therian, M|100\/100\n|switch|p2a: Shuckle|Shuckle, M|100\/100\n|switch|p2b: Cresselia|Cresselia, F|100\/100\n|-ability|p1b: Landorus|Intimidate|boost\n|-unboost|p2a: Shuckle|atk|1\n|-unboost|p2b: Cresselia|atk|1\n|turn|1\n|\n|t:|1697991324\n|move|p2a: Shuckle|Protect|p2a: Shuckle\n|-singleturn|p2a: Shuckle|Protect\n|move|p1a: Iron Valiant|Moonblast|p2a: Shuckle\n|-activate|p2a: Shuckle|move: Protect\n|move|p1b: Landorus|Rock Slide|p2a: Shuckle|[spread] p2b\n|-activate|p2a: Shuckle|move: Protect\n|-damage|p2b: Cresselia|87\/100\n|cant|p2b: Cresselia|flinch\n|\n|upkeep\n|turn|2\n|\n|t:|1697991353\n|move|p1a: Iron Valiant|Moonblast|p2a: Shuckle\n|-damage|p2a: Shuckle|62\/100\n|-damage|p1a: Iron Valiant|91\/100|[from] item: Life Orb\n|move|p1b: Landorus|U-turn|p2b: Cresselia\n|-supereffective|p2b: Cresselia\n|-damage|p2b: Cresselia|54\/100\n|\n|t:|1697991365\n|switch|p1b: Farigiraf|Farigiraf, F|100\/100|[from] U-turn\n|move|p2a: Shuckle|Power Split|p1a: Iron Valiant\n|-activate|p2a: Shuckle|move: Power Split|[of] p1a: Iron Valiant\n|move|p2b: Cresselia|Trick Room|p2b: Cresselia\n|-fieldstart|move: Trick Room|[of] p2b: Cresselia\n|\n|upkeep\n|turn|3\n|\n|t:|1697991378\n|switch|p2b: Regidrago|Regidrago|100\/100\n|move|p1a: Iron Valiant|Wide Guard|p1a: Iron Valiant\n|-singleturn|p1a: Iron Valiant|Wide Guard\n|move|p2a: Shuckle|Guard Split|p2b: Regidrago\n|-activate|p2a: Shuckle|move: Guard Split|[of] p2b: Regidrago\n|move|p1b: Farigiraf|Hyper Voice|p2a: Shuckle|[spread] p2a,p2b\n|-resisted|p2a: Shuckle\n|-damage|p2a: Shuckle|40\/100\n|-damage|p2b: Regidrago|88\/100\n|\n|-heal|p2b: Regidrago|94\/100|[from] item: Leftovers\n|upkeep\n|turn|4\n|\n|t:|1697991402\n|switch|p2a: Rillaboom|Rillaboom, M|100\/100\n|-fieldstart|move: Grassy Terrain|[from] ability: Grassy Surge|[of] p2a: Rillaboom\n|-terastallize|p1b: Farigiraf|Normal\n|-terastallize|p2b: Regidrago|Dragon\n|move|p1a: Iron Valiant|Wide Guard|p1a: Iron Valiant\n|-singleturn|p1a: Iron Valiant|Wide Guard\n|move|p1b: Farigiraf|Hyper Voice|p2b: Regidrago|[spread] p2a,p2b\n|-damage|p2a: Rillaboom|51\/100\n|-damage|p2b: Regidrago|76\/100\n|move|p2b: Regidrago|Dragon Energy|p1a: Iron Valiant|[spread] \n|-activate|p1a: Iron Valiant|move: Wide Guard\n|-activate|p1b: Farigiraf|move: Wide Guard\n|\n|-heal|p2b: Regidrago|83\/100|[from] Grassy Terrain\n|-heal|p2b: Regidrago|89\/100|[from] item: Leftovers\n|-heal|p2a: Rillaboom|58\/100|[from] Grassy Terrain\n|-heal|p1a: Iron Valiant|97\/100|[from] Grassy Terrain\n|upkeep\n|turn|5\n|\n|t:|1697991426\n|move|p2a: Rillaboom|Fake Out||[still]\n|cant|p1b: Farigiraf|ability: Armor Tail|Fake Out|[of] p2a: Rillaboom\n|move|p1a: Iron Valiant|Wide Guard|p1a: Iron Valiant\n|-singleturn|p1a: Iron Valiant|Wide Guard\n|move|p1b: Farigiraf|Nasty Plot|p1b: Farigiraf\n|-boost|p1b: Farigiraf|spa|2\n|move|p2b: Regidrago|Dragon Energy|p1a: Iron Valiant|[spread] \n|-activate|p1a: Iron Valiant|move: Wide Guard\n|-activate|p1b: Farigiraf|move: Wide Guard\n|\n|-heal|p2b: Regidrago|95\/100|[from] Grassy Terrain\n|-heal|p2b: Regidrago|100\/100|[from] item: Leftovers\n|-heal|p2a: Rillaboom|64\/100|[from] Grassy Terrain\n|-heal|p1a: Iron Valiant|100\/100|[from] Grassy Terrain\n|upkeep\n|turn|6\n|\n|t:|1697991453\n|move|p1a: Iron Valiant|Wide Guard|p1a: Iron Valiant\n|-singleturn|p1a: Iron Valiant|Wide Guard\n|move|p1b: Farigiraf|Hyper Voice|p2b: Regidrago|[spread] p2a,p2b\n|-damage|p2a: Rillaboom|0 fnt\n|-damage|p2b: Regidrago|68\/100\n|faint|p2a: Rillaboom\n|move|p2b: Regidrago|Substitute|p2b: Regidrago\n|-start|p2b: Regidrago|Substitute\n|-damage|p2b: Regidrago|43\/100\n|\n|-heal|p2b: Regidrago|49\/100|[from] Grassy Terrain\n|-heal|p2b: Regidrago|55\/100|[from] item: Leftovers\n|-fieldend|move: Trick Room\n|upkeep\n|\n|t:|1697991462\n|switch|p2a: Tapu Bulu|Tapu Bulu|100\/100\n|turn|7\n|\n|t:|1697991482\n|move|p1a: Iron Valiant|Moonblast|p2b: Regidrago\n|-supereffective|p2b: Regidrago\n|-activate|p2b: Regidrago|move: Substitute|[damage]\n|-damage|p1a: Iron Valiant|91\/100|[from] item: Life Orb\n|move|p2b: Regidrago|Rest|p2b: Regidrago\n|-status|p2b: Regidrago|slp|[from] move: Rest\n|-heal|p2b: Regidrago|100\/100 slp|[silent]\n|move|p2a: Tapu Bulu|Horn Leech|p1a: Iron Valiant\n|-damage|p1a: Iron Valiant|12\/100\n|move|p1b: Farigiraf|Hyper Voice|p2a: Tapu Bulu|[spread] p2a,p2b\n|-damage|p2a: Tapu Bulu|7\/100\n|-damage|p2b: Regidrago|68\/100 slp\n|\n|-heal|p1a: Iron Valiant|18\/100|[from] Grassy Terrain\n|-heal|p2b: Regidrago|74\/100 slp|[from] Grassy Terrain\n|-heal|p2b: Regidrago|80\/100 slp|[from] item: Leftovers\n|-heal|p2a: Tapu Bulu|13\/100|[from] Grassy Terrain\n|-heal|p2a: Tapu Bulu|19\/100|[from] item: Leftovers\n|upkeep\n|turn|8\n|\n|t:|1697991508\n|move|p1a: Iron Valiant|Moonblast|p2a: Tapu Bulu\n|-damage|p2a: Tapu Bulu|0 fnt\n|faint|p2a: Tapu Bulu\n|-damage|p1a: Iron Valiant|8\/100|[from] item: Life Orb\n|cant|p2b: Regidrago|slp\n|move|p2b: Regidrago|Sleep Talk|p2b: Regidrago\n|move|p2b: Regidrago|Substitute|p2b: Regidrago|[from]move: Sleep Talk\n|-fail|p2b: Regidrago|move: Substitute\n|move|p1b: Farigiraf|Nasty Plot|p1b: Farigiraf\n|-boost|p1b: Farigiraf|spa|2\n|\n|-heal|p1a: Iron Valiant|15\/100|[from] Grassy Terrain\n|-heal|p2b: Regidrago|86\/100 slp|[from] Grassy Terrain\n|-heal|p2b: Regidrago|93\/100 slp|[from] item: Leftovers\n|-fieldend|move: Grassy Terrain\n|upkeep\n|inactive|UrBlastingOffAgain has 120 seconds left.\n|\n|t:|1697991520\n|switch|p2a: Cresselia|Cresselia, F|54\/100\n|turn|9\n|\n|t:|1697991531\n|-end|p1a: Iron Valiant|Quark Drive|[silent]\n|switch|p1a: Chandelure|Chandelure, F|100\/100\n|-item|p1a: Chandelure|Air Balloon\n|move|p2a: Cresselia|Psychic|p1a: Chandelure\n|-damage|p1a: Chandelure|70\/100\n|-unboost|p1a: Chandelure|spd|1\n|-enditem|p1a: Chandelure|Air Balloon\n|cant|p2b: Regidrago|slp\n|move|p2b: Regidrago|Sleep Talk|p2b: Regidrago\n|move|p2b: Regidrago|Dragon Energy|p1a: Chandelure|[from]move: Sleep Talk|[spread] p1a,p1b\n|-damage|p1a: Chandelure|0 fnt\n|-damage|p1b: Farigiraf|0 fnt\n|faint|p1a: Chandelure\n|faint|p1b: Farigiraf\n|\n|-heal|p2b: Regidrago|99\/100 slp|[from] item: Leftovers\n|upkeep\n|\n|t:|1697991550\n|switch|p1a: Xurkitree|Xurkitree|100\/100\n|switch|p1b: Landorus|Landorus-Therian, M|100\/100\n|-ability|p1b: Landorus|Intimidate|boost\n|-unboost|p2a: Cresselia|atk|1\n|-immune|p2b: Regidrago\n|turn|10\n|\n|t:|1697991571\n|-zpower|p1a: Xurkitree\n|move|p1a: Xurkitree|Gigavolt Havoc|p2a: Cresselia|[zeffect]\n|-damage|p2a: Cresselia|5\/100\n|move|p1b: Landorus|Knock Off|p2a: Cresselia\n|-supereffective|p2a: Cresselia\n|-damage|p2a: Cresselia|0 fnt\n|-enditem|p2a: Cresselia|Mental Herb|[from] move: Knock Off|[of] p1b: Landorus\n|faint|p2a: Cresselia\n|-curestatus|p2b: Regidrago|slp|[msg]\n|move|p2b: Regidrago|Dragon Energy|p1a: Xurkitree|[spread] p1a,p1b\n|-damage|p1a: Xurkitree|0 fnt\n|-damage|p1b: Landorus|29\/100\n|faint|p1a: Xurkitree\n|\n|-heal|p2b: Regidrago|100\/100|[from] item: Leftovers\n|upkeep\n|\n|t:|1697991583\n|switch|p1a: Kartana|Kartana|100\/100\n|switch|p2a: Shuckle|Shuckle, M|40\/100\n|turn|11\n|\n|t:|1697991596\n|move|p2a: Shuckle|Protect|p2a: Shuckle\n|-singleturn|p2a: Shuckle|Protect\n|move|p1a: Kartana|Smart Strike|p2b: Regidrago\n|-end|p2b: Regidrago|Substitute\n|move|p1b: Landorus|Stomping Tantrum|p2b: Regidrago\n|-damage|p2b: Regidrago|84\/100\n|move|p2b: Regidrago|Dragon Energy|p1b: Landorus|[spread] p1a,p1b\n|-resisted|p1a: Kartana\n|-enditem|p1a: Kartana|Focus Sash\n|-damage|p1a: Kartana|1\/100\n|-damage|p1b: Landorus|0 fnt\n|faint|p1b: Landorus\n|\n|-heal|p2b: Regidrago|90\/100|[from] item: Leftovers\n|upkeep\n|\n|t:|1697991598\n|switch|p1b: Iron Valiant|Iron Valiant|15\/100\n|turn|12\n|-message|UrBlastingOffAgain forfeited.\n|\n|win|the maraculous\n|raw|the maraculous's rating: 1400 &rarr; <strong>1408<\/strong><br \/>(+8 for winning)\n|raw|UrBlastingOffAgain's rating: 1158 &rarr; <strong>1148<\/strong><br \/>(-10 for losing)\n|l|\u2606UrBlastingOffAgain\n","uploadtime":1697991622,"views":6,"p1id":"themaraculous","p2id":"urblastingoffagain","formatid":"gen9nationaldexdoubles","rating":1148,"private":0,"password":""}