{"id":"gen9nationaldexdoubles-1988038561","p1":"xephos223","p2":"DoomedTaurus","format":"[Gen 9] National Dex Doubles","log":"|j|\u2606xephos223\n|j|\u2606DoomedTaurus\n|t:|1699662064\n|gametype|doubles\n|player|p1|xephos223|gambler|\n|player|p2|DoomedTaurus|steven|\n|teamsize|p1|6\n|teamsize|p2|6\n|gen|9\n|tier|[Gen 9] National Dex Doubles\n|rule|HP Percentage Mod: HP is shown in percentages\n|rule|Endless Battle Clause: Forcing endless battles is banned\n|rule|OHKO Clause: OHKO moves are banned\n|rule|Evasion Moves Clause: Evasion moves are banned\n|rule|Evasion Abilities Clause: Evasion abilities are banned\n|rule|Species Clause: Limit one of each Pok\u00e9mon\n|rule|Gravity Sleep Clause: The combination of sleep-inducing moves with imperfect accuracy and Gravity or Gigantamax Orbeetle are banned\n|clearpoke\n|poke|p1|Gallade, M|\n|poke|p1|Ceruledge, F|\n|poke|p1|Iron Moth|\n|poke|p1|Raichu-Alola, M|\n|poke|p1|Decidueye, F|\n|poke|p1|Toxapex, F|\n|poke|p2|Keldeo-Resolute|\n|poke|p2|Gyarados, M|\n|poke|p2|Cloyster, M|\n|poke|p2|Ludicolo, F|\n|poke|p2|Slowking, F|\n|poke|p2|Wailord, F|\n|teampreview\n|\n|t:|1699662074\n|start\n|switch|p1a: Iron Moth|Iron Moth|100\/100\n|switch|p1b: Ceruledge|Ceruledge, F, shiny|100\/100\n|switch|p2a: Ludicolo|Ludicolo, F|100\/100\n|switch|p2b: Gyarados|Gyarados, M|100\/100\n|-enditem|p1a: Iron Moth|Booster Energy\n|-activate|p1a: Iron Moth|ability: Quark Drive|[fromitem]\n|-start|p1a: Iron Moth|quarkdrivespa\n|turn|1\n|\n|t:|1699662097\n|detailschange|p2b: Gyarados|Gyarados-Mega, M\n|-mega|p2b: Gyarados|Gyarados|Gyaradosite\n|-ability|p2b: Gyarados|Mold Breaker\n|-terastallize|p1b: Ceruledge|Grass\n|move|p1a: Iron Moth|Sunny Day|p1a: Iron Moth\n|-weather|SunnyDay\n|move|p1b: Ceruledge|Solar Blade||[still]\n|-prepare|p1b: Ceruledge|Solar Blade\n|-anim|p1b: Ceruledge|Solar Blade|p2a: Ludicolo\n|-damage|p2a: Ludicolo|4\/100\n|move|p2b: Gyarados|Waterfall|p1a: Iron Moth\n|-supereffective|p1a: Iron Moth\n|-damage|p1a: Iron Moth|16\/100\n|move|p2a: Ludicolo|Hydro Pump|p1a: Iron Moth\n|-supereffective|p1a: Iron Moth\n|-damage|p1a: Iron Moth|0 fnt\n|faint|p1a: Iron Moth\n|-end|p1a: Iron Moth|Quark Drive|[silent]\n|\n|-weather|SunnyDay|[upkeep]\n|upkeep\n|\n|t:|1699662117\n|switch|p1a: Toxapex|Toxapex, F|100\/100\n|turn|2\n|\n|t:|1699662138\n|move|p1b: Ceruledge|Solar Blade||[still]\n|-prepare|p1b: Ceruledge|Solar Blade\n|-anim|p1b: Ceruledge|Solar Blade|p2a: Ludicolo\n|-damage|p2a: Ludicolo|0 fnt\n|faint|p2a: Ludicolo\n|move|p2b: Gyarados|Bounce||[still]\n|-prepare|p2b: Gyarados|Bounce\n|move|p1a: Toxapex|Toxic Spikes|p2b: Gyarados\n|-sidestart|p2: DoomedTaurus|move: Toxic Spikes\n|\n|-weather|SunnyDay|[upkeep]\n|upkeep\n|\n|t:|1699662148\n|switch|p2a: Slowking|Slowking, F|100\/100\n|turn|3\n|\n|t:|1699662159\n|move|p1b: Ceruledge|Solar Blade||[still]\n|-prepare|p1b: Ceruledge|Solar Blade\n|-anim|p1b: Ceruledge|Solar Blade|p2a: Slowking\n|-supereffective|p2a: Slowking\n|-damage|p2a: Slowking|8\/100\n|move|p2b: Gyarados|Bounce|p1b: Ceruledge|[from]lockedmove\n|-supereffective|p1b: Ceruledge\n|-damage|p1b: Ceruledge|11\/100\n|-status|p1b: Ceruledge|par\n|-ability|p1b: Ceruledge|Weak Armor|boost\n|-unboost|p1b: Ceruledge|def|1\n|-boost|p1b: Ceruledge|spe|2\n|move|p1a: Toxapex|Toxic Spikes|p2b: Gyarados\n|-sidestart|p2: DoomedTaurus|move: Toxic Spikes\n|move|p2a: Slowking|Psychic|p1a: Toxapex\n|-supereffective|p1a: Toxapex\n|-damage|p1a: Toxapex|52\/100\n|\n|-weather|SunnyDay|[upkeep]\n|-heal|p1a: Toxapex|59\/100|[from] item: Black Sludge\n|upkeep\n|turn|4\n|\n|t:|1699662184\n|move|p1b: Ceruledge|Solar Blade||[still]\n|-prepare|p1b: Ceruledge|Solar Blade\n|-anim|p1b: Ceruledge|Solar Blade|p2b: Gyarados\n|-supereffective|p2b: Gyarados\n|-damage|p2b: Gyarados|0 fnt\n|faint|p2b: Gyarados\n|move|p1a: Toxapex|Scald|p2a: Slowking\n|-resisted|p2a: Slowking\n|-damage|p2a: Slowking|5\/100\n|move|p2a: Slowking|Slack Off|p2a: Slowking\n|-heal|p2a: Slowking|55\/100\n|\n|-weather|SunnyDay|[upkeep]\n|-heal|p1a: Toxapex|65\/100|[from] item: Black Sludge\n|upkeep\n|\n|t:|1699662200\n|switch|p2b: Keldeo|Keldeo-Resolute|100\/100\n|-status|p2b: Keldeo|tox\n|turn|5\n|\n|t:|1699662227\n|move|p2b: Keldeo|Hydro Pump|p1b: Ceruledge|[miss]\n|-miss|p2b: Keldeo|p1b: Ceruledge\n|move|p1b: Ceruledge|Solar Blade||[still]\n|-prepare|p1b: Ceruledge|Solar Blade\n|-anim|p1b: Ceruledge|Solar Blade|p2a: Slowking\n|-supereffective|p2a: Slowking\n|-damage|p2a: Slowking|0 fnt\n|faint|p2a: Slowking\n|move|p1a: Toxapex|Scald|p2b: Keldeo\n|-resisted|p2b: Keldeo\n|-damage|p2b: Keldeo|96\/100 tox\n|\n|-weather|none\n|-heal|p1a: Toxapex|71\/100|[from] item: Black Sludge\n|-damage|p2b: Keldeo|90\/100 tox|[from] psn\n|upkeep\n|\n|t:|1699662242\n|switch|p2a: Cloyster|Cloyster, M|100\/100\n|-status|p2a: Cloyster|tox\n|turn|6\n|\n|t:|1699662254\n|-terastallize|p2b: Keldeo|Steel\n|move|p2b: Keldeo|Hydro Pump|p1a: Toxapex\n|-resisted|p1a: Toxapex\n|-damage|p1a: Toxapex|36\/100\n|move|p1b: Ceruledge|Solar Blade||[still]\n|-prepare|p1b: Ceruledge|Solar Blade\n|move|p2a: Cloyster|Icicle Spear|p1b: Ceruledge\n|-supereffective|p1b: Ceruledge\n|-damage|p1b: Ceruledge|0 fnt\n|faint|p1b: Ceruledge\n|-hitcount|p1: Ceruledge|1\n|move|p1a: Toxapex|Recover|p1a: Toxapex\n|-heal|p1a: Toxapex|86\/100\n|\n|-heal|p1a: Toxapex|92\/100|[from] item: Black Sludge\n|-damage|p2b: Keldeo|78\/100 tox|[from] psn\n|-damage|p2a: Cloyster|94\/100 tox|[from] psn\n|upkeep\n|\n|t:|1699662271\n|switch|p1b: Decidueye|Decidueye, F|100\/100\n|turn|7\n|\n|t:|1699662290\n|move|p1b: Decidueye|Leaf Blade|p2a: Cloyster\n|-supereffective|p2a: Cloyster\n|-damage|p2a: Cloyster|26\/100 tox\n|move|p2b: Keldeo|Hydro Pump|p1b: Decidueye\n|-resisted|p1b: Decidueye\n|-damage|p1b: Decidueye|52\/100\n|move|p2a: Cloyster|Icicle Spear|p1b: Decidueye\n|-supereffective|p1b: Decidueye\n|-damage|p1b: Decidueye|21\/100\n|-supereffective|p1b: Decidueye\n|-damage|p1b: Decidueye|0 fnt\n|faint|p1b: Decidueye\n|-hitcount|p1: Decidueye|2\n|move|p1a: Toxapex|Scald|p2b: Keldeo\n|-damage|p2b: Keldeo|60\/100 tox\n|\n|-heal|p1a: Toxapex|98\/100|[from] item: Black Sludge\n|-damage|p2b: Keldeo|41\/100 tox|[from] psn\n|-damage|p2a: Cloyster|14\/100 tox|[from] psn\n|upkeep\n|\n|t:|1699662308\n|switch|p1b: Gallade|Gallade, M|100\/100\n|turn|8\n|\n|t:|1699662318\n|move|p1b: Gallade|Sacred Sword|p2b: Keldeo\n|-supereffective|p2b: Keldeo\n|-damage|p2b: Keldeo|0 fnt\n|faint|p2b: Keldeo\n|move|p2a: Cloyster|Icicle Spear|p1a: Toxapex\n|-resisted|p1a: Toxapex\n|-damage|p1a: Toxapex|95\/100\n|-resisted|p1a: Toxapex\n|-crit|p1a: Toxapex\n|-damage|p1a: Toxapex|89\/100\n|-resisted|p1a: Toxapex\n|-damage|p1a: Toxapex|86\/100\n|-resisted|p1a: Toxapex\n|-damage|p1a: Toxapex|83\/100\n|-resisted|p1a: Toxapex\n|-damage|p1a: Toxapex|80\/100\n|-hitcount|p1a: Toxapex|5\n|move|p1a: Toxapex|Scald|p2a: Cloyster\n|-resisted|p2a: Cloyster\n|-damage|p2a: Cloyster|0 fnt\n|faint|p2a: Cloyster\n|\n|-heal|p1a: Toxapex|86\/100|[from] item: Black Sludge\n|upkeep\n|\n|t:|1699662342\n|switch|p2b: Wailord|Wailord, F|100\/100\n|-status|p2b: Wailord|tox\n|-ability|p2b: Wailord|Pressure\n|turn|9\n|\n|t:|1699662354\n|move|p1b: Gallade|Sacred Sword|p2b: Wailord\n|-damage|p2b: Wailord|39\/100 tox\n|move|p2b: Wailord|Toxic|p1b: Gallade\n|-status|p1b: Gallade|tox\n|move|p1a: Toxapex|Scald|p2b: Wailord\n|-resisted|p2b: Wailord\n|-damage|p2b: Wailord|33\/100 tox\n|\n|-heal|p2b: Wailord|39\/100 tox|[from] item: Leftovers\n|-heal|p1a: Toxapex|92\/100|[from] item: Black Sludge\n|-damage|p1b: Gallade|94\/100 tox|[from] psn\n|-damage|p2b: Wailord|33\/100 tox|[from] psn\n|upkeep\n|turn|10\n|\n|t:|1699662369\n|move|p2b: Wailord|Protect|p2b: Wailord\n|-singleturn|p2b: Wailord|Protect\n|move|p1b: Gallade|Sacred Sword|p2b: Wailord\n|-activate|p2b: Wailord|move: Protect\n|move|p1a: Toxapex|Scald|p2b: Wailord\n|-activate|p2b: Wailord|move: Protect\n|\n|-heal|p2b: Wailord|39\/100 tox|[from] item: Leftovers\n|-heal|p1a: Toxapex|99\/100|[from] item: Black Sludge\n|-damage|p1b: Gallade|82\/100 tox|[from] psn\n|-damage|p2b: Wailord|26\/100 tox|[from] psn\n|upkeep\n|turn|11\n|\n|t:|1699662395\n|move|p2b: Wailord|Protect||[still]\n|-fail|p2b: Wailord\n|move|p1b: Gallade|Sacred Sword|p2b: Wailord\n|-damage|p2b: Wailord|0 fnt\n|faint|p2b: Wailord\n|\n|win|xephos223\n","uploadtime":1699662405,"views":10,"p1id":"xephos223","p2id":"doomedtaurus","formatid":"gen9nationaldexdoubles","rating":0,"private":0,"password":""}