{"id":"gen9nationaldexdoubles-1982179427","p1":"MikazukiRex_","p2":"decidoustree","format":"[Gen 9] National Dex Doubles","log":"|j|\u2606MikazukiRex_\n|j|\u2606decidoustree\n|t:|1698976150\n|gametype|doubles\n|player|p1|MikazukiRex_|ltsurge|\n|player|p2|decidoustree|veteranf|\n|teamsize|p1|6\n|teamsize|p2|6\n|gen|9\n|tier|[Gen 9] National Dex Doubles\n|rule|HP Percentage Mod: HP is shown in percentages\n|rule|Endless Battle Clause: Forcing endless battles is banned\n|rule|OHKO Clause: OHKO moves are banned\n|rule|Evasion Moves Clause: Evasion moves are banned\n|rule|Evasion Abilities Clause: Evasion abilities are banned\n|rule|Species Clause: Limit one of each Pok\u00e9mon\n|rule|Gravity Sleep Clause: The combination of sleep-inducing moves with imperfect accuracy and Gravity or Gigantamax Orbeetle are banned\n|clearpoke\n|poke|p1|Skeledirge, F|\n|poke|p1|Meowscarada, F|\n|poke|p1|Grimmsnarl, M|\n|poke|p1|Chien-Pao|\n|poke|p1|Garganacl, F|\n|poke|p1|Maushold|\n|poke|p2|Indeedee-F, F|\n|poke|p2|Scolipede, M|\n|poke|p2|Audino, F|\n|poke|p2|Garbodor, M|\n|poke|p2|Aegislash, M|\n|poke|p2|Krookodile, M|\n|teampreview\n|\n|t:|1698976196\n|start\n|switch|p1a: Maushold|Maushold|100\/100\n|switch|p1b: Skeledirge|Skeledirge, F|100\/100\n|switch|p2a: Eye Sword|Aegislash, M|100\/100\n|switch|p2b: Amine|Audino, F|100\/100\n|turn|1\n|\n|t:|1698976229\n|detailschange|p2b: Amine|Audino-Mega, F\n|-mega|p2b: Amine|Audino|Audinite\n|move|p2a: Eye Sword|King's Shield|p2a: Eye Sword\n|-singleturn|p2a: Eye Sword|Protect\n|move|p1a: Maushold|Taunt|p2b: Amine\n|-start|p2b: Amine|move: Taunt\n|move|p1b: Skeledirge|Will-O-Wisp|p2a: Eye Sword\n|-status|p2a: Eye Sword|brn\n|cant|p2b: Amine|move: Taunt|Yawn\n|\n|-damage|p2a: Eye Sword|94\/100 brn|[from] brn\n|upkeep\n|turn|2\n|\n|t:|1698976259\n|move|p1a: Maushold|Taunt|p2a: Eye Sword\n|-start|p2a: Eye Sword|move: Taunt\n|move|p1b: Skeledirge|Torch Song|p2a: Eye Sword\n|-supereffective|p2a: Eye Sword\n|-damage|p2a: Eye Sword|43\/100 brn\n|-boost|p1b: Skeledirge|spa|1\n|-enditem|p2a: Eye Sword|Weakness Policy\n|-boost|p2a: Eye Sword|atk|2|[from] item: Weakness Policy\n|-boost|p2a: Eye Sword|spa|2|[from] item: Weakness Policy\n|-enditem|p1b: Skeledirge|Throat Spray\n|-boost|p1b: Skeledirge|spa|1|[from] item: Throat Spray\n|-formechange|p2a: Eye Sword|Aegislash-Blade||[from] ability: Stance Change\n|move|p2a: Eye Sword|Sacred Sword|p1a: Maushold\n|-supereffective|p1a: Maushold\n|-damage|p1a: Maushold|6\/100\n|move|p2b: Amine|Draining Kiss|p1a: Maushold\n|-damage|p1a: Maushold|0 fnt\n|faint|p1a: Maushold\n|\n|-damage|p2a: Eye Sword|37\/100 brn|[from] brn\n|upkeep\n|\n|t:|1698976280\n|switch|p1a: Grimmsnarl|Grimmsnarl, M|100\/100\n|turn|3\n|\n|t:|1698976311\n|move|p1a: Grimmsnarl|Reflect|p1a: Grimmsnarl\n|-sidestart|p1: MikazukiRex_|Reflect\n|move|p1b: Skeledirge|Torch Song|p2a: Eye Sword\n|-supereffective|p2a: Eye Sword\n|-damage|p2a: Eye Sword|0 fnt\n|-boost|p1b: Skeledirge|spa|1\n|faint|p2a: Eye Sword\n|move|p2b: Amine|Draining Kiss|p1a: Grimmsnarl\n|-supereffective|p1a: Grimmsnarl\n|-damage|p1a: Grimmsnarl|76\/100\n|\n|-end|p2b: Amine|move: Taunt\n|upkeep\n|\n|t:|1698976329\n|switch|p2a: Garbage|Garbodor, M|100\/100\n|turn|4\n|\n|t:|1698976376\n|move|p1a: Grimmsnarl|Light Screen|p1a: Grimmsnarl\n|-sidestart|p1: MikazukiRex_|move: Light Screen\n|move|p2a: Garbage|Rock Blast|p1b: Skeledirge\n|-supereffective|p1b: Skeledirge\n|-damage|p1b: Skeledirge|94\/100\n|-supereffective|p1b: Skeledirge\n|-damage|p1b: Skeledirge|88\/100\n|-supereffective|p1b: Skeledirge\n|-crit|p1b: Skeledirge\n|-damage|p1b: Skeledirge|75\/100\n|-supereffective|p1b: Skeledirge\n|-damage|p1b: Skeledirge|68\/100\n|-hitcount|p1b: Skeledirge|4\n|move|p1b: Skeledirge|Shadow Ball|p2a: Garbage\n|-damage|p2a: Garbage|33\/100\n|-unboost|p2a: Garbage|spd|1\n|move|p2b: Amine|Trick Room|p2b: Amine\n|-fieldstart|move: Trick Room|[of] p2b: Amine\n|\n|-heal|p2a: Garbage|39\/100|[from] item: Black Sludge\n|upkeep\n|turn|5\n|\n|t:|1698976414\n|move|p2b: Amine|Helping Hand|p2a: Garbage\n|-singleturn|p2a: Garbage|Helping Hand|[of] p2b: Amine\n|move|p1a: Grimmsnarl|Spirit Break|p2b: Amine\n|-damage|p2b: Amine|84\/100\n|-unboost|p2b: Amine|spa|1\n|move|p1b: Skeledirge|Torch Song|p2a: Garbage\n|-damage|p2a: Garbage|0 fnt\n|-boost|p1b: Skeledirge|spa|1\n|faint|p2a: Garbage\n|\n|upkeep\n|\n|t:|1698976432\n|switch|p2a: Acidic Chloride|Scolipede, M|100\/100\n|turn|6\n|\n|t:|1698976459\n|-terastallize|p2a: Acidic Chloride|Poison\n|move|p2b: Amine|Helping Hand|p2a: Acidic Chloride\n|-singleturn|p2a: Acidic Chloride|Helping Hand|[of] p2b: Amine\n|move|p1a: Grimmsnarl|Parting Shot|p2a: Acidic Chloride\n|-unboost|p2a: Acidic Chloride|atk|1\n|-unboost|p2a: Acidic Chloride|spa|1\n|\n|t:|1698976479\n|switch|p1a: Garganacl|Garganacl, F|100\/100|[from] Parting Shot\n|move|p1b: Skeledirge|Torch Song|p2a: Acidic Chloride\n|-enditem|p2a: Acidic Chloride|Focus Sash\n|-damage|p2a: Acidic Chloride|1\/100\n|-boost|p1b: Skeledirge|spa|1\n|move|p2a: Acidic Chloride|Earthquake|p1b: Skeledirge|[spread] p2b,p1a,p1b\n|-supereffective|p1a: Garganacl\n|-supereffective|p1b: Skeledirge\n|-damage|p2b: Amine|69\/100\n|-damage|p1a: Garganacl|81\/100\n|-damage|p1b: Skeledirge|33\/100\n|\n|-heal|p1a: Garganacl|87\/100|[from] item: Leftovers\n|-ability|p2a: Acidic Chloride|Speed Boost|boost\n|-boost|p2a: Acidic Chloride|spe|1\n|upkeep\n|turn|7\n|\n|t:|1698976553\n|move|p1a: Garganacl|Salt Cure|p2a: Acidic Chloride\n|-damage|p2a: Acidic Chloride|0 fnt\n|faint|p2a: Acidic Chloride\n|move|p2b: Amine|Yawn|p1a: Garganacl\n|-immune|p1a: Garganacl|[from] ability: Purifying Salt\n|move|p1b: Skeledirge|Slack Off|p1b: Skeledirge\n|-heal|p1b: Skeledirge|83\/100\n|\n|-heal|p1a: Garganacl|93\/100|[from] item: Leftovers\n|upkeep\n|\n|t:|1698976564\n|switch|p2a: Amide|Indeedee-F, F|100\/100\n|-fieldstart|move: Psychic Terrain|[from] ability: Psychic Surge|[of] p2a: Amide\n|turn|8\n|\n|t:|1698976605\n|move|p2b: Amine|Helping Hand|p2a: Amide\n|-singleturn|p2a: Amide|Helping Hand|[of] p2b: Amine\n|move|p1a: Garganacl|Salt Cure|p2b: Amine\n|-damage|p2b: Amine|60\/100\n|-start|p2b: Amine|Salt Cure\n|move|p1b: Skeledirge|Torch Song|p2b: Amine\n|-damage|p2b: Amine|0 fnt\n|-boost|p1b: Skeledirge|spa|1\n|faint|p2b: Amine\n|move|p2a: Amide|Shadow Ball|p1b: Skeledirge\n|-supereffective|p1b: Skeledirge\n|-damage|p1b: Skeledirge|43\/100\n|\n|-heal|p1a: Garganacl|99\/100|[from] item: Leftovers\n|-fieldend|move: Trick Room\n|upkeep\n|\n|t:|1698976622\n|switch|p2b: Ketone|Krookodile, M|100\/100\n|turn|9\n|\n|t:|1698976653\n|-terastallize|p1b: Skeledirge|Grass\n|move|p2b: Ketone|Earthquake|p1b: Skeledirge|[spread] p2a,p1a,p1b\n|-supereffective|p1a: Garganacl\n|-resisted|p1b: Skeledirge\n|-damage|p2a: Amide|61\/100\n|-damage|p1a: Garganacl|71\/100\n|-damage|p1b: Skeledirge|35\/100\n|move|p2a: Amide|Shadow Ball|p1b: Skeledirge\n|-damage|p1b: Skeledirge|21\/100\n|-unboost|p1b: Skeledirge|spd|1\n|move|p1b: Skeledirge|Torch Song|p2a: Amide\n|-damage|p2a: Amide|0 fnt\n|faint|p2a: Amide\n|move|p1a: Garganacl|Iron Defense|p1a: Garganacl\n|-boost|p1a: Garganacl|def|2\n|\n|-heal|p1a: Garganacl|77\/100|[from] item: Leftovers\n|upkeep\n|turn|10\n|\n|t:|1698976697\n|move|p2b: Ketone|Earthquake|p1a: Garganacl|[spread] p1a,p1b\n|-supereffective|p1a: Garganacl\n|-resisted|p1b: Skeledirge\n|-damage|p1a: Garganacl|63\/100\n|-damage|p1b: Skeledirge|12\/100\n|move|p1b: Skeledirge|Torch Song|p2b: Ketone\n|-damage|p2b: Ketone|0 fnt\n|faint|p2b: Ketone\n|\n|win|MikazukiRex_\n|c|\u2606MikazukiRex_|ggs\n|c|\u2606decidoustree|dam\n|c|\u2606decidoustree|gg\n|c|\u2606MikazukiRex_|brb\n|c|\u2606MikazukiRex_|going to put my clothes to wash\n|l|\u2606MikazukiRex_\n","uploadtime":1698976709,"views":31,"p1id":"mikazukirex","p2id":"decidoustree","formatid":"gen9nationaldexdoubles","rating":0,"private":0,"password":""}