{"id":"gen9nationaldexdoubles-1978087143","p1":"yamanclash","p2":"Trainer $pitt","format":"[Gen 9] National Dex Doubles","log":"|j|\u2606yamanclash\n|j|\u2606Trainer $pitt\n|t:|1698497402\n|gametype|doubles\n|player|p1|yamanclash|juan|1071\n|player|p2|Trainer $pitt|flannery|1065\n|teamsize|p1|6\n|teamsize|p2|6\n|gen|9\n|tier|[Gen 9] National Dex Doubles\n|rated|\n|rule|HP Percentage Mod: HP is shown in percentages\n|rule|Endless Battle Clause: Forcing endless battles is banned\n|rule|OHKO Clause: OHKO moves are banned\n|rule|Evasion Moves Clause: Evasion moves are banned\n|rule|Evasion Abilities Clause: Evasion abilities are banned\n|rule|Species Clause: Limit one of each Pok\u00e9mon\n|rule|Gravity Sleep Clause: The combination of sleep-inducing moves with imperfect accuracy and Gravity or Gigantamax Orbeetle are banned\n|clearpoke\n|poke|p1|Garchomp, M|\n|poke|p1|Armarouge, F|\n|poke|p1|Urshifu-*, M|\n|poke|p1|Avalugg-Hisui, F|\n|poke|p1|Decidueye, M|\n|poke|p1|Scizor, M|\n|poke|p2|Indeedee-F, F|\n|poke|p2|Medicham, F|\n|poke|p2|Braviary-Hisui, M|\n|poke|p2|Cresselia, F|\n|poke|p2|Espathra, F|\n|poke|p2|Gardevoir, F|\n|teampreview\n|inactive|Battle timer is ON: inactive players will automatically lose when time's up. (requested by yamanclash)\n|l|\u2606yamanclash\n|inactive|yamanclash disconnected and has a minute to reconnect!\n|player|p1|\n|j|\u2606yamanclash\n|inactive|yamanclash reconnected and has 105 seconds left.\n|player|p1|yamanclash|juan\n|\n|t:|1698497456\n|start\n|switch|p1a: Armarouge|Armarouge, F|100\/100\n|switch|p1b: Scizor|Scizor, M|100\/100\n|switch|p2a: Cresselia|Cresselia, F, shiny|100\/100\n|switch|p2b: Indeedee|Indeedee-F, F, shiny|100\/100\n|-fieldstart|move: Psychic Terrain|[from] ability: Psychic Surge|[of] p2b: Indeedee\n|turn|1\n|\n|t:|1698497485\n|-terastallize|p1b: Scizor|Dark\n|move|p2b: Indeedee|Shadow Ball|p1a: Armarouge\n|-supereffective|p1a: Armarouge\n|-damage|p1a: Armarouge|39\/100\n|move|p1a: Armarouge|Armor Cannon|p2a: Cresselia\n|-damage|p2a: Cresselia|52\/100\n|-unboost|p1a: Armarouge|def|1\n|-unboost|p1a: Armarouge|spd|1\n|-damage|p1a: Armarouge|29\/100|[from] item: Life Orb\n|move|p2a: Cresselia|Reflect|p2a: Cresselia\n|-sidestart|p2: Trainer $pitt|Reflect\n|move|p1b: Scizor|Night Slash|p2a: Cresselia\n|-supereffective|p2a: Cresselia\n|-damage|p2a: Cresselia|23\/100\n|\n|upkeep\n|turn|2\n|l|\u2606yamanclash\n|inactive|yamanclash disconnected and has a minute to reconnect!\n|player|p1|\n|j|\u2606yamanclash\n|inactive|yamanclash reconnected and has 105 seconds left.\n|player|p1|yamanclash|juan\n|inactive|yamanclash has 90 seconds left.\n|\n|t:|1698497547\n|move|p2b: Indeedee|Shadow Ball|p1a: Armarouge\n|-supereffective|p1a: Armarouge\n|-damage|p1a: Armarouge|0 fnt\n|faint|p1a: Armarouge\n|move|p2a: Cresselia|Light Screen|p2a: Cresselia\n|-sidestart|p2: Trainer $pitt|move: Light Screen\n|move|p1b: Scizor|Night Slash|p2a: Cresselia\n|-supereffective|p2a: Cresselia\n|-damage|p2a: Cresselia|0 fnt\n|faint|p2a: Cresselia\n|\n|upkeep\n|\n|t:|1698497567\n|switch|p1a: Urshifu|Urshifu-Rapid-Strike, M|100\/100\n|switch|p2a: Braviary|Braviary-Hisui, M|100\/100\n|turn|3\n|inactive|yamanclash has 120 seconds left.\n|\n|t:|1698497596\n|switch|p2b: Medicham|Medicham, F, shiny|100\/100\n|move|p1b: Scizor|Bullet Punch|p2a: Braviary\n|-hint|Psychic Terrain doesn't affect Pok\u00e9mon immune to Ground.\n|-damage|p2a: Braviary|75\/100\n|move|p1a: Urshifu|Surging Strikes|p2a: Braviary\n|-crit|p2a: Braviary\n|-damage|p2a: Braviary|49\/100\n|-crit|p2a: Braviary\n|-damage|p2a: Braviary|23\/100\n|-crit|p2a: Braviary\n|-damage|p2a: Braviary|0 fnt\n|faint|p2a: Braviary\n|-hitcount|p2: Braviary|3\n|\n|upkeep\n|\n|t:|1698497602\n|switch|p2a: Espathra|Espathra, F, shiny|100\/100\n|turn|4\n|l|\u2606yamanclash\n|inactive|yamanclash disconnected and has a minute to reconnect!\n|player|p1|\n|j|\u2606yamanclash\n|inactive|yamanclash reconnected and has 110 seconds left.\n|player|p1|yamanclash|juan\n|\n|t:|1698497642\n|move|p2a: Espathra|Protect|p2a: Espathra\n|-singleturn|p2a: Espathra|Protect\n|move|p1a: Urshifu|Surging Strikes|p2b: Medicham\n|-crit|p2b: Medicham\n|-damage|p2b: Medicham|61\/100\n|-crit|p2b: Medicham\n|-damage|p2b: Medicham|20\/100\n|-crit|p2b: Medicham\n|-damage|p2b: Medicham|0 fnt\n|faint|p2b: Medicham\n|-hitcount|p2: Medicham|3\n|move|p1b: Scizor|Lunge|p2a: Espathra\n|-activate|p2a: Espathra|move: Protect\n|\n|-ability|p2a: Espathra|Speed Boost|boost\n|-boost|p2a: Espathra|spe|1\n|upkeep\n|\n|t:|1698497646\n|switch|p2b: Indeedee|Indeedee-F, F, shiny|100\/100\n|turn|5\n|inactive|yamanclash has 120 seconds left.\n|\n|t:|1698497660\n|move|p2a: Espathra|Substitute|p2a: Espathra\n|-start|p2a: Espathra|Substitute\n|-damage|p2a: Espathra|76\/100\n|move|p2b: Indeedee|Expanding Force|p1a: Urshifu|[spread] p1a\n|-immune|p1b: Scizor\n|-supereffective|p1a: Urshifu\n|-damage|p1a: Urshifu|0 fnt\n|faint|p1a: Urshifu\n|move|p1b: Scizor|Night Slash|p2a: Espathra\n|-supereffective|p2a: Espathra\n|-end|p2a: Espathra|Substitute\n|\n|-heal|p2a: Espathra|82\/100|[from] item: Leftovers\n|-fieldend|move: Psychic Terrain\n|-ability|p2a: Espathra|Speed Boost|boost\n|-boost|p2a: Espathra|spe|1\n|upkeep\n|\n|t:|1698497668\n|switch|p1a: Decidueye|Decidueye, M|100\/100\n|turn|6\n|\n|t:|1698497681\n|switch|p2b: Gardevoir|Gardevoir, F, shiny|100\/100\n|move|p2a: Espathra|Substitute|p2a: Espathra\n|-start|p2a: Espathra|Substitute\n|-damage|p2a: Espathra|57\/100\n|-zpower|p1a: Decidueye\n|move|p1a: Decidueye|Sinister Arrow Raid|p2b: Gardevoir|[zeffect]\n|-supereffective|p2b: Gardevoir\n|-damage|p2b: Gardevoir|0 fnt\n|faint|p2b: Gardevoir\n|move|p1b: Scizor|Night Slash|p2a: Espathra\n|-supereffective|p2a: Espathra\n|-end|p2a: Espathra|Substitute\n|\n|-heal|p2a: Espathra|63\/100|[from] item: Leftovers\n|-ability|p2a: Espathra|Speed Boost|boost\n|-boost|p2a: Espathra|spe|1\n|upkeep\n|-message|Trainer $pitt forfeited.\n|\n|win|yamanclash\n|raw|yamanclash's rating: 1071 &rarr; <strong>1100<\/strong><br \/>(+29 for winning)\n|raw|Trainer $pitt's rating: 1065 &rarr; <strong>1046<\/strong><br \/>(-19 for losing)\n|l|\u2606Trainer $pitt\n","uploadtime":1698497703,"views":20,"p1id":"yamanclash","p2id":"trainerpitt","formatid":"gen9nationaldexdoubles","rating":1046,"private":0,"password":""}