{"id":"gen9nationaldexdoubles-1958489494","p1":"wifeselfMC","p2":"QCSS","format":"[Gen 9] National Dex Doubles","log":"|j|\u2606wifeselfMC\n|j|\u2606QCSS\n|t:|1696334469\n|gametype|doubles\n|player|p1|wifeselfMC|265|\n|player|p2|QCSS|roxie|\n|teamsize|p1|6\n|teamsize|p2|6\n|gen|9\n|tier|[Gen 9] National Dex Doubles\n|rule|HP Percentage Mod: HP is shown in percentages\n|rule|Endless Battle Clause: Forcing endless battles is banned\n|rule|OHKO Clause: OHKO moves are banned\n|rule|Evasion Moves Clause: Evasion moves are banned\n|rule|Evasion Abilities Clause: Evasion abilities are banned\n|rule|Species Clause: Limit one of each Pok\u00e9mon\n|rule|Gravity Sleep Clause: The combination of sleep-inducing moves with imperfect accuracy and Gravity or Gigantamax Orbeetle are banned\n|clearpoke\n|poke|p1|Cresselia, F|\n|poke|p1|Oranguru, M|\n|poke|p1|Indeedee-F, F|\n|poke|p1|Hoopa-Unbound|\n|poke|p1|Hatenna, F|\n|poke|p1|Sylveon, F|\n|poke|p2|Stonjourner, F|\n|poke|p2|Lycanroc-Dusk, M|\n|poke|p2|Diancie|\n|poke|p2|Tyranitar, M|\n|poke|p2|Lileep, M|\n|poke|p2|Silvally-*|\n|teampreview\n|inactive|Battle timer is ON: inactive players will automatically lose when time's up. (requested by wifeselfMC)\n|j| Gocks\n|inactive|QCSS has 270 seconds left.\n|\n|t:|1696334507\n|start\n|switch|p1a: Sylveon|Sylveon, F, shiny|100\/100\n|switch|p1b: Hatenna|Hatenna, F, shiny|100\/100\n|switch|p2a: Lileep|Lileep, M|100\/100\n|switch|p2b: Tyranitar|Tyranitar, M|100\/100\n|-weather|Sandstorm|[from] ability: Sand Stream|[of] p2b: Tyranitar\n|turn|1\n|\n|t:|1696334530\n|switch|p2b: Silvally|Silvally-Fire|100\/100\n|move|p1a: Sylveon|Hyper Voice|p2a: Lileep|[spread] p2a,p2b\n|-resisted|p2b: Silvally\n|-damage|p2a: Lileep|87\/100\n|-damage|p2b: Silvally|78\/100\n|move|p2a: Lileep|Gastro Acid|p1a: Sylveon\n|-endability|p1a: Sylveon\n|move|p1b: Hatenna|Trick Room|p1b: Hatenna\n|-fieldstart|move: Trick Room|[of] p1b: Hatenna\n|\n|-weather|Sandstorm|[upkeep]\n|-damage|p1b: Hatenna|95\/100|[from] Sandstorm\n|-damage|p1a: Sylveon|94\/100|[from] Sandstorm\n|-damage|p2b: Silvally|71\/100|[from] Sandstorm\n|-heal|p1a: Sylveon|100\/100|[from] item: Leftovers\n|upkeep\n|turn|2\n|\n|t:|1696334556\n|switch|p1a: Indeedee|Indeedee-F, F, shiny|100\/100\n|-fieldstart|move: Psychic Terrain|[from] ability: Psychic Surge|[of] p1a: Indeedee\n|-terastallize|p2b: Silvally|Rock\n|move|p2a: Lileep|Toxic|p1a: Indeedee\n|-status|p1a: Indeedee|tox\n|move|p1b: Hatenna|Expanding Force|p2b: Silvally|[spread] p2a,p2b\n|-damage|p2a: Lileep|72\/100\n|-damage|p2b: Silvally|45\/100\n|move|p2b: Silvally|Heat Wave|p1a: Indeedee|[spread] p1a,p1b\n|-damage|p1a: Indeedee|78\/100 tox\n|-damage|p1b: Hatenna|63\/100\n|\n|-weather|Sandstorm|[upkeep]\n|-damage|p1b: Hatenna|57\/100|[from] Sandstorm\n|-damage|p1a: Indeedee|72\/100 tox|[from] Sandstorm\n|-damage|p1a: Indeedee|66\/100 tox|[from] psn\n|upkeep\n|turn|3\n|\n|t:|1696334579\n|switch|p2a: Tyranitar|Tyranitar, M|100\/100\n|move|p1b: Hatenna|Dazzling Gleam|p2a: Tyranitar|[spread] p2a,p2b\n|-supereffective|p2a: Tyranitar\n|-damage|p2a: Tyranitar|84\/100\n|-damage|p2b: Silvally|36\/100\n|move|p1a: Indeedee|Expanding Force|p2b: Silvally|[spread] p2b\n|-immune|p2a: Tyranitar\n|-damage|p2b: Silvally|0 fnt\n|faint|p2b: Silvally\n|-damage|p1a: Indeedee|56\/100 tox|[from] item: Life Orb\n|\n|-weather|Sandstorm|[upkeep]\n|-damage|p1b: Hatenna|51\/100|[from] Sandstorm\n|-damage|p1a: Indeedee|50\/100 tox|[from] Sandstorm\n|-damage|p1a: Indeedee|37\/100 tox|[from] psn\n|upkeep\n|inactive|QCSS has 270 seconds left.\n|\n|t:|1696334600\n|switch|p2b: Stonjourner|Stonjourner, F|100\/100\n|-item|p2b: Stonjourner|Air Balloon\n|turn|4\n|\n|t:|1696334610\n|move|p1b: Hatenna|Dazzling Gleam|p2a: Tyranitar|[spread] p2a,p2b\n|-supereffective|p2a: Tyranitar\n|-damage|p2a: Tyranitar|67\/100\n|-damage|p2b: Stonjourner|77\/100\n|-enditem|p2b: Stonjourner|Air Balloon\n|move|p1a: Indeedee|Expanding Force|p2b: Stonjourner|[spread] p2b\n|-immune|p2a: Tyranitar\n|-damage|p2b: Stonjourner|0 fnt\n|faint|p2b: Stonjourner\n|-damage|p1a: Indeedee|28\/100 tox|[from] item: Life Orb\n|move|p2a: Tyranitar|Rock Slide|p1b: Hatenna|[spread] p1a,p1b\n|-damage|p1a: Indeedee|0 fnt\n|-damage|p1b: Hatenna|0 fnt\n|faint|p1a: Indeedee\n|faint|p1b: Hatenna\n|\n|-weather|Sandstorm|[upkeep]\n|upkeep\n|\n|t:|1696334631\n|switch|p1b: Sylveon|Sylveon, F, shiny|100\/100\n|switch|p1a: Hoopa|Hoopa-Unbound|100\/100\n|switch|p2b: Lileep|Lileep, M|72\/100\n|turn|5\n|\n|t:|1696334650\n|move|p2b: Lileep|Confuse Ray|p1a: Hoopa\n|-start|p1a: Hoopa|confusion\n|move|p1b: Sylveon|Calm Mind|p1b: Sylveon\n|-boost|p1b: Sylveon|spa|1\n|-boost|p1b: Sylveon|spd|1\n|-activate|p1a: Hoopa|confusion\n|move|p1a: Hoopa|Drain Punch|p2a: Tyranitar\n|-supereffective|p2a: Tyranitar\n|-damage|p2a: Tyranitar|0 fnt\n|faint|p2a: Tyranitar\n|\n|-weather|none\n|-fieldend|move: Trick Room\n|upkeep\n|\n|t:|1696334665\n|switch|p2a: Lycanroc|Lycanroc-Dusk, M|100\/100\n|turn|6\n|\n|t:|1696334674\n|switch|p1a: Cresselia|Cresselia, F, shiny|100\/100\n|-zpower|p2a: Lycanroc\n|move|p2a: Lycanroc|Splintered Stormshards|p1a: Cresselia|[zeffect]\n|-damage|p1a: Cresselia|36\/100\n|-fieldend|move: Psychic Terrain\n|move|p1b: Sylveon|Hyper Voice|p2b: Lileep|[spread] p2a,p2b\n|-damage|p2a: Lycanroc|0 fnt\n|-damage|p2b: Lileep|39\/100\n|faint|p2a: Lycanroc\n|move|p2b: Lileep|Toxic|p1b: Sylveon|[miss]\n|-miss|p2b: Lileep|p1b: Sylveon\n|\n|-heal|p1a: Cresselia|42\/100|[from] item: Leftovers\n|upkeep\n|\n|t:|1696334690\n|switch|p2a: Diancie|Diancie|100\/100\n|turn|7\n|\n|t:|1696334703\n|detailschange|p2a: Diancie|Diancie-Mega\n|-mega|p2a: Diancie|Diancie|Diancite\n|move|p2a: Diancie|Diamond Storm|p1b: Sylveon|[spread] p1a,p1b\n|-damage|p1a: Cresselia|17\/100\n|-damage|p1b: Sylveon|49\/100\n|-boost|p2a: Diancie|def|2\n|move|p1b: Sylveon|Hyper Voice|p2a: Diancie|[spread] p2a,p2b\n|-damage|p2a: Diancie|25\/100\n|-damage|p2b: Lileep|6\/100\n|move|p2b: Lileep|Confuse Ray|p1b: Sylveon\n|-start|p1b: Sylveon|confusion\n|move|p1a: Cresselia|Trick Room|p1a: Cresselia\n|-fieldstart|move: Trick Room|[of] p1a: Cresselia\n|\n|-heal|p1b: Sylveon|55\/100|[from] item: Leftovers\n|-heal|p1a: Cresselia|23\/100|[from] item: Leftovers\n|upkeep\n|turn|8\n|\n|t:|1696334722\n|move|p2b: Lileep|Confuse Ray|p1a: Cresselia\n|-start|p1a: Cresselia|confusion\n|-activate|p1b: Sylveon|confusion\n|move|p1b: Sylveon|Hyper Voice|p2a: Diancie|[spread] p2a,p2b\n|-damage|p2a: Diancie|0 fnt\n|-damage|p2b: Lileep|0 fnt\n|faint|p2a: Diancie\n|faint|p2b: Lileep\n|\n|win|wifeselfMC\n","uploadtime":1696334729,"views":14,"p1id":"wifeselfmc","p2id":"qcss","formatid":"gen9nationaldexdoubles","rating":0,"private":0,"password":""}