{"id":"gen9nationaldexdoubles-1959083585","p1":"nombre epico.jpg","p2":"Orlando912","format":"[Gen 9] National Dex Doubles","log":"|j|\u2606nombre epico.jpg\n|j|\u2606Orlando912\n|t:|1696384973\n|gametype|doubles\n|player|p1|nombre epico.jpg|shauntal|1225\n|player|p2|Orlando912|collector|1014\n|teamsize|p1|6\n|teamsize|p2|6\n|gen|9\n|tier|[Gen 9] National Dex Doubles\n|rated|\n|rule|HP Percentage Mod: HP is shown in percentages\n|rule|Endless Battle Clause: Forcing endless battles is banned\n|rule|OHKO Clause: OHKO moves are banned\n|rule|Evasion Moves Clause: Evasion moves are banned\n|rule|Evasion Abilities Clause: Evasion abilities are banned\n|rule|Species Clause: Limit one of each Pok\u00e9mon\n|rule|Gravity Sleep Clause: The combination of sleep-inducing moves with imperfect accuracy and Gravity or Gigantamax Orbeetle are banned\n|clearpoke\n|poke|p1|Weavile, M|\n|poke|p1|Ribombee, F|\n|poke|p1|Dragonite, M|\n|poke|p1|Gliscor, M|\n|poke|p1|Metagross|\n|poke|p1|Manaphy|\n|poke|p2|Kecleon, F|\n|poke|p2|Inteleon, F|\n|poke|p2|Sceptile, F|\n|poke|p2|Heliolisk, F|\n|poke|p2|Accelgor, F|\n|poke|p2|Breloom, F|\n|teampreview\n|\n|t:|1696384985\n|start\n|switch|p1a: Weavile|Weavile, M|100\/100\n|switch|p1b: Ribombee|Ribombee, F, shiny|100\/100\n|switch|p2a: Kecleon|Kecleon, F|100\/100\n|switch|p2b: Accelgor|Accelgor, F|100\/100\n|-ability|p1a: Weavile|Pressure\n|turn|1\n|\n|t:|1696385004\n|switch|p1a: Gliscor|Gliscor, M, shiny|100\/100\n|move|p2b: Accelgor|Acid Armor|p2b: Accelgor\n|-boost|p2b: Accelgor|def|2\n|move|p1b: Ribombee|Light Screen|p1b: Ribombee\n|-sidestart|p1: nombre epico.jpg|move: Light Screen\n|move|p2a: Kecleon|Fire Blast|p1a: Gliscor\n|-damage|p1a: Gliscor|87\/100\n|\n|-status|p1a: Gliscor|tox|[from] item: Toxic Orb\n|upkeep\n|turn|2\n|\n|t:|1696385021\n|move|p2b: Accelgor|Knock Off|p1a: Gliscor\n|-damage|p1a: Gliscor|67\/100 tox\n|-enditem|p1a: Gliscor|Toxic Orb|[from] move: Knock Off|[of] p2b: Accelgor\n|move|p1b: Ribombee|Dazzling Gleam|p2b: Accelgor|[spread] p2a,p2b\n|-damage|p2a: Kecleon|87\/100\n|-damage|p2b: Accelgor|63\/100\n|-start|p2a: Kecleon|typechange|Fairy|[from] ability: Color Change\n|move|p1a: Gliscor|Dual Wingbeat|p2b: Accelgor\n|-supereffective|p2b: Accelgor\n|-damage|p2b: Accelgor|23\/100\n|-supereffective|p2b: Accelgor\n|-damage|p2b: Accelgor|0 fnt\n|faint|p2b: Accelgor\n|-hitcount|p2: Accelgor|2\n|move|p2a: Kecleon|Fire Blast|p1b: Ribombee\n|-supereffective|p1b: Ribombee\n|-damage|p1b: Ribombee|69\/100\n|\n|-heal|p1a: Gliscor|80\/100 tox|[from] ability: Poison Heal\n|upkeep\n|\n|t:|1696385043\n|switch|p2b: Inteleon|Inteleon, F|100\/100\n|turn|3\n|\n|t:|1696385057\n|switch|p1a: Manaphy|Manaphy, shiny|100\/100\n|move|p2b: Inteleon|Snipe Shot|p1a: Manaphy\n|-resisted|p1a: Manaphy\n|-damage|p1a: Manaphy|86\/100\n|move|p1b: Ribombee|Sticky Web|p2b: Inteleon\n|-sidestart|p2: Orlando912|move: Sticky Web\n|move|p2a: Kecleon|Fire Blast|p1b: Ribombee\n|-supereffective|p1b: Ribombee\n|-damage|p1b: Ribombee|34\/100\n|\n|upkeep\n|turn|4\n|\n|t:|1696385075\n|move|p2b: Inteleon|Ice Beam|p1b: Ribombee\n|-crit|p1b: Ribombee\n|-damage|p1b: Ribombee|0 fnt\n|faint|p1b: Ribombee\n|move|p1a: Manaphy|Tail Glow|p1a: Manaphy\n|-boost|p1a: Manaphy|spa|3\n|move|p2a: Kecleon|Knock Off|p1a: Manaphy\n|-damage|p1a: Manaphy|58\/100\n|-enditem|p1a: Manaphy|Sitrus Berry|[from] move: Knock Off|[of] p2a: Kecleon\n|\n|upkeep\n|\n|t:|1696385087\n|switch|p1b: Gliscor|Gliscor, M, shiny|80\/100 tox\n|turn|5\n|\n|t:|1696385095\n|-terastallize|p1a: Manaphy|Fairy\n|move|p1b: Gliscor|Protect|p1b: Gliscor\n|-singleturn|p1b: Gliscor|Protect\n|move|p2b: Inteleon|Snipe Shot|p1b: Gliscor\n|-activate|p1b: Gliscor|move: Protect\n|move|p1a: Manaphy|Dazzling Gleam|p2a: Kecleon|[spread] p2a,p2b\n|-damage|p2a: Kecleon|46\/100\n|-damage|p2b: Inteleon|0 fnt\n|faint|p2b: Inteleon\n|move|p2a: Kecleon|Drain Punch|p1a: Manaphy\n|-resisted|p1a: Manaphy\n|-damage|p1a: Manaphy|48\/100\n|-heal|p2a: Kecleon|52\/100|[from] drain|[of] p1a: Manaphy\n|\n|-heal|p1b: Gliscor|92\/100 tox|[from] ability: Poison Heal\n|upkeep\n|\n|t:|1696385112\n|switch|p2b: Breloom|Breloom, F|100\/100\n|-activate|p2b: Breloom|move: Sticky Web\n|-unboost|p2b: Breloom|spe|1\n|turn|6\n|\n|t:|1696385129\n|move|p1a: Manaphy|Dazzling Gleam|p2a: Kecleon|[spread] p2a,p2b\n|-supereffective|p2b: Breloom\n|-damage|p2a: Kecleon|10\/100\n|-damage|p2b: Breloom|0 fnt\n|faint|p2b: Breloom\n|move|p1b: Gliscor|Dual Wingbeat|p2a: Kecleon\n|-crit|p2a: Kecleon\n|-damage|p2a: Kecleon|0 fnt\n|faint|p2a: Kecleon\n|-hitcount|p2: Kecleon|1\n|\n|-heal|p1b: Gliscor|100\/100 tox|[from] ability: Poison Heal\n|upkeep\n|-message|Orlando912 forfeited.\n|\n|win|nombre epico.jpg\n|raw|nombre epico.jpg's rating: 1225 &rarr; <strong>1236<\/strong><br \/>(+11 for winning)\n|raw|Orlando912's rating: 1014 &rarr; <strong>1008<\/strong><br \/>(-6 for losing)\n|l|\u2606Orlando912\n","uploadtime":1696385163,"views":10,"p1id":"nombreepicojpg","p2id":"orlando912","formatid":"gen9nationaldexdoubles","rating":1008,"private":0,"password":""}