{"id":"gen9nationaldexdoubles-1985759501","p1":"daniel red 244","p2":"LightOfTheRuin","format":"[Gen 9] National Dex Doubles","log":"|j|\u2606daniel red 244\n|j|\u2606LightOfTheRuin\n|t:|1699403239\n|gametype|doubles\n|player|p1|daniel red 244|hilbert-wonderlauncher|1049\n|player|p2|LightOfTheRuin|mallow-masters|1174\n|teamsize|p1|6\n|teamsize|p2|6\n|gen|9\n|tier|[Gen 9] National Dex Doubles\n|rated|\n|rule|HP Percentage Mod: HP is shown in percentages\n|rule|Endless Battle Clause: Forcing endless battles is banned\n|rule|OHKO Clause: OHKO moves are banned\n|rule|Evasion Moves Clause: Evasion moves are banned\n|rule|Evasion Abilities Clause: Evasion abilities are banned\n|rule|Species Clause: Limit one of each Pok\u00e9mon\n|rule|Gravity Sleep Clause: The combination of sleep-inducing moves with imperfect accuracy and Gravity or Gigantamax Orbeetle are banned\n|clearpoke\n|poke|p1|Skeledirge, M|\n|poke|p1|Meowscarada, M|\n|poke|p1|Quaquaval, M|\n|poke|p1|Baxcalibur, F|\n|poke|p1|Tinkaton, F|\n|poke|p1|Garganacl, F|\n|poke|p2|Cherrim, F|\n|poke|p2|Lurantis, F|\n|poke|p2|Charizard, M|\n|poke|p2|Malamar, M|\n|poke|p2|Walking Wake|\n|poke|p2|Golurk|\n|teampreview\n|\n|t:|1699403255\n|start\n|switch|p1a: Garganacl|Garganacl, F|100\/100\n|switch|p1b: Baxcalibur|Baxcalibur, F|100\/100\n|switch|p2a: Demeter|Lurantis, F|100\/100\n|switch|p2b: Eos|Cherrim, F, shiny|100\/100\n|turn|1\n|c|\u2606LightOfTheRuin|Someone liked S\/V\n|\n|t:|1699403286\n|move|p1b: Baxcalibur|Icicle Crash|p2a: Demeter\n|-supereffective|p2a: Demeter\n|-damage|p2a: Demeter|18\/100\n|move|p2b: Eos|Sunny Day|p2b: Eos\n|-weather|SunnyDay\n|-formechange|p2b: Eos|Cherrim-Sunshine|[msg]|[from] ability: Flower Gift\n|move|p2a: Demeter|Superpower|p1b: Baxcalibur\n|-supereffective|p1b: Baxcalibur\n|-damage|p1b: Baxcalibur|7\/100\n|-boost|p2a: Demeter|atk|1\n|-boost|p2a: Demeter|def|1\n|move|p1a: Garganacl|Iron Defense|p1a: Garganacl\n|-boost|p1a: Garganacl|def|2\n|\n|-weather|SunnyDay|[upkeep]\n|upkeep\n|turn|2\n|\n|t:|1699403307\n|move|p2b: Eos|Protect|p2b: Eos\n|-singleturn|p2b: Eos|Protect\n|move|p1b: Baxcalibur|Icicle Crash|p2b: Eos\n|-activate|p2b: Eos|move: Protect\n|move|p2a: Demeter|Superpower|p1b: Baxcalibur\n|-supereffective|p1b: Baxcalibur\n|-damage|p1b: Baxcalibur|0 fnt\n|-boost|p2a: Demeter|atk|1\n|-boost|p2a: Demeter|def|1\n|faint|p1b: Baxcalibur\n|move|p1a: Garganacl|Body Press|p2a: Demeter\n|-damage|p2a: Demeter|0 fnt\n|faint|p2a: Demeter\n|\n|-weather|SunnyDay|[upkeep]\n|upkeep\n|\n|t:|1699403327\n|switch|p1b: Tinkaton|Tinkaton, F|100\/100\n|switch|p2a: Hades|Malamar, M|100\/100\n|-ability|p1b: Tinkaton|Mold Breaker\n|turn|3\n|\n|t:|1699403350\n|switch|p2b: Thanatos|Golurk, shiny|100\/100\n|move|p1b: Tinkaton|Play Rough|p2b: Thanatos\n|-damage|p2b: Thanatos|71\/100\n|move|p1a: Garganacl|Iron Defense|p1a: Garganacl\n|-boost|p1a: Garganacl|def|2\n|move|p2a: Hades|Trick Room|p2a: Hades\n|-fieldstart|move: Trick Room|[of] p2a: Hades\n|\n|-weather|SunnyDay|[upkeep]\n|upkeep\n|turn|4\n|\n|t:|1699403370\n|move|p2b: Thanatos|Drain Punch|p1a: Garganacl\n|-supereffective|p1a: Garganacl\n|-crit|p1a: Garganacl\n|-damage|p1a: Garganacl|30\/100\n|-heal|p2b: Thanatos|100\/100|[from] drain|[of] p1a: Garganacl\n|move|p1a: Garganacl|Body Press|p2b: Thanatos\n|-immune|p2b: Thanatos\n|move|p2a: Hades|Topsy-Turvy|p1a: Garganacl\n|-invertboost|p1a: Garganacl|[from] move: Topsy-Turvy\n|move|p1b: Tinkaton|Play Rough|p2a: Hades\n|-supereffective|p2a: Hades\n|-damage|p2a: Hades|42\/100\n|\n|-weather|SunnyDay|[upkeep]\n|upkeep\n|turn|5\n|\n|t:|1699403391\n|move|p2a: Hades|Protect|p2a: Hades\n|-singleturn|p2a: Hades|Protect\n|move|p2b: Thanatos|Earthquake|p1b: Tinkaton|[spread] p1a,p1b\n|-activate|p2a: Hades|move: Protect\n|-supereffective|p1a: Garganacl\n|-supereffective|p1b: Tinkaton\n|-damage|p1a: Garganacl|0 fnt\n|-damage|p1b: Tinkaton|0 fnt\n|faint|p1a: Garganacl\n|faint|p1b: Tinkaton\n|\n|-weather|none\n|upkeep\n|\n|t:|1699403406\n|switch|p1a: Skeledirge|Skeledirge, M|100\/100\n|switch|p1b: Quaquaval|Quaquaval, M|100\/100\n|turn|6\n|\n|t:|1699403430\n|move|p2b: Thanatos|Thunder Punch|p1b: Quaquaval\n|-supereffective|p1b: Quaquaval\n|-damage|p1b: Quaquaval|13\/100\n|move|p2a: Hades|Knock Off|p1a: Skeledirge\n|-supereffective|p1a: Skeledirge\n|-damage|p1a: Skeledirge|49\/100\n|-enditem|p1a: Skeledirge|Assault Vest|[from] move: Knock Off|[of] p2a: Hades\n|move|p1a: Skeledirge|Torch Song|p2b: Thanatos\n|-damage|p2b: Thanatos|63\/100\n|-boost|p1a: Skeledirge|spa|1\n|move|p1b: Quaquaval|Aqua Step|p2a: Hades\n|-damage|p2a: Hades|0 fnt\n|-boost|p1b: Quaquaval|spe|1\n|faint|p2a: Hades\n|\n|upkeep\n|\n|t:|1699403451\n|switch|p2a: Eos|Cherrim, F, shiny|100\/100\n|turn|7\n|\n|t:|1699403463\n|move|p2a: Eos|Protect|p2a: Eos\n|-singleturn|p2a: Eos|Protect\n|move|p2b: Thanatos|Earthquake|p1a: Skeledirge|[spread] p1a,p1b\n|-activate|p2a: Eos|move: Protect\n|-supereffective|p1a: Skeledirge\n|-damage|p1a: Skeledirge|0 fnt\n|-damage|p1b: Quaquaval|0 fnt\n|faint|p1a: Skeledirge\n|faint|p1b: Quaquaval\n|\n|-fieldend|move: Trick Room\n|upkeep\n|\n|t:|1699403479\n|switch|p1b: Meowscarada|Meowscarada, M|100\/100\n|turn|8\n|\n|t:|1699403489\n|move|p1b: Meowscarada|Flower Trick|p2b: Thanatos\n|-supereffective|p2b: Thanatos\n|-crit|p2b: Thanatos\n|-damage|p2b: Thanatos|0 fnt\n|faint|p2b: Thanatos\n|move|p2a: Eos|Pollen Puff|p1b: Meowscarada\n|-supereffective|p1b: Meowscarada\n|-damage|p1b: Meowscarada|0 fnt\n|faint|p1b: Meowscarada\n|\n|win|LightOfTheRuin\n|raw|daniel red 244's rating: 1049 &rarr; <strong>1038<\/strong><br \/>(-11 for losing)\n|raw|LightOfTheRuin's rating: 1174 &rarr; <strong>1190<\/strong><br \/>(+16 for winning)\n","uploadtime":1699403496,"views":7,"p1id":"danielred244","p2id":"lightoftheruin","formatid":"gen9nationaldexdoubles","rating":1038,"private":0,"password":""}