{"id":"gen9nationaldexdoubles-1976850548","p1":"Theytheman","p2":"Ronald Rizz Wizard","format":"[Gen 9] National Dex Doubles","log":"|j|\u2606Theytheman\n|j|\u2606Ronald Rizz Wizard\n|t:|1698346426\n|gametype|doubles\n|player|p1|Theytheman|dawn|1359\n|player|p2|Ronald Rizz Wizard|clair|1537\n|teamsize|p1|6\n|teamsize|p2|6\n|gen|9\n|tier|[Gen 9] National Dex Doubles\n|rated|\n|rule|HP Percentage Mod: HP is shown in percentages\n|rule|Endless Battle Clause: Forcing endless battles is banned\n|rule|OHKO Clause: OHKO moves are banned\n|rule|Evasion Moves Clause: Evasion moves are banned\n|rule|Evasion Abilities Clause: Evasion abilities are banned\n|rule|Species Clause: Limit one of each Pok\u00e9mon\n|rule|Gravity Sleep Clause: The combination of sleep-inducing moves with imperfect accuracy and Gravity or Gigantamax Orbeetle are banned\n|clearpoke\n|poke|p1|Indeedee-F, F|\n|poke|p1|Necrozma|\n|poke|p1|Sinistcha-Masterpiece|\n|poke|p1|Ursaluna, M|\n|poke|p1|Jirachi|\n|poke|p1|Crabominable, F|\n|poke|p2|Altaria, M|\n|poke|p2|Cresselia, F|\n|poke|p2|Incineroar, M|\n|poke|p2|Kyurem-Black|\n|poke|p2|Ninetales-Alola, F|\n|poke|p2|Kartana|\n|teampreview\n|inactive|Battle timer is ON: inactive players will automatically lose when time's up. (requested by Ronald Rizz Wizard)\n|inactive|Theytheman also wants the timer to be on.\n|inactive|Ronald Rizz Wizard has 120 seconds left.\n|\n|t:|1698346477\n|start\n|switch|p1a: Indeedee|Indeedee-F, F, shiny|100\/100\n|switch|p1b: Necrozma|Necrozma, shiny|100\/100\n|switch|p2a: Incineroar|Incineroar, M|100\/100\n|switch|p2b: Cresselia|Cresselia, F|100\/100\n|-fieldstart|move: Psychic Terrain|[from] ability: Psychic Surge|[of] p1a: Indeedee\n|-ability|p2a: Incineroar|Intimidate|boost\n|-unboost|p1a: Indeedee|atk|1\n|-unboost|p1b: Necrozma|atk|1\n|turn|1\n|\n|t:|1698346497\n|move|p1b: Necrozma|Meteor Beam||[still]\n|-prepare|p1b: Necrozma|Meteor Beam\n|-boost|p1b: Necrozma|spa|1\n|-enditem|p1b: Necrozma|Power Herb\n|-anim|p1b: Necrozma|Meteor Beam|p2a: Incineroar|[miss]\n|-miss|p1b: Necrozma|p2a: Incineroar\n|move|p2a: Incineroar|Knock Off|p1b: Necrozma\n|-supereffective|p1b: Necrozma\n|-damage|p1b: Necrozma|64\/100\n|move|p1a: Indeedee|Trick Room|p1a: Indeedee\n|-fieldstart|move: Trick Room|[of] p1a: Indeedee\n|move|p2b: Cresselia|Trick Room|p2b: Cresselia\n|-fieldend|move: Trick Room\n|\n|upkeep\n|turn|2\n|\n|t:|1698346520\n|move|p1a: Indeedee|Follow Me|p1a: Indeedee\n|-singleturn|p1a: Indeedee|move: Follow Me\n|move|p1b: Necrozma|Meteor Beam||[still]\n|-prepare|p1b: Necrozma|Meteor Beam\n|-boost|p1b: Necrozma|spa|1\n|move|p2b: Cresselia|Psychic|p1a: Indeedee\n|-resisted|p1a: Indeedee\n|-damage|p1a: Indeedee|90\/100\n|move|p2a: Incineroar|Parting Shot|p1a: Indeedee\n|-unboost|p1a: Indeedee|atk|1\n|-unboost|p1a: Indeedee|spa|1\n|inactive|Ronald Rizz Wizard has 120 seconds left.\n|\n|t:|1698346536\n|switch|p2a: Kartana|Kartana|100\/100|[from] Parting Shot\n|\n|-heal|p1a: Indeedee|96\/100|[from] item: Leftovers\n|upkeep\n|turn|3\n|\n|t:|1698346553\n|move|p1a: Indeedee|Follow Me|p1a: Indeedee\n|-singleturn|p1a: Indeedee|move: Follow Me\n|move|p2b: Cresselia|Ally Switch|p2b: Cresselia\n|swap|p2b: Cresselia|0|[from] move: Ally Switch\n|move|p2b: Kartana|Leaf Blade|p1a: Indeedee\n|-damage|p1a: Indeedee|36\/100\n|move|p1b: Necrozma|Meteor Beam|p2a: Cresselia|[from]lockedmove\n|-damage|p2a: Cresselia|49\/100\n|\n|-heal|p1a: Indeedee|43\/100|[from] item: Leftovers\n|upkeep\n|turn|4\n|\n|t:|1698346581\n|move|p1a: Indeedee|Follow Me|p1a: Indeedee\n|-singleturn|p1a: Indeedee|move: Follow Me\n|move|p2b: Kartana|Leaf Blade|p1a: Indeedee\n|-crit|p1a: Indeedee\n|-damage|p1a: Indeedee|0 fnt\n|faint|p1a: Indeedee\n|-ability|p2b: Kartana|Beast Boost|boost\n|-boost|p2b: Kartana|atk|1\n|move|p1b: Necrozma|Expanding Force|p2a: Cresselia|[spread] p2a,p2b\n|-resisted|p2a: Cresselia\n|-resisted|p2b: Kartana\n|-damage|p2a: Cresselia|16\/100\n|-damage|p2b: Kartana|16\/100\n|move|p2a: Cresselia|Lunar Blessing|p2a: Cresselia|[spread] p2a,p2b\n|-heal|p2a: Cresselia|41\/100\n|-heal|p2b: Kartana|41\/100\n|\n|upkeep\n|\n|t:|1698346591\n|switch|p1a: Jirachi|Jirachi|100\/100\n|turn|5\n|\n|t:|1698346616\n|switch|p2b: Incineroar|Incineroar, M|100\/100\n|-ability|p2b: Incineroar|Intimidate|boost\n|-unboost|p1a: Jirachi|atk|1\n|-unboost|p1b: Necrozma|atk|1\n|-terastallize|p2a: Cresselia|Dark\n|move|p1b: Necrozma|Expanding Force|p2a: Cresselia|[spread] \n|-immune|p2a: Cresselia\n|-immune|p2b: Incineroar\n|move|p1a: Jirachi|Iron Head|p2a: Cresselia\n|-damage|p2a: Cresselia|28\/100\n|cant|p2a: Cresselia|flinch\n|\n|-fieldend|move: Psychic Terrain\n|upkeep\n|turn|6\n|inactive|Ronald Rizz Wizard has 120 seconds left.\n|\n|t:|1698346649\n|move|p1a: Jirachi|Follow Me|p1a: Jirachi\n|-singleturn|p1a: Jirachi|move: Follow Me\n|move|p1b: Necrozma|Signal Beam|p2a: Cresselia\n|-supereffective|p2a: Cresselia\n|-damage|p2a: Cresselia|0 fnt\n|faint|p2a: Cresselia\n|move|p2b: Incineroar|Parting Shot|p1a: Jirachi\n|-unboost|p1a: Jirachi|atk|1\n|-unboost|p1a: Jirachi|spa|1\n|inactive|Ronald Rizz Wizard has 120 seconds left.\n|\n|t:|1698346664\n|switch|p2b: Altaria|Altaria, M|100\/100|[from] Parting Shot\n|-ability|p2b: Altaria|Cloud Nine\n|\n|upkeep\n|\n|t:|1698346682\n|switch|p2a: Ninetales|Ninetales-Alola, F|100\/100\n|-weather|Snow|[from] ability: Snow Warning|[of] p2a: Ninetales\n|turn|7\n|inactive|Ronald Rizz Wizard has 120 seconds left.\n|\n|t:|1698346700\n|detailschange|p2b: Altaria|Altaria-Mega, M\n|-mega|p2b: Altaria|Altaria|Altarianite\n|move|p2a: Ninetales|Aurora Veil|p2a: Ninetales\n|-sidestart|p2: Ronald Rizz Wizard|move: Aurora Veil\n|move|p2b: Altaria|Hyper Voice|p1a: Jirachi|[spread] p1a,p1b\n|-resisted|p1a: Jirachi\n|-damage|p1a: Jirachi|87\/100\n|-damage|p1b: Necrozma|25\/100\n|move|p1b: Necrozma|Meteor Beam||[still]\n|-prepare|p1b: Necrozma|Meteor Beam\n|-boost|p1b: Necrozma|spa|1\n|move|p1a: Jirachi|Iron Head|p2a: Ninetales\n|-supereffective|p2a: Ninetales\n|-damage|p2a: Ninetales|70\/100\n|\n|-weather|Snow|[upkeep]\n|-heal|p1a: Jirachi|93\/100|[from] item: Leftovers\n|upkeep\n|turn|8\n|inactive|Ronald Rizz Wizard has 120 seconds left.\n|\n|t:|1698346723\n|move|p2a: Ninetales|Icy Wind|p1b: Necrozma|[spread] p1a,p1b\n|-resisted|p1a: Jirachi\n|-damage|p1a: Jirachi|89\/100\n|-damage|p1b: Necrozma|14\/100\n|-unboost|p1a: Jirachi|spe|1\n|-unboost|p1b: Necrozma|spe|1\n|move|p2b: Altaria|Hyper Voice|p1b: Necrozma|[spread] p1a,p1b\n|-resisted|p1a: Jirachi\n|-damage|p1a: Jirachi|75\/100\n|-damage|p1b: Necrozma|0 fnt\n|faint|p1b: Necrozma\n|move|p1a: Jirachi|Wish|p1a: Jirachi\n|\n|-weather|Snow|[upkeep]\n|-heal|p1a: Jirachi|81\/100|[from] item: Leftovers\n|upkeep\n|\n|t:|1698346731\n|switch|p1b: Crabominable|Crabominable, F|100\/100\n|turn|9\n|\n|t:|1698346761\n|move|p2a: Ninetales|Protect|p2a: Ninetales\n|-singleturn|p2a: Ninetales|Protect\n|move|p2b: Altaria|Protect|p2b: Altaria\n|-singleturn|p2b: Altaria|Protect\n|move|p1b: Crabominable|Ice Hammer|p2b: Altaria\n|-activate|p2b: Altaria|move: Protect\n|move|p1a: Jirachi|Trick Room|p1a: Jirachi\n|-fieldstart|move: Trick Room|[of] p1a: Jirachi\n|\n|-weather|Snow|[upkeep]\n|-heal|p1a: Jirachi|100\/100|[from] move: Wish|[wisher] Jirachi\n|upkeep\n|turn|10\n|inactive|Ronald Rizz Wizard has 120 seconds left.\n|\n|t:|1698346801\n|switch|p1a: Ursaluna|Ursaluna, M|100\/100\n|switch|p2b: Incineroar|Incineroar, M|100\/100\n|-ability|p2b: Incineroar|Intimidate|boost\n|-unboost|p1a: Ursaluna|atk|1\n|-unboost|p1b: Crabominable|atk|1\n|move|p1b: Crabominable|Ice Hammer|p2b: Incineroar\n|-resisted|p2b: Incineroar\n|-damage|p2b: Incineroar|79\/100\n|-unboost|p1b: Crabominable|spe|1\n|move|p2a: Ninetales|Encore||[still]\n|-fail|p2a: Ninetales\n|\n|-weather|Snow|[upkeep]\n|-status|p1a: Ursaluna|brn|[from] item: Flame Orb\n|upkeep\n|turn|11\n|l|\u2606Theytheman\n|inactive|Theytheman disconnected and has a minute to reconnect!\n|player|p1|\n|inactive|Ronald Rizz Wizard has 120 seconds left.\n|inactive|Ronald Rizz Wizard has 90 seconds left.\n|\n|t:|1698346857\n|switch|p1b: Jirachi|Jirachi|100\/100\n|move|p2a: Ninetales|Protect|p2a: Ninetales\n|-singleturn|p2a: Ninetales|Protect\n|move|p2b: Incineroar|Flare Blitz|p1b: Jirachi\n|-supereffective|p1b: Jirachi\n|-damage|p1b: Jirachi|25\/100\n|-damage|p2b: Incineroar|58\/100|[from] Recoil\n|move|p1a: Ursaluna|Swords Dance|p1a: Ursaluna\n|-boost|p1a: Ursaluna|atk|2\n|\n|-weather|none\n|-heal|p1b: Jirachi|31\/100|[from] item: Leftovers\n|-damage|p1a: Ursaluna|94\/100 brn|[from] brn\n|upkeep\n|turn|12\n|inactive|Ronald Rizz Wizard has 90 seconds left.\n|inactive|Theytheman has 30 seconds to reconnect!\n|inactive|Theytheman has 20 seconds to reconnect!\n|inactive|Theytheman has 15 seconds to reconnect!\n|inactive|Theytheman has 10 seconds to reconnect!\n|inactive|Theytheman has 5 seconds to reconnect!\n|-message|Theytheman lost due to inactivity.\n|\n|win|Ronald Rizz Wizard\n|raw|Theytheman's rating: 1359 &rarr; <strong>1348<\/strong><br \/>(-11 for losing)\n|raw|Ronald Rizz Wizard's rating: 1537 &rarr; <strong>1548<\/strong><br \/>(+11 for winning)\n","uploadtime":1698346941,"views":5,"p1id":"theytheman","p2id":"ronaldrizzwizard","formatid":"gen9nationaldexdoubles","rating":1348,"private":0,"password":""}