{"id":"gen9nationaldexdoubles-1956463033","p1":"ErHecks","p2":"Mudkiped","format":"[Gen 9] National Dex Doubles","log":"|j|\u2606ErHecks\n|j|\u2606Mudkiped\n|t:|1696110296\n|gametype|doubles\n|player|p1|ErHecks|cyclist|1315\n|player|p2|Mudkiped|crasherwake|1456\n|teamsize|p1|6\n|teamsize|p2|6\n|gen|9\n|tier|[Gen 9] National Dex Doubles\n|rated|\n|rule|HP Percentage Mod: HP is shown in percentages\n|rule|Endless Battle Clause: Forcing endless battles is banned\n|rule|OHKO Clause: OHKO moves are banned\n|rule|Evasion Moves Clause: Evasion moves are banned\n|rule|Evasion Abilities Clause: Evasion abilities are banned\n|rule|Species Clause: Limit one of each Pok\u00e9mon\n|rule|Gravity Sleep Clause: The combination of sleep-inducing moves with imperfect accuracy and Gravity or Gigantamax Orbeetle are banned\n|clearpoke\n|poke|p1|Torkoal, M|\n|poke|p1|Flutter Mane|\n|poke|p1|Walking Wake|\n|poke|p1|Volcanion|\n|poke|p1|Chien-Pao|\n|poke|p1|Kingambit, M|\n|poke|p2|Wo-Chien|\n|poke|p2|Sinistcha-Masterpiece|\n|poke|p2|Incineroar, M|\n|poke|p2|Kommo-o, M|\n|poke|p2|Ninetales-Alola, F|\n|poke|p2|Landorus, M|\n|teampreview\n|\n|t:|1696110330\n|start\n|switch|p1a: PeloeQk|Flutter Mane|100\/100\n|switch|p1b: Volcanion|Volcanion|100\/100\n|switch|p2a: Big Kahuna|Kommo-o, M, shiny|100\/100\n|switch|p2b: Wheres My Tea?|Landorus, M|100\/100\n|turn|1\n|\n|t:|1696110354\n|-terastallize|p2a: Big Kahuna|Steel\n|move|p1a: PeloeQk|Dazzling Gleam|p2b: Wheres My Tea?|[spread] p2a,p2b\n|-resisted|p2a: Big Kahuna\n|-damage|p2a: Big Kahuna|83\/100\n|-damage|p2b: Wheres My Tea?|56\/100\n|-damage|p1a: PeloeQk|90\/100|[from] item: Life Orb\n|move|p2a: Big Kahuna|Clangorous Soul|p2a: Big Kahuna\n|-boost|p2a: Big Kahuna|atk|1\n|-boost|p2a: Big Kahuna|def|1\n|-boost|p2a: Big Kahuna|spa|1\n|-boost|p2a: Big Kahuna|spd|1\n|-boost|p2a: Big Kahuna|spe|1\n|-damage|p2a: Big Kahuna|50\/100\n|-enditem|p2a: Big Kahuna|Throat Spray\n|-boost|p2a: Big Kahuna|spa|1|[from] item: Throat Spray\n|move|p2b: Wheres My Tea?|Sandsear Storm|p1b: Volcanion|[spread] p1b\n|-miss|p2b: Wheres My Tea?|p1a: PeloeQk\n|-supereffective|p1b: Volcanion\n|-damage|p1b: Volcanion|15\/100\n|move|p1b: Volcanion|Heat Wave|p2b: Wheres My Tea?|[spread] p2a,p2b\n|-supereffective|p2a: Big Kahuna\n|-damage|p2a: Big Kahuna|9\/100\n|-damage|p2b: Wheres My Tea?|20\/100\n|\n|-heal|p1b: Volcanion|21\/100|[from] item: Leftovers\n|upkeep\n|turn|2\n|\n|t:|1696110405\n|switch|p1b: Pana Zulia|Torkoal, M|100\/100\n|-weather|SunnyDay|[from] ability: Drought|[of] p1b: Pana Zulia\n|-activate|p1a: PeloeQk|ability: Protosynthesis\n|-start|p1a: PeloeQk|protosynthesisspe\n|move|p1a: PeloeQk|Dazzling Gleam|p2a: Big Kahuna|[spread] p2a,p2b\n|-resisted|p2a: Big Kahuna\n|-damage|p2a: Big Kahuna|0 fnt\n|-damage|p2b: Wheres My Tea?|0 fnt\n|faint|p2a: Big Kahuna\n|faint|p2b: Wheres My Tea?\n|-damage|p1a: PeloeQk|80\/100|[from] item: Life Orb\n|\n|-weather|SunnyDay|[upkeep]\n|upkeep\n|c|\u2606Mudkiped|clever!\n|c|\u2606Mudkiped|wp wp\n|\n|t:|1696110434\n|switch|p2a: Mc Cloud|Ninetales-Alola, F|100\/100\n|switch|p2b: Whats New?|Incineroar, M, shiny|100\/100\n|-weather|Snow|[from] ability: Snow Warning|[of] p2a: Mc Cloud\n|-end|p1a: PeloeQk|Protosynthesis\n|-ability|p2b: Whats New?|Intimidate|boost\n|-unboost|p1a: PeloeQk|atk|1\n|-unboost|p1b: Pana Zulia|atk|1\n|turn|3\n|c|\u2606ErHecks|thx xd\n|\n|t:|1696110456\n|move|p1a: PeloeQk|Mystical Fire|p2a: Mc Cloud\n|-supereffective|p2a: Mc Cloud\n|-damage|p2a: Mc Cloud|34\/100\n|-unboost|p2a: Mc Cloud|spa|1\n|-damage|p1a: PeloeQk|70\/100|[from] item: Life Orb\n|move|p2a: Mc Cloud|Aurora Veil|p2a: Mc Cloud\n|-sidestart|p2: Mudkiped|move: Aurora Veil\n|move|p2b: Whats New?|Flare Blitz|p1a: PeloeQk\n|-damage|p1a: PeloeQk|0 fnt\n|faint|p1a: PeloeQk\n|-end|p1a: PeloeQk|Protosynthesis|[silent]\n|-damage|p2b: Whats New?|83\/100|[from] Recoil\n|move|p1b: Pana Zulia|Eruption|p2b: Whats New?|[spread] p2a,p2b\n|-supereffective|p2a: Mc Cloud\n|-resisted|p2b: Whats New?\n|-damage|p2a: Mc Cloud|0 fnt\n|-damage|p2b: Whats New?|75\/100\n|faint|p2a: Mc Cloud\n|\n|-weather|Snow|[upkeep]\n|upkeep\n|\n|t:|1696110484\n|switch|p1a: Cheems-Pao|Chien-Pao|100\/100\n|switch|p2a: In A Hot Tub|Sinistcha-Masterpiece, shiny|100\/100\n|-ability|p1a: Cheems-Pao|Sword of Ruin\n|-heal|p2b: Whats New?|99\/100|[from] ability: Hospitality|[of] p2a: In A Hot Tub\n|turn|4\n|\n|t:|1696110511\n|move|p1a: Cheems-Pao|Sacred Sword|p2b: Whats New?\n|-supereffective|p2b: Whats New?\n|-damage|p2b: Whats New?|52\/100\n|move|p2b: Whats New?|Knock Off|p1b: Pana Zulia\n|-damage|p1b: Pana Zulia|65\/100\n|-enditem|p1b: Pana Zulia|Heavy-Duty Boots|[from] move: Knock Off|[of] p2b: Whats New?\n|move|p1b: Pana Zulia|Eruption|p2b: Whats New?|[spread] p2a,p2b\n|-supereffective|p2a: In A Hot Tub\n|-crit|p2a: In A Hot Tub\n|-resisted|p2b: Whats New?\n|-damage|p2a: In A Hot Tub|43\/100\n|-damage|p2b: Whats New?|47\/100\n|-enditem|p2b: Whats New?|Sitrus Berry|[eat]\n|-heal|p2b: Whats New?|72\/100|[from] item: Sitrus Berry\n|move|p2a: In A Hot Tub|Trick Room|p2a: In A Hot Tub\n|-fieldstart|move: Trick Room|[of] p2a: In A Hot Tub\n|\n|-weather|Snow|[upkeep]\n|upkeep\n|turn|5\n|\n|t:|1696110535\n|move|p1a: Cheems-Pao|Sucker Punch|p2a: In A Hot Tub\n|-supereffective|p2a: In A Hot Tub\n|-damage|p2a: In A Hot Tub|0 fnt\n|faint|p2a: In A Hot Tub\n|move|p1b: Pana Zulia|Eruption|p2b: Whats New?\n|-resisted|p2b: Whats New?\n|-damage|p2b: Whats New?|64\/100\n|move|p2b: Whats New?|Flare Blitz|p1a: Cheems-Pao\n|-supereffective|p1a: Cheems-Pao\n|-damage|p1a: Cheems-Pao|8\/100\n|-damage|p2b: Whats New?|41\/100|[from] Recoil\n|\n|-weather|Snow|[upkeep]\n|upkeep\n|\n|t:|1696110546\n|switch|p2a: Lich's Big W|Wo-Chien|100\/100\n|-ability|p2a: Lich's Big W|Tablets of Ruin\n|turn|6\n|\n|t:|1696110567\n|move|p1a: Cheems-Pao|Sucker Punch|p2b: Whats New?\n|-resisted|p2b: Whats New?\n|-damage|p2b: Whats New?|30\/100\n|move|p1b: Pana Zulia|Lava Plume|p2a: Lich's Big W|[spread] p1a,p2a,p2b\n|-supereffective|p1a: Cheems-Pao\n|-supereffective|p2a: Lich's Big W\n|-resisted|p2b: Whats New?\n|-damage|p1a: Cheems-Pao|0 fnt\n|-damage|p2a: Lich's Big W|87\/100\n|-damage|p2b: Whats New?|26\/100\n|-status|p2a: Lich's Big W|brn\n|faint|p1a: Cheems-Pao\n|move|p2b: Whats New?|Knock Off|p1b: Pana Zulia\n|-damage|p1b: Pana Zulia|53\/100\n|move|p2a: Lich's Big W|Pollen Puff|p2b: Whats New?\n|-heal|p2b: Whats New?|76\/100\n|\n|-weather|Snow|[upkeep]\n|-heal|p2a: Lich's Big W|93\/100 brn|[from] item: Leftovers\n|-damage|p2a: Lich's Big W|87\/100 brn|[from] brn\n|upkeep\n|c|\u2606Mudkiped|this torkal is tryina get mvp rn\n|\n|t:|1696110595\n|switch|p1a: Volcanion|Volcanion|21\/100\n|turn|7\n|c|\u2606ErHecks|yeah xD\n|\n|t:|1696110610\n|move|p1b: Pana Zulia|Yawn|p2b: Whats New?\n|-start|p2b: Whats New?|move: Yawn|[of] p1b: Pana Zulia\n|move|p2b: Whats New?|Knock Off|p1a: Volcanion\n|-damage|p1a: Volcanion|0 fnt\n|-enditem|p1a: Volcanion|Leftovers|[from] move: Knock Off|[of] p2b: Whats New?\n|faint|p1a: Volcanion\n|move|p2a: Lich's Big W|Leech Seed|p1b: Pana Zulia\n|-start|p1b: Pana Zulia|move: Leech Seed\n|\n|-weather|none\n|-heal|p2a: Lich's Big W|93\/100 brn|[from] item: Leftovers\n|-damage|p1b: Pana Zulia|40\/100|[from] Leech Seed|[of] p2a: Lich's Big W\n|-heal|p2a: Lich's Big W|100\/100 brn|[silent]\n|-damage|p2a: Lich's Big W|94\/100 brn|[from] brn\n|upkeep\n|\n|t:|1696110632\n|switch|p1a: Agua Potable|Walking Wake|100\/100\n|turn|8\n|\n|t:|1696110651\n|move|p1b: Pana Zulia|Eruption|p2a: Lich's Big W|[spread] p2a,p2b\n|-supereffective|p2a: Lich's Big W\n|-resisted|p2b: Whats New?\n|-damage|p2a: Lich's Big W|84\/100 brn\n|-damage|p2b: Whats New?|73\/100\n|move|p2b: Whats New?|Knock Off|p1a: Agua Potable\n|-damage|p1a: Agua Potable|67\/100\n|-enditem|p1a: Agua Potable|Choice Specs|[from] move: Knock Off|[of] p2b: Whats New?\n|move|p2a: Lich's Big W|Leech Seed|p1a: Agua Potable\n|-start|p1a: Agua Potable|move: Leech Seed\n|move|p1a: Agua Potable|Flip Turn|p2b: Whats New?\n|-supereffective|p2b: Whats New?\n|-damage|p2b: Whats New?|58\/100\n|\n|t:|1696110667\n|-end|p1a: Agua Potable|Protosynthesis|[silent]\n|switch|p1a: Kingambit|Kingambit, M|100\/100|[from] Flip Turn\n|-activate|p1a: Kingambit|ability: Supreme Overlord\n|-start|p1a: Kingambit|fallen3|[silent]\n|\n|-heal|p2a: Lich's Big W|90\/100 brn|[from] item: Leftovers\n|-damage|p1b: Pana Zulia|28\/100|[from] Leech Seed|[of] p2a: Lich's Big W\n|-heal|p2a: Lich's Big W|100\/100 brn|[silent]\n|-damage|p2a: Lich's Big W|94\/100 brn|[from] brn\n|-end|p2b: Whats New?|move: Yawn|[silent]\n|-status|p2b: Whats New?|slp\n|-fieldend|move: Trick Room\n|upkeep\n|turn|9\n|\n|t:|1696110691\n|move|p2a: Lich's Big W|Pollen Puff|p2b: Whats New?\n|-heal|p2b: Whats New?|100\/100 slp\n|move|p1a: Kingambit|Iron Head|p2a: Lich's Big W\n|-damage|p2a: Lich's Big W|69\/100 brn\n|cant|p2b: Whats New?|slp\n|move|p1b: Pana Zulia|Eruption|p2a: Lich's Big W|[spread] p2a,p2b\n|-supereffective|p2a: Lich's Big W\n|-resisted|p2b: Whats New?\n|-damage|p2a: Lich's Big W|62\/100 brn\n|-damage|p2b: Whats New?|98\/100 slp\n|\n|-heal|p2a: Lich's Big W|68\/100 brn|[from] item: Leftovers\n|-damage|p1b: Pana Zulia|15\/100|[from] Leech Seed|[of] p2a: Lich's Big W\n|-heal|p2a: Lich's Big W|79\/100 brn|[silent]\n|-damage|p2a: Lich's Big W|73\/100 brn|[from] brn\n|upkeep\n|turn|10\n|\n|t:|1696110719\n|switch|p1b: Agua Potable|Walking Wake|67\/100\n|move|p2a: Lich's Big W|Leech Seed|p1a: Kingambit\n|-start|p1a: Kingambit|move: Leech Seed\n|move|p1a: Kingambit|Iron Head|p2a: Lich's Big W\n|-damage|p2a: Lich's Big W|49\/100 brn\n|-curestatus|p2b: Whats New?|slp|[msg]\n|move|p2b: Whats New?|Flare Blitz|p1a: Kingambit\n|-supereffective|p1a: Kingambit\n|-damage|p1a: Kingambit|42\/100\n|-damage|p2b: Whats New?|79\/100|[from] Recoil\n|\n|-heal|p2a: Lich's Big W|55\/100 brn|[from] item: Leftovers\n|-damage|p1a: Kingambit|30\/100|[from] Leech Seed|[of] p2a: Lich's Big W\n|-heal|p2a: Lich's Big W|68\/100 brn|[silent]\n|-damage|p2a: Lich's Big W|62\/100 brn|[from] brn\n|-sideend|p2: Mudkiped|move: Aurora Veil\n|upkeep\n|turn|11\n|\n|t:|1696110748\n|move|p2a: Lich's Big W|Protect|p2a: Lich's Big W\n|-singleturn|p2a: Lich's Big W|Protect\n|move|p1b: Agua Potable|Hydro Steam|p2b: Whats New?\n|-supereffective|p2b: Whats New?\n|-damage|p2b: Whats New?|22\/100\n|move|p1a: Kingambit|Iron Head|p2a: Lich's Big W\n|-activate|p2a: Lich's Big W|move: Protect\n|move|p2b: Whats New?|Parting Shot|p1b: Agua Potable\n|-unboost|p1b: Agua Potable|atk|1\n|-unboost|p1b: Agua Potable|spa|1\n|\n|-heal|p2a: Lich's Big W|68\/100 brn|[from] item: Leftovers\n|-damage|p1a: Kingambit|17\/100|[from] Leech Seed|[of] p2a: Lich's Big W\n|-heal|p2a: Lich's Big W|82\/100 brn|[silent]\n|-damage|p2a: Lich's Big W|76\/100 brn|[from] brn\n|upkeep\n|turn|12\n|\n|t:|1696110781\n|-end|p1a: Kingambit|fallen3|[silent]\n|switch|p1a: Pana Zulia|Torkoal, M|15\/100\n|-weather|SunnyDay|[from] ability: Drought|[of] p1a: Pana Zulia\n|-activate|p1b: Agua Potable|ability: Protosynthesis\n|-start|p1b: Agua Potable|protosynthesisspe\n|move|p1b: Agua Potable|Hydro Steam|p2b: Whats New?\n|-supereffective|p2b: Whats New?\n|-damage|p2b: Whats New?|0 fnt\n|faint|p2b: Whats New?\n|move|p2a: Lich's Big W|Leech Seed|p1b: Agua Potable\n|-start|p1b: Agua Potable|move: Leech Seed\n|\n|-weather|SunnyDay|[upkeep]\n|-heal|p2a: Lich's Big W|82\/100 brn|[from] item: Leftovers\n|-damage|p1b: Agua Potable|55\/100|[from] Leech Seed|[of] p2a: Lich's Big W\n|-heal|p2a: Lich's Big W|93\/100 brn|[silent]\n|-damage|p2a: Lich's Big W|87\/100 brn|[from] brn\n|upkeep\n|turn|13\n|\n|t:|1696110806\n|-end|p1b: Agua Potable|Protosynthesis|[silent]\n|switch|p1b: Kingambit|Kingambit, M|17\/100\n|-activate|p1b: Kingambit|ability: Supreme Overlord\n|-start|p1b: Kingambit|fallen3|[silent]\n|move|p2a: Lich's Big W|Protect|p2a: Lich's Big W\n|-singleturn|p2a: Lich's Big W|Protect\n|move|p1a: Pana Zulia|Eruption|p2a: Lich's Big W\n|-activate|p2a: Lich's Big W|move: Protect\n|\n|-weather|SunnyDay|[upkeep]\n|-heal|p2a: Lich's Big W|93\/100 brn|[from] item: Leftovers\n|-damage|p2a: Lich's Big W|87\/100 brn|[from] brn\n|upkeep\n|turn|14\n|\n|t:|1696110831\n|move|p2a: Lich's Big W|Pollen Puff|p1a: Pana Zulia\n|-resisted|p1a: Pana Zulia\n|-crit|p1a: Pana Zulia\n|-damage|p1a: Pana Zulia|0 fnt\n|faint|p1a: Pana Zulia\n|move|p1b: Kingambit|Iron Head|p2a: Lich's Big W\n|-damage|p2a: Lich's Big W|52\/100 brn\n|\n|-weather|SunnyDay|[upkeep]\n|-heal|p2a: Lich's Big W|59\/100 brn|[from] item: Leftovers\n|-damage|p2a: Lich's Big W|52\/100 brn|[from] brn\n|upkeep\n|c|\u2606Mudkiped|actually an unlucky crit\n|c|\u2606ErHecks|yep xd\n|\n|t:|1696110856\n|switch|p1a: Agua Potable|Walking Wake|55\/100\n|-activate|p1a: Agua Potable|ability: Protosynthesis\n|-start|p1a: Agua Potable|protosynthesisspe\n|turn|15\n|\n|t:|1696110874\n|-terastallize|p1a: Agua Potable|Fire\n|move|p2a: Lich's Big W|Protect|p2a: Lich's Big W\n|-singleturn|p2a: Lich's Big W|Protect\n|move|p1a: Agua Potable|Flamethrower|p2a: Lich's Big W\n|-activate|p2a: Lich's Big W|move: Protect\n|move|p1b: Kingambit|Iron Head|p2a: Lich's Big W\n|-activate|p2a: Lich's Big W|move: Protect\n|\n|-weather|SunnyDay|[upkeep]\n|-heal|p2a: Lich's Big W|59\/100 brn|[from] item: Leftovers\n|-damage|p2a: Lich's Big W|52\/100 brn|[from] brn\n|upkeep\n|turn|16\n|\n|t:|1696110897\n|move|p1a: Agua Potable|Flamethrower|p2a: Lich's Big W\n|-supereffective|p2a: Lich's Big W\n|-damage|p2a: Lich's Big W|0 fnt\n|faint|p2a: Lich's Big W\n|\n|win|ErHecks\n|raw|ErHecks's rating: 1315 &rarr; <strong>1343<\/strong><br \/>(+28 for winning)\n|raw|Mudkiped's rating: 1456 &rarr; <strong>1428<\/strong><br \/>(-28 for losing)\n|c|\u2606Mudkiped|ggs\n|c|\u2606ErHecks|gg\n","uploadtime":1696110906,"views":11,"p1id":"erhecks","p2id":"mudkiped","formatid":"gen9nationaldexdoubles","rating":1343,"private":0,"password":""}