{"id":"gen9nationaldexdoubles-1955098821","p1":"HeroTTM","p2":"Dasia_lovewitch","format":"[Gen 9] National Dex Doubles","log":"|j|\u2606HeroTTM\n|j|\u2606Dasia_lovewitch\n|t:|1695956177\n|gametype|doubles\n|player|p1|HeroTTM|1|1010\n|player|p2|Dasia_lovewitch|veteranf|1067\n|teamsize|p1|6\n|teamsize|p2|6\n|gen|9\n|tier|[Gen 9] National Dex Doubles\n|rated|\n|rule|HP Percentage Mod: HP is shown in percentages\n|rule|Endless Battle Clause: Forcing endless battles is banned\n|rule|OHKO Clause: OHKO moves are banned\n|rule|Evasion Moves Clause: Evasion moves are banned\n|rule|Evasion Abilities Clause: Evasion abilities are banned\n|rule|Species Clause: Limit one of each Pok\u00e9mon\n|rule|Gravity Sleep Clause: The combination of sleep-inducing moves with imperfect accuracy and Gravity or Gigantamax Orbeetle are banned\n|clearpoke\n|poke|p1|Delphox, M|\n|poke|p1|Serperior, M|\n|poke|p1|Smeargle, M|\n|poke|p1|Raichu-Alola, F|\n|poke|p1|Eevee, F|\n|poke|p1|Arcanine-Hisui, M|\n|poke|p2|Delphox, F|\n|poke|p2|Meowscarada, M|\n|poke|p2|Quaquaval, M|\n|poke|p2|Skeledirge, M|\n|poke|p2|Inteleon, F|\n|poke|p2|Rillaboom, F|\n|teampreview\n|\n|t:|1695956189\n|start\n|switch|p1a: Eevee|Eevee, F|100\/100\n|switch|p1b: Raichu|Raichu-Alola, F|100\/100\n|switch|p2a: Grass Magician|Meowscarada, M, shiny|100\/100\n|switch|p2b: Fire Singer|Skeledirge, M, shiny|100\/100\n|turn|1\n|\n|t:|1695956204\n|move|p1b: Raichu|Follow Me|p1b: Raichu\n|-singleturn|p1b: Raichu|move: Follow Me\n|move|p2a: Grass Magician|Grass Pledge|p1b: Raichu\n|-waiting|p2a: Grass Magician|p2b: Fire Singer\n|move|p2b: Fire Singer|Fire Pledge|p1b: Raichu|[from]move: Grass Pledge\n|-combine\n|-damage|p1b: Raichu|3\/100\n|-sidestart|p1: HeroTTM|Fire Pledge\n|-enditem|p1b: Raichu|Aguav Berry|[eat]\n|-heal|p1b: Raichu|36\/100|[from] item: Aguav Berry\n|-zpower|p1a: Eevee\n|move|p1a: Eevee|Extreme Evoboost|p1a: Eevee\n|-boost|p1a: Eevee|atk|2\n|-boost|p1a: Eevee|def|2\n|-boost|p1a: Eevee|spa|2\n|-boost|p1a: Eevee|spd|2\n|-boost|p1a: Eevee|spe|2\n|\n|-damage|p1b: Raichu|24\/100|[from] Fire Pledge\n|-damage|p1a: Eevee|88\/100|[from] Fire Pledge\n|upkeep\n|turn|2\n|\n|t:|1695956235\n|move|p1b: Raichu|Follow Me|p1b: Raichu\n|-singleturn|p1b: Raichu|move: Follow Me\n|move|p2a: Grass Magician|Grass Pledge|p1b: Raichu\n|-waiting|p2a: Grass Magician|p2b: Fire Singer\n|move|p2b: Fire Singer|Fire Pledge|p1b: Raichu|[from]move: Grass Pledge\n|-combine\n|-damage|p1b: Raichu|0 fnt\n|faint|p1b: Raichu\n|move|p1a: Eevee|Baton Pass|p1a: Eevee\n|\n|t:|1695956244\n|switch|p1a: Smeargle|Smeargle, M|100\/100|[from] Baton Pass\n|\n|-damage|p1a: Smeargle|88\/100|[from] Fire Pledge\n|-ability|p1a: Smeargle|Moody|boost\n|-boost|p1a: Smeargle|spd|2\n|-unboost|p1a: Smeargle|def|1\n|upkeep\n|\n|t:|1695956259\n|switch|p1b: Delphox|Delphox, M|100\/100\n|turn|3\n|\n|t:|1695956284\n|switch|p1b: Eevee|Eevee, F|88\/100\n|move|p2a: Grass Magician|Grass Pledge|p1a: Smeargle\n|-waiting|p2a: Grass Magician|p2b: Fire Singer\n|move|p2b: Fire Singer|Fire Pledge|p1a: Smeargle|[from]move: Grass Pledge\n|-combine\n|-damage|p1a: Smeargle|36\/100\n|move|p1a: Smeargle|Geomancy||[still]\n|-prepare|p1a: Smeargle|Geomancy\n|-enditem|p1a: Smeargle|Power Herb\n|-anim|p1a: Smeargle|Geomancy|p1a: Smeargle\n|-boost|p1a: Smeargle|spa|2\n|-boost|p1a: Smeargle|spd|2\n|-boost|p1a: Smeargle|spe|2\n|\n|-damage|p1a: Smeargle|24\/100|[from] Fire Pledge\n|-damage|p1b: Eevee|76\/100|[from] Fire Pledge\n|-ability|p1a: Smeargle|Moody|boost\n|-boost|p1a: Smeargle|atk|2\n|-unboost|p1a: Smeargle|spe|1\n|upkeep\n|turn|4\n|\n|t:|1695956307\n|switch|p1b: Delphox|Delphox, M|100\/100\n|move|p1a: Smeargle|Baton Pass|p1a: Smeargle\n|\n|t:|1695956311\n|switch|p1a: Serperior|Serperior, M|100\/100|[from] Baton Pass\n|move|p2a: Grass Magician|Grass Pledge|p1a: Serperior\n|-waiting|p2a: Grass Magician|p2b: Fire Singer\n|move|p2b: Fire Singer|Fire Pledge|p1a: Serperior|[from]move: Grass Pledge\n|-combine\n|-supereffective|p1a: Serperior\n|-damage|p1a: Serperior|53\/100\n|\n|-damage|p1a: Serperior|41\/100|[from] Fire Pledge\n|-sideend|p1: HeroTTM|Fire Pledge\n|upkeep\n|turn|5\n|\n|t:|1695956335\n|-terastallize|p1a: Serperior|Grass\n|move|p1a: Serperior|Leaf Storm|p2b: Fire Singer\n|-resisted|p2b: Fire Singer\n|-damage|p2b: Fire Singer|0 fnt\n|-boost|p1a: Serperior|spa|2\n|faint|p2b: Fire Singer\n|move|p2a: Grass Magician|Grass Pledge|p1a: Serperior\n|-resisted|p1a: Serperior\n|-damage|p1a: Serperior|36\/100\n|move|p1b: Delphox|Psych Up|p1a: Serperior\n|-copyboost|p1b: Delphox|p1a: Serperior|[from] move: Psych Up\n|\n|upkeep\n|\n|t:|1695956350\n|switch|p2b: Water Dancer|Quaquaval, M, shiny|100\/100\n|turn|6\n|\n|t:|1695956356\n|move|p1a: Serperior|Leaf Storm|p2b: Water Dancer\n|-supereffective|p2b: Water Dancer\n|-damage|p2b: Water Dancer|0 fnt\n|faint|p2b: Water Dancer\n|move|p1b: Delphox|Role Play|p1a: Serperior\n|-endability|p1b: Delphox|Magician|[from] move: Role Play\n|-ability|p1b: Delphox|Contrary|[from] move: Role Play|[of] p1a: Serperior\n|move|p2a: Grass Magician|Grass Pledge|p1a: Serperior\n|-resisted|p1a: Serperior\n|-damage|p1a: Serperior|30\/100\n|\n|upkeep\n|\n|t:|1695956367\n|switch|p2b: Fire Witch|Delphox, F, shiny|100\/100\n|turn|7\n|c|\u2606HeroTTM|gg\n|\n|t:|1695956374\n|move|p1a: Serperior|Leaf Storm|p2b: Fire Witch\n|-resisted|p2b: Fire Witch\n|-damage|p2b: Fire Witch|0 fnt\n|faint|p2b: Fire Witch\n|move|p1b: Delphox|Overheat|p2a: Grass Magician\n|-supereffective|p2a: Grass Magician\n|-damage|p2a: Grass Magician|0 fnt\n|faint|p2a: Grass Magician\n|\n|upkeep\n|c|\u2606Dasia_lovewitch|Gg\n|\n|t:|1695956391\n|switch|p2b: Grass Drummer|Rillaboom, F, shiny|100\/100\n|switch|p2a: Water Spy|Inteleon, F, shiny|100\/100\n|-fieldstart|move: Grassy Terrain|[from] ability: Grassy Surge|[of] p2b: Grass Drummer\n|turn|8\n|\n|t:|1695956402\n|move|p1a: Serperior|Leaf Storm|p2a: Water Spy\n|-supereffective|p2a: Water Spy\n|-damage|p2a: Water Spy|0 fnt\n|faint|p2a: Water Spy\n|move|p1b: Delphox|Overheat|p2b: Grass Drummer|[miss]\n|-miss|p1b: Delphox|p2b: Grass Drummer\n|move|p2b: Grass Drummer|Grass Pledge|p1a: Serperior\n|-resisted|p1a: Serperior\n|-damage|p1a: Serperior|25\/100\n|\n|-heal|p1a: Serperior|31\/100|[from] Grassy Terrain\n|upkeep\n|turn|9\n|\n|t:|1695956416\n|move|p1a: Serperior|Leaf Storm|p2b: Grass Drummer\n|-resisted|p2b: Grass Drummer\n|-damage|p2b: Grass Drummer|0 fnt\n|faint|p2b: Grass Drummer\n|\n|win|HeroTTM\n|raw|HeroTTM's rating: 1010 &rarr; <strong>1055<\/strong><br \/>(+45 for winning)\n|raw|Dasia_lovewitch's rating: 1067 &rarr; <strong>1044<\/strong><br \/>(-23 for losing)\n","uploadtime":1695956448,"views":11,"p1id":"herottm","p2id":"dasialovewitch","formatid":"gen9nationaldexdoubles","rating":1044,"private":0,"password":""}