{"id":"gen9nationaldexdoubles-1976137144","p1":"Numa no Kage","p2":"Gwanza","format":"[Gen 9] National Dex Doubles","log":"|j|\u2606Numa no Kage\n|j|\u2606Gwanza\n|t:|1698266907\n|gametype|doubles\n|player|p1|Numa no Kage|acetrainer|1282\n|player|p2|Gwanza|2|1323\n|teamsize|p1|6\n|teamsize|p2|6\n|gen|9\n|tier|[Gen 9] National Dex Doubles\n|rated|\n|rule|HP Percentage Mod: HP is shown in percentages\n|rule|Endless Battle Clause: Forcing endless battles is banned\n|rule|OHKO Clause: OHKO moves are banned\n|rule|Evasion Moves Clause: Evasion moves are banned\n|rule|Evasion Abilities Clause: Evasion abilities are banned\n|rule|Species Clause: Limit one of each Pok\u00e9mon\n|rule|Gravity Sleep Clause: The combination of sleep-inducing moves with imperfect accuracy and Gravity or Gigantamax Orbeetle are banned\n|clearpoke\n|poke|p1|Chansey, F|\n|poke|p1|Okidogi, M|\n|poke|p1|Grimmsnarl, M|\n|poke|p1|Landorus-Therian, M|\n|poke|p1|Walking Wake|\n|poke|p1|Flutter Mane|\n|poke|p2|Palossand, M|\n|poke|p2|Greninja-*, F|\n|poke|p2|Typhlosion-Hisui, F|\n|poke|p2|Dachsbun, F|\n|poke|p2|Cresselia, F|\n|poke|p2|Regieleki|\n|teampreview\n|inactive|Battle timer is ON: inactive players will automatically lose when time's up. (requested by Gwanza)\n|inactive|Numa no Kage also wants the timer to be on.\n|\n|t:|1698266914\n|start\n|switch|p1a: Chansey|Chansey, F|100\/100\n|switch|p1b: Grimmsnarl|Grimmsnarl, M, shiny|100\/100\n|switch|p2a: Palossand|Palossand, M|100\/100\n|switch|p2b: Greninja|Greninja, F|100\/100\n|turn|1\n|\n|t:|1698266933\n|move|p2b: Greninja|Water Shuriken|p2a: Palossand\n|-supereffective|p2a: Palossand\n|-damage|p2a: Palossand|94\/100\n|-ability|p2a: Palossand|Water Compaction|boost\n|-boost|p2a: Palossand|def|2\n|-supereffective|p2a: Palossand\n|-damage|p2a: Palossand|87\/100\n|-ability|p2a: Palossand|Water Compaction|boost\n|-boost|p2a: Palossand|def|2\n|-supereffective|p2a: Palossand\n|-damage|p2a: Palossand|81\/100\n|-ability|p2a: Palossand|Water Compaction|boost\n|-boost|p2a: Palossand|def|2\n|-supereffective|p2a: Palossand\n|-damage|p2a: Palossand|73\/100\n|-supereffective|p2a: Palossand\n|-damage|p2a: Palossand|66\/100\n|-hitcount|p2a: Palossand|5\n|-enditem|p2a: Palossand|Maranga Berry|[eat]\n|-boost|p2a: Palossand|spd|1|[from] item: Maranga Berry\n|move|p1b: Grimmsnarl|Light Screen|p1b: Grimmsnarl\n|-sidestart|p1: Numa no Kage|move: Light Screen\n|move|p2a: Palossand|Toxic|p1b: Grimmsnarl\n|-status|p1b: Grimmsnarl|tox\n|move|p1a: Chansey|Thunder Wave|p2b: Greninja\n|-status|p2b: Greninja|par\n|\n|-damage|p1b: Grimmsnarl|94\/100 tox|[from] psn\n|upkeep\n|turn|2\n|inactive|Gwanza has 120 seconds left.\n|\n|t:|1698266968\n|move|p1b: Grimmsnarl|Taunt|p2a: Palossand\n|-start|p2a: Palossand|move: Taunt\n|move|p2b: Greninja|Taunt|p1a: Chansey\n|-start|p1a: Chansey|move: Taunt\n|cant|p2a: Palossand|move: Taunt|Toxic\n|move|p1a: Chansey|Seismic Toss|p2b: Greninja\n|-damage|p2b: Greninja|66\/100 par\n|\n|-damage|p1b: Grimmsnarl|82\/100 tox|[from] psn\n|upkeep\n|turn|3\n|\n|t:|1698266986\n|move|p1b: Grimmsnarl|Parting Shot|p2a: Palossand\n|-unboost|p2a: Palossand|atk|1\n|-unboost|p2a: Palossand|spa|1\n|\n|t:|1698266989\n|switch|p1b: Landorus|Landorus-Therian, M|100\/100|[from] Parting Shot\n|-ability|p1b: Landorus|Intimidate|boost\n|-unboost|p2a: Palossand|atk|1\n|-unboost|p2b: Greninja|atk|1\n|move|p2b: Greninja|Gunk Shot|p1b: Landorus\n|-resisted|p1b: Landorus\n|-damage|p1b: Landorus|88\/100\n|move|p2a: Palossand|Earth Power|p1a: Chansey\n|-damage|p1a: Chansey|96\/100\n|move|p1a: Chansey|Seismic Toss|p2b: Greninja\n|-damage|p2b: Greninja|31\/100 par\n|\n|-heal|p1b: Landorus|94\/100|[from] item: Leftovers\n|upkeep\n|turn|4\n|inactive|Numa no Kage has 120 seconds left.\n|\n|t:|1698267022\n|move|p1b: Landorus|Earthquake|p2b: Greninja|[spread] p1a,p2a,p2b\n|-damage|p1a: Chansey|65\/100\n|-damage|p2a: Palossand|56\/100\n|-damage|p2b: Greninja|0 fnt\n|faint|p2b: Greninja\n|move|p2a: Palossand|Earth Power|p1a: Chansey\n|-damage|p1a: Chansey|60\/100\n|move|p1a: Chansey|Seismic Toss|p2a: Palossand\n|-immune|p2a: Palossand\n|\n|-heal|p1b: Landorus|99\/100|[from] item: Leftovers\n|-end|p2a: Palossand|move: Taunt\n|-end|p1a: Chansey|move: Taunt\n|upkeep\n|\n|t:|1698267030\n|switch|p2b: Dachsbun|Dachsbun, F|100\/100\n|turn|5\n|\n|t:|1698267046\n|move|p1b: Landorus|Stone Edge|p2b: Dachsbun\n|-damage|p2b: Dachsbun|63\/100\n|move|p2b: Dachsbun|Yawn|p1b: Landorus\n|-start|p1b: Landorus|move: Yawn|[of] p2b: Dachsbun\n|move|p2a: Palossand|Shore Up|p2a: Palossand\n|-heal|p2a: Palossand|100\/100\n|move|p1a: Chansey|Thunder Wave|p2b: Dachsbun\n|-status|p2b: Dachsbun|par\n|\n|-heal|p1b: Landorus|100\/100|[from] item: Leftovers\n|upkeep\n|turn|6\n|\n|t:|1698267068\n|switch|p1b: Grimmsnarl|Grimmsnarl, M, shiny|82\/100 tox\n|move|p2b: Dachsbun|Yawn|p1a: Chansey\n|-start|p1a: Chansey|move: Yawn|[of] p2b: Dachsbun\n|move|p2a: Palossand|Toxic|p1b: Grimmsnarl\n|-fail|p1b: Grimmsnarl|tox\n|move|p1a: Chansey|Seismic Toss|p2b: Dachsbun\n|-damage|p2b: Dachsbun|24\/100 par\n|\n|-damage|p1b: Grimmsnarl|76\/100 tox|[from] psn\n|upkeep\n|turn|7\n|\n|t:|1698267091\n|move|p1b: Grimmsnarl|Taunt|p2b: Dachsbun\n|-start|p2b: Dachsbun|move: Taunt\n|cant|p2b: Dachsbun|move: Taunt|Yawn\n|move|p2a: Palossand|Earth Power|p1a: Chansey\n|-damage|p1a: Chansey|56\/100\n|move|p1a: Chansey|Soft-Boiled|p1a: Chansey\n|-heal|p1a: Chansey|100\/100\n|\n|-damage|p1b: Grimmsnarl|64\/100 tox|[from] psn\n|-end|p1a: Chansey|move: Yawn|[silent]\n|-status|p1a: Chansey|slp\n|upkeep\n|turn|8\n|\n|t:|1698267112\n|move|p1b: Grimmsnarl|Parting Shot|p2a: Palossand\n|-unboost|p2a: Palossand|atk|1\n|-unboost|p2a: Palossand|spa|1\n|\n|t:|1698267116\n|switch|p1b: Landorus|Landorus-Therian, M|100\/100|[from] Parting Shot\n|-ability|p1b: Landorus|Intimidate|boost\n|-unboost|p2a: Palossand|atk|1\n|-unboost|p2b: Dachsbun|atk|1\n|move|p2b: Dachsbun|Body Press|p1a: Chansey\n|-supereffective|p1a: Chansey\n|-damage|p1a: Chansey|69\/100 slp\n|move|p2a: Palossand|Earth Power|p1a: Chansey\n|-damage|p1a: Chansey|67\/100 slp\n|cant|p1a: Chansey|slp\n|\n|-sideend|p1: Numa no Kage|move: Light Screen\n|upkeep\n|turn|9\n|\n|t:|1698267132\n|move|p1b: Landorus|Stone Edge|p2b: Dachsbun\n|-damage|p2b: Dachsbun|0 fnt\n|faint|p2b: Dachsbun\n|move|p2a: Palossand|Toxic|p1b: Landorus\n|-status|p1b: Landorus|tox\n|cant|p1a: Chansey|slp\n|\n|-damage|p1b: Landorus|95\/100 tox|[from] psn\n|upkeep\n|\n|t:|1698267140\n|switch|p2b: Typhlosion|Typhlosion-Hisui, F|100\/100\n|turn|10\n|\n|t:|1698267153\n|-terastallize|p2b: Typhlosion|Fire\n|move|p2b: Typhlosion|Eruption|p1a: Chansey|[spread] p1a,p1b\n|-damage|p1a: Chansey|41\/100 slp\n|-damage|p1b: Landorus|0 fnt\n|faint|p1b: Landorus\n|move|p2a: Palossand|Hex|p1a: Chansey\n|-immune|p1a: Chansey\n|cant|p1a: Chansey|slp\n|\n|upkeep\n|\n|t:|1698267174\n|switch|p1b: Grimmsnarl|Grimmsnarl, M, shiny|64\/100 tox\n|turn|11\n|\n|t:|1698267184\n|move|p1b: Grimmsnarl|Light Screen|p1b: Grimmsnarl\n|-sidestart|p1: Numa no Kage|move: Light Screen\n|move|p2b: Typhlosion|Eruption|p1a: Chansey|[spread] p1a,p1b\n|-damage|p1a: Chansey|26\/100 slp\n|-damage|p1b: Grimmsnarl|27\/100 tox\n|move|p2a: Palossand|Earth Power|p1a: Chansey\n|-damage|p1a: Chansey|23\/100 slp\n|-curestatus|p1a: Chansey|slp|[msg]\n|move|p1a: Chansey|Soft-Boiled|p1a: Chansey\n|-heal|p1a: Chansey|73\/100\n|\n|-damage|p1b: Grimmsnarl|21\/100 tox|[from] psn\n|upkeep\n|turn|12\n|\n|t:|1698267203\n|move|p1b: Grimmsnarl|Parting Shot|p2b: Typhlosion\n|-unboost|p2b: Typhlosion|atk|1\n|-unboost|p2b: Typhlosion|spa|1\n|\n|t:|1698267207\n|switch|p1b: Walking Wake|Walking Wake|100\/100|[from] Parting Shot\n|move|p2b: Typhlosion|Eruption|p1a: Chansey|[spread] p1a,p1b\n|-resisted|p1b: Walking Wake\n|-damage|p1a: Chansey|61\/100\n|-damage|p1b: Walking Wake|94\/100\n|move|p2a: Palossand|Earth Power|p1a: Chansey\n|-damage|p1a: Chansey|57\/100\n|move|p1a: Chansey|Soft-Boiled|p1a: Chansey\n|-heal|p1a: Chansey|100\/100\n|\n|upkeep\n|turn|13\n|\n|t:|1698267236\n|switch|p2b: Cresselia|Cresselia, F|100\/100\n|move|p1b: Walking Wake|Hydro Steam|p2b: Cresselia\n|-damage|p2b: Cresselia|70\/100\n|move|p2a: Palossand|Toxic|p1b: Walking Wake|[miss]\n|-miss|p2a: Palossand|p1b: Walking Wake\n|move|p1a: Chansey|Seismic Toss|p2b: Cresselia\n|-damage|p2b: Cresselia|44\/100\n|\n|-heal|p2b: Cresselia|50\/100|[from] item: Leftovers\n|upkeep\n|turn|14\n|\n|t:|1698267253\n|move|p1b: Walking Wake|Hydro Steam|p2b: Cresselia\n|-damage|p2b: Cresselia|24\/100\n|move|p2b: Cresselia|Calm Mind|p2b: Cresselia\n|-boost|p2b: Cresselia|spa|1\n|-boost|p2b: Cresselia|spd|1\n|move|p2a: Palossand|Toxic|p1b: Walking Wake\n|-status|p1b: Walking Wake|tox\n|move|p1a: Chansey|Seismic Toss|p2b: Cresselia\n|-damage|p2b: Cresselia|0 fnt\n|faint|p2b: Cresselia\n|\n|-damage|p1b: Walking Wake|88\/100 tox|[from] psn\n|upkeep\n|\n|t:|1698267266\n|switch|p2b: Regieleki|Regieleki|100\/100\n|turn|15\n|\n|t:|1698267280\n|move|p2b: Regieleki|Thunder Cage|p1b: Walking Wake\n|-damage|p1b: Walking Wake|58\/100 tox\n|-activate|p1b: Walking Wake|move: Thunder Cage|[of] p2b: Regieleki\n|move|p1b: Walking Wake|Hydro Steam|p2b: Regieleki\n|-damage|p2b: Regieleki|16\/100\n|move|p2a: Palossand|Toxic|p1a: Chansey\n|-status|p1a: Chansey|tox\n|move|p1a: Chansey|Seismic Toss|p2b: Regieleki\n|-damage|p2b: Regieleki|0 fnt\n|faint|p2b: Regieleki\n|\n|-damage|p1b: Walking Wake|45\/100 tox|[from] psn\n|-damage|p1a: Chansey|94\/100 tox|[from] psn\n|-end|p1b: Walking Wake|Thunder Cage|[partiallytrapped]|[silent]\n|upkeep\n|\n|t:|1698267289\n|switch|p2b: Typhlosion|Typhlosion-Hisui, F, tera:Fire|100\/100\n|turn|16\n|\n|t:|1698267317\n|move|p2b: Typhlosion|Shadow Ball|p1b: Walking Wake\n|-damage|p1b: Walking Wake|24\/100 tox\n|move|p1b: Walking Wake|Hydro Steam|p2b: Typhlosion\n|-supereffective|p2b: Typhlosion\n|-damage|p2b: Typhlosion|0 fnt\n|faint|p2b: Typhlosion\n|move|p2a: Palossand|Hex|p1b: Walking Wake\n|-damage|p1b: Walking Wake|11\/100 tox\n|move|p1a: Chansey|Seismic Toss|p2a: Palossand\n|-immune|p2a: Palossand\n|\n|-damage|p1b: Walking Wake|0 fnt|[from] psn\n|faint|p1b: Walking Wake\n|-end|p1b: Walking Wake|Protosynthesis|[silent]\n|-damage|p1a: Chansey|82\/100 tox|[from] psn\n|upkeep\n|\n|t:|1698267330\n|switch|p1b: Okidogi|Okidogi, M|100\/100\n|turn|17\n|\n|t:|1698267339\n|-curestatus|p1a: Chansey|tox|[from] ability: Natural Cure\n|switch|p1a: Grimmsnarl|Grimmsnarl, M, shiny|21\/100 tox\n|move|p1b: Okidogi|Poison Fang|p2a: Palossand\n|-resisted|p2a: Palossand\n|-damage|p2a: Palossand|99\/100\n|-status|p2a: Palossand|tox\n|move|p2a: Palossand|Earth Power|p1b: Okidogi\n|-supereffective|p1b: Okidogi\n|-damage|p1b: Okidogi|87\/100\n|\n|-damage|p1a: Grimmsnarl|15\/100 tox|[from] psn\n|-damage|p2a: Palossand|93\/100 tox|[from] psn\n|upkeep\n|turn|18\n|c|\u2606Gwanza|gg\n|\n|t:|1698267366\n|move|p1a: Grimmsnarl|Parting Shot|p2a: Palossand\n|-unboost|p2a: Palossand|atk|1\n|-unboost|p2a: Palossand|spa|1\n|\n|t:|1698267369\n|switch|p1a: Chansey|Chansey, F|82\/100|[from] Parting Shot\n|move|p1b: Okidogi|Ice Punch|p2a: Palossand\n|-supereffective|p2a: Palossand\n|-damage|p2a: Palossand|81\/100 tox\n|move|p2a: Palossand|Earth Power|p1b: Okidogi\n|-supereffective|p1b: Okidogi\n|-damage|p1b: Okidogi|76\/100\n|-unboost|p1b: Okidogi|spd|1\n|\n|-damage|p2a: Palossand|69\/100 tox|[from] psn\n|-sideend|p1: Numa no Kage|move: Light Screen\n|upkeep\n|turn|19\n|\n|t:|1698267387\n|-terastallize|p1b: Okidogi|Normal\n|move|p1b: Okidogi|Ice Punch|p2a: Palossand\n|-supereffective|p2a: Palossand\n|-damage|p2a: Palossand|56\/100 tox\n|move|p2a: Palossand|Earth Power|p1b: Okidogi\n|-damage|p1b: Okidogi|63\/100\n|move|p1a: Chansey|Soft-Boiled|p1a: Chansey\n|-heal|p1a: Chansey|100\/100\n|\n|-damage|p2a: Palossand|38\/100 tox|[from] psn\n|upkeep\n|turn|20\n|\n|t:|1698267400\n|move|p1b: Okidogi|Ice Punch|p2a: Palossand\n|-supereffective|p2a: Palossand\n|-damage|p2a: Palossand|26\/100 tox\n|move|p2a: Palossand|Toxic|p1b: Okidogi\n|-status|p1b: Okidogi|tox\n|move|p1a: Chansey|Stealth Rock|p2a: Palossand\n|-sidestart|p2: Gwanza|move: Stealth Rock\n|\n|-damage|p1b: Okidogi|57\/100 tox|[from] psn\n|-damage|p2a: Palossand|1\/100 tox|[from] psn\n|upkeep\n|turn|21\n|\n|t:|1698267414\n|move|p1b: Okidogi|Ice Punch|p2a: Palossand\n|-supereffective|p2a: Palossand\n|-damage|p2a: Palossand|0 fnt\n|faint|p2a: Palossand\n|\n|win|Numa no Kage\n|raw|Numa no Kage's rating: 1282 &rarr; <strong>1310<\/strong><br \/>(+28 for winning)\n|raw|Gwanza's rating: 1323 &rarr; <strong>1301<\/strong><br \/>(-22 for losing)\n|l|\u2606Gwanza\n","uploadtime":1698267433,"views":11,"p1id":"numanokage","p2id":"gwanza","formatid":"gen9nationaldexdoubles","rating":1301,"private":0,"password":""}