{"id":"gen9nationaldexdoubles-1983514084","p1":"Careytheicon","p2":"Ace427","format":"[Gen 9] National Dex Doubles","log":"|j|\u2606Careytheicon\n|j|\u2606Ace427\n|t:|1699138360\n|gametype|doubles\n|player|p1|Careytheicon|lucy|1121\n|player|p2|Ace427|dawn|1114\n|teamsize|p1|6\n|teamsize|p2|6\n|gen|9\n|tier|[Gen 9] National Dex Doubles\n|rated|\n|rule|HP Percentage Mod: HP is shown in percentages\n|rule|Endless Battle Clause: Forcing endless battles is banned\n|rule|OHKO Clause: OHKO moves are banned\n|rule|Evasion Moves Clause: Evasion moves are banned\n|rule|Evasion Abilities Clause: Evasion abilities are banned\n|rule|Species Clause: Limit one of each Pok\u00e9mon\n|rule|Gravity Sleep Clause: The combination of sleep-inducing moves with imperfect accuracy and Gravity or Gigantamax Orbeetle are banned\n|clearpoke\n|poke|p1|Shuckle, M|\n|poke|p1|Runerigus, F|\n|poke|p1|Malamar, F|\n|poke|p1|Victini|\n|poke|p1|Comfey, F|\n|poke|p1|Jirachi|\n|poke|p2|Dusclops, F|\n|poke|p2|Escavalier, M|\n|poke|p2|Iron Hands|\n|poke|p2|Pincurchin, M|\n|poke|p2|Flareon, M|\n|poke|p2|Clefable, M|\n|teampreview\n|inactive|Battle timer is ON: inactive players will automatically lose when time's up. (requested by Careytheicon)\n|\n|t:|1699138368\n|start\n|switch|p1a: Roxxx|Runerigus, F, shiny|100\/100\n|switch|p1b: Shuckle|Shuckle, M|100\/100\n|switch|p2a: Catch These|Iron Hands|100\/100\n|switch|p2b: Stella|Dusclops, F|100\/100\n|-ability|p2b: Stella|Pressure\n|turn|1\n|\n|t:|1699138385\n|move|p2a: Catch These|Fake Out|p1b: Shuckle\n|-resisted|p1b: Shuckle\n|-damage|p1b: Shuckle|93\/100\n|move|p1a: Roxxx|Stealth Rock|p2b: Stella\n|-sidestart|p2: Ace427|move: Stealth Rock\n|cant|p1b: Shuckle|flinch\n|move|p2b: Stella|Will-O-Wisp|p1a: Roxxx\n|-status|p1a: Roxxx|brn\n|\n|-damage|p1a: Roxxx|94\/100 brn|[from] brn\n|upkeep\n|turn|2\n|\n|t:|1699138407\n|move|p1a: Roxxx|Poltergeist|p2a: Catch These\n|-activate|p2a: Catch These|move: Poltergeist|Assault Vest\n|-damage|p2a: Catch These|88\/100\n|move|p2a: Catch These|Volt Switch|p1b: Shuckle\n|-crit|p1b: Shuckle\n|-damage|p1b: Shuckle|74\/100\n|\n|t:|1699138417\n|-end|p2a: Catch These|Quark Drive|[silent]\n|switch|p2a: Jerry|Flareon, M|100\/100|[from] Volt Switch\n|-damage|p2a: Jerry|76\/100|[from] Stealth Rock\n|move|p1b: Shuckle|Toxic|p2a: Jerry\n|-status|p2a: Jerry|tox\n|move|p2b: Stella|Trick Room|p2b: Stella\n|-fieldstart|move: Trick Room|[of] p2b: Stella\n|\n|-damage|p2a: Jerry|70\/100 tox|[from] psn\n|-damage|p1a: Roxxx|88\/100 brn|[from] brn\n|upkeep\n|turn|3\n|\n|t:|1699138434\n|move|p2b: Stella|Taunt|p1b: Shuckle\n|-start|p1b: Shuckle|move: Taunt\n|move|p1b: Shuckle|Infestation|p2a: Jerry\n|-resisted|p2a: Jerry\n|-damage|p2a: Jerry|69\/100 tox\n|-activate|p2a: Jerry|move: Infestation|[of] p1b: Shuckle\n|move|p1a: Roxxx|Poltergeist|p2a: Jerry\n|-activate|p2a: Jerry|move: Poltergeist|Choice Specs\n|-damage|p2a: Jerry|38\/100 tox\n|move|p2a: Jerry|Shadow Ball|p1a: Roxxx\n|-supereffective|p1a: Roxxx\n|-damage|p1a: Roxxx|0 fnt\n|faint|p1a: Roxxx\n|\n|-damage|p2a: Jerry|26\/100 tox|[from] psn\n|-damage|p2a: Jerry|14\/100 tox|[from] move: Infestation|[partiallytrapped]\n|upkeep\n|\n|t:|1699138451\n|switch|p1a: Comfey|Comfey, F|100\/100\n|turn|4\n|\n|t:|1699138462\n|move|p1a: Comfey|Protect|p1a: Comfey\n|-singleturn|p1a: Comfey|Protect\n|move|p2b: Stella|Will-O-Wisp|p1b: Shuckle\n|-status|p1b: Shuckle|brn\n|move|p1b: Shuckle|Infestation|p2b: Stella\n|-resisted|p2b: Stella\n|-damage|p2b: Stella|99\/100\n|-activate|p2b: Stella|move: Infestation|[of] p1b: Shuckle\n|move|p2a: Jerry|Shadow Ball|p1a: Comfey\n|-activate|p1a: Comfey|move: Protect\n|\n|-damage|p2a: Jerry|0 fnt|[from] psn\n|faint|p2a: Jerry\n|-damage|p1b: Shuckle|68\/100 brn|[from] brn\n|-damage|p2b: Stella|88\/100|[from] move: Infestation|[partiallytrapped]\n|upkeep\n|\n|t:|1699138473\n|switch|p2a: Steve|Escavalier, M|100\/100\n|-damage|p2a: Steve|88\/100|[from] Stealth Rock\n|turn|5\n|\n|t:|1699138490\n|switch|p1a: Victini|Victini|100\/100\n|move|p2b: Stella|Shadow Sneak|p1b: Shuckle\n|-damage|p1b: Shuckle|58\/100 brn\n|move|p2a: Steve|Iron Head|p1a: Victini\n|-resisted|p1a: Victini\n|-damage|p1a: Victini|77\/100\n|-enditem|p1a: Victini|Red Card|[of] p2a: Steve\n|drag|p2a: Catch These|Iron Hands|88\/100\n|-damage|p2a: Catch These|82\/100|[from] Stealth Rock\n|move|p1b: Shuckle|Infestation|p2a: Catch These\n|-resisted|p2a: Catch These\n|-damage|p2a: Catch These|81\/100\n|-activate|p2a: Catch These|move: Infestation|[of] p1b: Shuckle\n|\n|-damage|p1b: Shuckle|52\/100 brn|[from] brn\n|-damage|p2b: Stella|75\/100|[from] move: Infestation|[partiallytrapped]\n|-damage|p2a: Catch These|69\/100|[from] move: Infestation|[partiallytrapped]\n|-end|p1b: Shuckle|move: Taunt\n|upkeep\n|turn|6\n|inactive|Careytheicon has 120 seconds left.\n|\n|t:|1699138520\n|move|p2a: Catch These|Fake Out|p1a: Victini\n|-damage|p1a: Victini|61\/100\n|move|p2b: Stella|Shadow Sneak|p1b: Shuckle\n|-damage|p1b: Shuckle|43\/100 brn\n|-enditem|p1b: Shuckle|Sitrus Berry|[eat]\n|-heal|p1b: Shuckle|68\/100 brn|[from] item: Sitrus Berry\n|move|p1b: Shuckle|Toxic|p2a: Catch These\n|-status|p2a: Catch These|tox\n|cant|p1a: Victini|flinch\n|\n|-damage|p2a: Catch These|63\/100 tox|[from] psn\n|-damage|p1b: Shuckle|62\/100 brn|[from] brn\n|-damage|p2b: Stella|63\/100|[from] move: Infestation|[partiallytrapped]\n|-damage|p2a: Catch These|50\/100 tox|[from] move: Infestation|[partiallytrapped]\n|-fieldend|move: Trick Room\n|upkeep\n|turn|7\n|\n|t:|1699138539\n|move|p2b: Stella|Shadow Sneak|p1a: Victini\n|-supereffective|p1a: Victini\n|-damage|p1a: Victini|42\/100\n|move|p1a: Victini|Skill Swap|p1b: Shuckle\n|-activate|p1a: Victini|move: Skill Swap|||[of] p1b: Shuckle\n|move|p2a: Catch These|Volt Switch|p1b: Shuckle\n|-damage|p1b: Shuckle|51\/100 brn\n|\n|t:|1699138552\n|-end|p2a: Catch These|Quark Drive|[silent]\n|switch|p2a: Peter|Pincurchin, M|100\/100|[from] Volt Switch\n|-damage|p2a: Peter|88\/100|[from] Stealth Rock\n|-fieldstart|move: Electric Terrain|[from] ability: Electric Surge|[of] p2a: Peter\n|move|p1b: Shuckle|Toxic|p2b: Stella\n|-status|p2b: Stella|tox\n|\n|-heal|p2a: Peter|94\/100|[from] item: Leftovers\n|-damage|p2b: Stella|57\/100 tox|[from] psn\n|-damage|p1b: Shuckle|45\/100 brn|[from] brn\n|-damage|p2b: Stella|45\/100 tox|[from] move: Infestation|[partiallytrapped]\n|upkeep\n|turn|8\n|\n|t:|1699138570\n|-terastallize|p1a: Victini|Dark\n|move|p1a: Victini|V-create|p2b: Stella\n|-damage|p2b: Stella|2\/100 tox\n|-boost|p1a: Victini|spe|1\n|-boost|p1a: Victini|def|1\n|-boost|p1a: Victini|spd|1\n|move|p1b: Shuckle|Toxic|p2a: Peter\n|-status|p2a: Peter|tox\n|move|p2a: Peter|Scald|p1a: Victini\n|-damage|p1a: Victini|27\/100\n|move|p2b: Stella|Trick Room|p2b: Stella\n|-fieldstart|move: Trick Room|[of] p2b: Stella\n|\n|-heal|p2a: Peter|99\/100 tox|[from] item: Leftovers\n|-damage|p2a: Peter|94\/100 tox|[from] psn\n|-damage|p2b: Stella|0 fnt|[from] psn\n|faint|p2b: Stella\n|-damage|p1b: Shuckle|39\/100 brn|[from] brn\n|upkeep\n|\n|t:|1699138584\n|switch|p2b: Catch These|Iron Hands|50\/100 tox\n|-damage|p2b: Catch These|44\/100 tox|[from] Stealth Rock\n|-activate|p2b: Catch These|ability: Quark Drive\n|-start|p2b: Catch These|quarkdriveatk\n|turn|9\n|\n|t:|1699138598\n|move|p2b: Catch These|Fake Out|p1a: Victini\n|-damage|p1a: Victini|14\/100\n|move|p2a: Peter|Thunder Wave|p1a: Victini\n|-status|p1a: Victini|par\n|move|p1b: Shuckle|Infestation|p2a: Peter\n|-damage|p2a: Peter|92\/100 tox\n|-activate|p2a: Peter|move: Infestation|[of] p1b: Shuckle\n|cant|p1a: Victini|flinch\n|\n|-heal|p2a: Peter|98\/100 tox|[from] item: Leftovers\n|-damage|p2a: Peter|86\/100 tox|[from] psn\n|-damage|p2b: Catch These|38\/100 tox|[from] psn\n|-damage|p1b: Shuckle|33\/100 brn|[from] brn\n|-damage|p2a: Peter|73\/100 tox|[from] move: Infestation|[partiallytrapped]\n|upkeep\n|turn|10\n|\n|t:|1699138618\n|move|p2a: Peter|Scald|p1b: Shuckle\n|-supereffective|p1b: Shuckle\n|-damage|p1b: Shuckle|0 fnt\n|faint|p1b: Shuckle\n|move|p2b: Catch These|Drain Punch|p1a: Victini\n|-supereffective|p1a: Victini\n|-damage|p1a: Victini|0 fnt\n|-heal|p2b: Catch These|43\/100 tox|[from] drain|[of] p1a: Victini\n|faint|p1a: Victini\n|\n|-heal|p2a: Peter|79\/100 tox|[from] item: Leftovers\n|-damage|p2a: Peter|61\/100 tox|[from] psn\n|-damage|p2b: Catch These|30\/100 tox|[from] psn\n|-end|p2a: Peter|Infestation|[partiallytrapped]|[silent]\n|upkeep\n|\n|t:|1699138634\n|switch|p1b: Comfey|Comfey, F|100\/100\n|switch|p1a: Jirachi|Jirachi|100\/100\n|turn|11\n|\n|t:|1699138644\n|move|p1b: Comfey|Protect|p1b: Comfey\n|-singleturn|p1b: Comfey|Protect\n|move|p2a: Peter|Rising Voltage|p1a: Jirachi\n|-hint|Rising Voltage's BP doubled on grounded target.\n|-damage|p1a: Jirachi|24\/100\n|-enditem|p1a: Jirachi|Sitrus Berry|[eat]\n|-heal|p1a: Jirachi|49\/100|[from] item: Sitrus Berry\n|move|p2b: Catch These|Volt Switch|p1b: Comfey\n|-activate|p1b: Comfey|move: Protect\n|move|p1a: Jirachi|Ancient Power|p2a: Peter\n|-damage|p2a: Peter|41\/100 tox\n|\n|-heal|p2a: Peter|47\/100 tox|[from] item: Leftovers\n|-damage|p2a: Peter|23\/100 tox|[from] psn\n|-damage|p2b: Catch These|12\/100 tox|[from] psn\n|-fieldend|move: Electric Terrain\n|-end|p2b: Catch These|Quark Drive\n|upkeep\n|turn|12\n|inactive|Careytheicon has 120 seconds left.\n|inactive|Careytheicon has 90 seconds left.\n|\n|t:|1699138719\n|move|p1b: Comfey|Draining Kiss|p2a: Peter\n|-damage|p2a: Peter|2\/100 tox\n|move|p2a: Peter|Rising Voltage|p1a: Jirachi\n|-damage|p1a: Jirachi|19\/100\n|move|p2b: Catch These|Volt Switch|p1b: Comfey\n|-damage|p1b: Comfey|88\/100\n|\n|t:|1699138737\n|-end|p2b: Catch These|Quark Drive|[silent]\n|switch|p2b: Jenny|Clefable, M|100\/100|[from] Volt Switch\n|-damage|p2b: Jenny|88\/100|[from] Stealth Rock\n|move|p1a: Jirachi|Ancient Power|p2b: Jenny\n|-damage|p2b: Jenny|78\/100\n|-boost|p1a: Jirachi|atk|1\n|-boost|p1a: Jirachi|def|1\n|-boost|p1a: Jirachi|spa|1\n|-boost|p1a: Jirachi|spd|1\n|-boost|p1a: Jirachi|spe|1\n|\n|-heal|p2a: Peter|8\/100 tox|[from] item: Leftovers\n|-damage|p2a: Peter|0 fnt|[from] psn\n|faint|p2a: Peter\n|-fieldend|move: Trick Room\n|upkeep\n|\n|t:|1699138746\n|switch|p2a: Steve|Escavalier, M|88\/100\n|-damage|p2a: Steve|76\/100|[from] Stealth Rock\n|turn|13\n|\n|t:|1699138763\n|-terastallize|p2a: Steve|Fire\n|move|p1b: Comfey|Protect|p1b: Comfey\n|-singleturn|p1b: Comfey|Protect\n|move|p2b: Jenny|Follow Me|p2b: Jenny\n|-singleturn|p2b: Jenny|move: Follow Me\n|move|p1a: Jirachi|Iron Head|p2b: Jenny\n|-supereffective|p2b: Jenny\n|-damage|p2b: Jenny|7\/100\n|-damage|p1a: Jirachi|2\/100|[from] item: Rocky Helmet|[of] p2b: Jenny\n|move|p2a: Steve|Knock Off|p1a: Jirachi\n|-supereffective|p1a: Jirachi\n|-damage|p1a: Jirachi|0 fnt\n|faint|p1a: Jirachi\n|\n|upkeep\n|inactive|Careytheicon has 90 seconds left.\n|\n|t:|1699138775\n|switch|p1a: Malamar|Malamar, F|100\/100\n|turn|14\n|\n|t:|1699138789\n|move|p1b: Comfey|Draining Kiss|p2a: Steve\n|-resisted|p2a: Steve\n|-damage|p2a: Steve|68\/100\n|-heal|p1b: Comfey|99\/100|[from] drain|[of] p2a: Steve\n|move|p2b: Jenny|Follow Me|p2b: Jenny\n|-singleturn|p2b: Jenny|move: Follow Me\n|move|p1a: Malamar|Superpower|p2b: Jenny\n|-resisted|p2b: Jenny\n|-damage|p2b: Jenny|0 fnt\n|-boost|p1a: Malamar|atk|1\n|-boost|p1a: Malamar|def|1\n|-damage|p1a: Malamar|84\/100|[from] item: Rocky Helmet|[of] p2b: Jenny\n|faint|p2b: Jenny\n|move|p2a: Steve|Megahorn|p1a: Malamar\n|-supereffective|p1a: Malamar\n|-damage|p1a: Malamar|0 fnt\n|faint|p1a: Malamar\n|\n|upkeep\n|\n|t:|1699138798\n|switch|p2b: Catch These|Iron Hands|12\/100 tox\n|-damage|p2b: Catch These|6\/100 tox|[from] Stealth Rock\n|turn|15\n|\n|t:|1699138809\n|move|p2b: Catch These|Fake Out|p1b: Comfey\n|-damage|p1b: Comfey|77\/100\n|cant|p1b: Comfey|flinch\n|move|p2a: Steve|Iron Head|p1b: Comfey\n|-supereffective|p1b: Comfey\n|-damage|p1b: Comfey|0 fnt\n|faint|p1b: Comfey\n|\n|win|Ace427\n|raw|Careytheicon's rating: 1121 &rarr; <strong>1095<\/strong><br \/>(-26 for losing)\n|raw|Ace427's rating: 1114 &rarr; <strong>1140<\/strong><br \/>(+26 for winning)\n|c|\u2606Ace427|gg\n|l|\u2606Careytheicon\n","uploadtime":1699138819,"views":8,"p1id":"careytheicon","p2id":"ace427","formatid":"gen9nationaldexdoubles","rating":1095,"private":0,"password":""}