{"id":"gen9nationaldexdoubles-1978671980","p1":"shadowslayer309128","p2":"A long name really","format":"[Gen 9] National Dex Doubles","log":"|j|\u2606shadowslayer309128\n|j|\u2606A long name really\n|t:|1698578880\n|gametype|doubles\n|player|p1|shadowslayer309128|101|1175\n|player|p2|A long name really|candice|1072\n|teamsize|p1|6\n|teamsize|p2|6\n|gen|9\n|tier|[Gen 9] National Dex Doubles\n|rated|\n|rule|HP Percentage Mod: HP is shown in percentages\n|rule|Endless Battle Clause: Forcing endless battles is banned\n|rule|OHKO Clause: OHKO moves are banned\n|rule|Evasion Moves Clause: Evasion moves are banned\n|rule|Evasion Abilities Clause: Evasion abilities are banned\n|rule|Species Clause: Limit one of each Pok\u00e9mon\n|rule|Gravity Sleep Clause: The combination of sleep-inducing moves with imperfect accuracy and Gravity or Gigantamax Orbeetle are banned\n|clearpoke\n|poke|p1|Brute Bonnet|\n|poke|p1|Togekiss, M|\n|poke|p1|Murkrow, M|\n|poke|p1|Ogerpon-Hearthflame, F|\n|poke|p1|Shiftry, F|\n|poke|p1|Clefable, F|\n|poke|p2|Ribombee, F|\n|poke|p2|Glaceon, M|\n|poke|p2|Ninetales-Alola, M|\n|poke|p2|Chien-Pao|\n|poke|p2|Urshifu-*, M|\n|poke|p2|Glimmora, F|\n|teampreview\n|inactive|Battle timer is ON: inactive players will automatically lose when time's up. (requested by A long name really)\n|\n|t:|1698578891\n|start\n|switch|p1a: Murkrow|Murkrow, M|100\/100\n|switch|p1b: Brute Bonnet|Brute Bonnet|100\/100\n|switch|p2a: No YOU'RE RU|Glaceon, M|100\/100\n|switch|p2b: Ribombee|Ribombee, F|100\/100\n|turn|1\n|\n|t:|1698578901\n|move|p1a: Murkrow|Tailwind|p1a: Murkrow\n|-sidestart|p1: shadowslayer309128|move: Tailwind\n|move|p2b: Ribombee|After You|p2a: No YOU'RE RU\n|-activate|p2a: No YOU'RE RU|move: After You\n|move|p2a: No YOU'RE RU|Blizzard|p1a: Murkrow|[spread] p1b\n|-miss|p2a: No YOU'RE RU|p1a: Murkrow\n|-supereffective|p1b: Brute Bonnet\n|-damage|p1b: Brute Bonnet|38\/100\n|-status|p1b: Brute Bonnet|frz\n|cant|p1b: Brute Bonnet|frz\n|\n|upkeep\n|turn|2\n|c|\u2606A long name really|Rekt\n|\n|t:|1698578919\n|move|p1a: Murkrow|Perish Song|p1a: Murkrow\n|-start|p1a: Murkrow|perish3|[silent]\n|-start|p1b: Brute Bonnet|perish3|[silent]\n|-start|p2a: No YOU'RE RU|perish3|[silent]\n|-start|p2b: Ribombee|perish3|[silent]\n|-fieldactivate|move: Perish Song\n|move|p2b: Ribombee|Sticky Web|p1a: Murkrow\n|-sidestart|p1: shadowslayer309128|move: Sticky Web\n|cant|p1b: Brute Bonnet|frz\n|move|p2a: No YOU'RE RU|Substitute|p2a: No YOU'RE RU\n|-start|p2a: No YOU'RE RU|Substitute\n|-damage|p2a: No YOU'RE RU|76\/100\n|\n|-heal|p2a: No YOU'RE RU|82\/100|[from] item: Leftovers\n|-start|p1a: Murkrow|perish3\n|-start|p2b: Ribombee|perish3\n|-start|p1b: Brute Bonnet|perish3\n|-start|p2a: No YOU'RE RU|perish3\n|upkeep\n|turn|3\n|\n|t:|1698578945\n|move|p1a: Murkrow|Foul Play|p2a: No YOU'RE RU\n|-activate|p2a: No YOU'RE RU|move: Substitute|[damage]\n|move|p2b: Ribombee|Tailwind|p2b: Ribombee\n|-sidestart|p2: A long name really|move: Tailwind\n|move|p2a: No YOU'RE RU|Blizzard|p1b: Brute Bonnet|[spread] p1a,p1b\n|-supereffective|p1a: Murkrow\n|-supereffective|p1b: Brute Bonnet\n|-enditem|p1a: Murkrow|Focus Sash\n|-damage|p1a: Murkrow|1\/100\n|-damage|p1b: Brute Bonnet|0 fnt\n|faint|p1b: Brute Bonnet\n|-end|p1b: Brute Bonnet|Protosynthesis|[silent]\n|\n|-heal|p2a: No YOU'RE RU|88\/100|[from] item: Leftovers\n|-start|p2b: Ribombee|perish2\n|-start|p1a: Murkrow|perish2\n|-start|p2a: No YOU'RE RU|perish2\n|upkeep\n|inactive|shadowslayer309128 has 120 seconds left.\n|\n|t:|1698578960\n|switch|p1b: Clefable|Clefable, F|100\/100\n|-activate|p1b: Clefable|move: Sticky Web\n|-unboost|p1b: Clefable|spe|1\n|turn|4\n|\n|t:|1698578973\n|move|p2b: Ribombee|Aromatherapy||[still]\n|-activate|p2b: Ribombee|move: Aromatherapy\n|-fail|p2b: Ribombee\n|move|p1a: Murkrow|Foul Play|p2b: Ribombee\n|-resisted|p2b: Ribombee\n|-damage|p2b: Ribombee|90\/100\n|move|p2a: No YOU'RE RU|Blizzard|p1b: Clefable|[spread] p1a,p1b\n|-supereffective|p1a: Murkrow\n|-damage|p1a: Murkrow|0 fnt\n|-damage|p1b: Clefable|60\/100\n|faint|p1a: Murkrow\n|move|p1b: Clefable|Cosmic Power|p1b: Clefable\n|-boost|p1b: Clefable|def|1\n|-boost|p1b: Clefable|spd|1\n|\n|-heal|p2a: No YOU'RE RU|94\/100|[from] item: Leftovers\n|-heal|p1b: Clefable|66\/100|[from] item: Leftovers\n|-start|p2b: Ribombee|perish1\n|-start|p2a: No YOU'RE RU|perish1\n|-sideend|p1: shadowslayer309128|move: Tailwind\n|upkeep\n|inactive|shadowslayer309128 has 120 seconds left.\n|\n|t:|1698578994\n|switch|p1a: Togekiss|Togekiss, M|100\/100\n|turn|5\n|\n|t:|1698579005\n|switch|p2b: Glimmora|Glimmora, F|100\/100\n|switch|p2a: Ninetales|Ninetales-Alola, M|100\/100\n|-weather|Snow|[from] ability: Snow Warning|[of] p2a: Ninetales\n|move|p1a: Togekiss|Follow Me|p1a: Togekiss\n|-singleturn|p1a: Togekiss|move: Follow Me\n|move|p1b: Clefable|Cosmic Power|p1b: Clefable\n|-boost|p1b: Clefable|def|1\n|-boost|p1b: Clefable|spd|1\n|\n|-weather|Snow|[upkeep]\n|-heal|p1b: Clefable|72\/100|[from] item: Leftovers\n|upkeep\n|turn|6\n|\n|t:|1698579019\n|move|p1a: Togekiss|Follow Me|p1a: Togekiss\n|-singleturn|p1a: Togekiss|move: Follow Me\n|move|p2a: Ninetales|Aurora Veil|p2a: Ninetales\n|-sidestart|p2: A long name really|move: Aurora Veil\n|move|p2b: Glimmora|Stealth Rock|p1a: Togekiss\n|-sidestart|p1: shadowslayer309128|move: Stealth Rock\n|move|p1b: Clefable|Belly Drum|p1b: Clefable\n|-damage|p1b: Clefable|22\/100\n|-setboost|p1b: Clefable|atk|6|[from] move: Belly Drum\n|\n|-weather|Snow|[upkeep]\n|-heal|p1b: Clefable|28\/100|[from] item: Leftovers\n|-sideend|p2: A long name really|move: Tailwind\n|upkeep\n|turn|7\n|\n|t:|1698579031\n|move|p1a: Togekiss|Follow Me|p1a: Togekiss\n|-singleturn|p1a: Togekiss|move: Follow Me\n|move|p2a: Ninetales|Blizzard|p1a: Togekiss|[spread] p1a,p1b\n|-supereffective|p1a: Togekiss\n|-damage|p1a: Togekiss|61\/100\n|-damage|p1b: Clefable|16\/100\n|move|p2b: Glimmora|Mortal Spin|p1b: Clefable|[spread] p1a,p1b\n|-supereffective|p1a: Togekiss\n|-supereffective|p1b: Clefable\n|-damage|p1a: Togekiss|53\/100\n|-damage|p1b: Clefable|10\/100\n|-status|p1a: Togekiss|psn\n|-status|p1b: Clefable|psn\n|-damage|p2b: Glimmora|84\/100|[from] item: Rocky Helmet|[of] p1a: Togekiss\n|move|p1b: Clefable|Baton Pass|p1b: Clefable\n|\n|t:|1698579043\n|switch|p1b: Ogerpon|Ogerpon-Hearthflame, F|100\/100|[from] Baton Pass\n|-activate|p1b: Ogerpon|move: Sticky Web\n|-unboost|p1b: Ogerpon|spe|1\n|-damage|p1b: Ogerpon|76\/100|[from] Stealth Rock\n|-ability|p1b: Ogerpon|Mold Breaker\n|\n|-weather|Snow|[upkeep]\n|-damage|p1a: Togekiss|41\/100 psn|[from] psn\n|upkeep\n|turn|8\n|\n|t:|1698579070\n|move|p2a: Ninetales|Blizzard|p1b: Ogerpon|[spread] p1a,p1b\n|-supereffective|p1a: Togekiss\n|-damage|p1a: Togekiss|4\/100 psn\n|-damage|p1b: Ogerpon|62\/100\n|move|p2b: Glimmora|Mortal Spin|p1b: Ogerpon|[spread] p1a,p1b\n|-supereffective|p1a: Togekiss\n|-supereffective|p1b: Ogerpon\n|-damage|p1a: Togekiss|0 fnt\n|-damage|p1b: Ogerpon|56\/100\n|-status|p1b: Ogerpon|psn\n|-damage|p2b: Glimmora|68\/100|[from] item: Rocky Helmet|[of] p1a: Togekiss\n|faint|p1a: Togekiss\n|move|p1b: Ogerpon|Brick Break|p2a: Ninetales\n|-sideend|p2: A long name really|move: Aurora Veil\n|-damage|p2a: Ninetales|10\/100\n|\n|-weather|Snow|[upkeep]\n|-damage|p1b: Ogerpon|44\/100 psn|[from] psn\n|upkeep\n|inactive|shadowslayer309128 has 120 seconds left.\n|\n|t:|1698579084\n|switch|p1a: Shiftry|Shiftry, F|100\/100\n|-activate|p1a: Shiftry|move: Sticky Web\n|-unboost|p1a: Shiftry|spe|1\n|-damage|p1a: Shiftry|88\/100|[from] Stealth Rock\n|turn|9\n|\n|t:|1698579094\n|move|p2a: Ninetales|Aurora Veil|p2a: Ninetales\n|-sidestart|p2: A long name really|move: Aurora Veil\n|move|p2b: Glimmora|Mortal Spin|p1b: Ogerpon|[spread] p1a,p1b\n|-supereffective|p1a: Shiftry\n|-supereffective|p1b: Ogerpon\n|-damage|p1a: Shiftry|71\/100\n|-damage|p1b: Ogerpon|38\/100 psn\n|-status|p1a: Shiftry|psn\n|move|p1a: Shiftry|Psych Up|p1b: Ogerpon\n|-copyboost|p1a: Shiftry|p1b: Ogerpon|[from] move: Psych Up\n|move|p1b: Ogerpon|Brick Break|p2a: Ninetales\n|-sideend|p2: A long name really|move: Aurora Veil\n|-crit|p2a: Ninetales\n|-damage|p2a: Ninetales|0 fnt\n|faint|p2a: Ninetales\n|\n|-weather|none\n|-damage|p1b: Ogerpon|25\/100 psn|[from] psn\n|-damage|p1a: Shiftry|59\/100 psn|[from] psn\n|upkeep\n|\n|t:|1698579108\n|switch|p2a: No YOU'RE RU|Glaceon, M|94\/100\n|turn|10\n|\n|t:|1698579120\n|switch|p2b: Ribombee|Ribombee, F|90\/100\n|move|p2a: No YOU'RE RU|Substitute|p2a: No YOU'RE RU\n|-start|p2a: No YOU'RE RU|Substitute\n|-damage|p2a: No YOU'RE RU|69\/100\n|move|p1b: Ogerpon|Ivy Cudgel|p2a: No YOU'RE RU\n|-supereffective|p2a: No YOU'RE RU\n|-end|p2a: No YOU'RE RU|Substitute\n|move|p1a: Shiftry|Brick Break|p2b: Ribombee\n|-resisted|p2b: Ribombee\n|-damage|p2b: Ribombee|54\/100\n|\n|-heal|p2a: No YOU'RE RU|75\/100|[from] item: Leftovers\n|-damage|p1b: Ogerpon|13\/100 psn|[from] psn\n|-damage|p1a: Shiftry|46\/100 psn|[from] psn\n|upkeep\n|turn|11\n|\n|t:|1698579137\n|move|p2b: Ribombee|After You|p2a: No YOU'RE RU\n|-activate|p2a: No YOU'RE RU|move: After You\n|move|p2a: No YOU'RE RU|Blizzard|p1a: Shiftry|[spread] p1b\n|-immune|p1a: Shiftry|[from] ability: Wind Rider\n|-damage|p1b: Ogerpon|0 fnt\n|faint|p1b: Ogerpon\n|move|p1a: Shiftry|Brick Break|p2a: No YOU'RE RU\n|-supereffective|p2a: No YOU'RE RU\n|-damage|p2a: No YOU'RE RU|0 fnt\n|faint|p2a: No YOU'RE RU\n|\n|-damage|p1a: Shiftry|34\/100 psn|[from] psn\n|upkeep\n|\n|t:|1698579154\n|switch|p1b: Clefable|Clefable, F|10\/100 psn\n|switch|p2a: Urshifu|Urshifu-Rapid-Strike, M|100\/100\n|-activate|p1b: Clefable|move: Sticky Web\n|-unboost|p1b: Clefable|spe|1\n|-damage|p1b: Clefable|0 fnt|[from] Stealth Rock\n|faint|p1b: Clefable\n|turn|12\n|\n|t:|1698579163\n|move|p2b: Ribombee|Tailwind|p2b: Ribombee\n|-sidestart|p2: A long name really|move: Tailwind\n|move|p2a: Urshifu|Surging Strikes|p1a: Shiftry\n|-resisted|p1a: Shiftry\n|-crit|p1a: Shiftry\n|-damage|p1a: Shiftry|10\/100 psn\n|-resisted|p1a: Shiftry\n|-crit|p1a: Shiftry\n|-damage|p1a: Shiftry|0 fnt\n|faint|p1a: Shiftry\n|-hitcount|p1: Shiftry|2\n|\n|win|A long name really\n|raw|shadowslayer309128's rating: 1175 &rarr; <strong>1143<\/strong><br \/>(-32 for losing)\n|raw|A long name really's rating: 1072 &rarr; <strong>1110<\/strong><br \/>(+38 for winning)\n|l|\u2606shadowslayer309128\n","uploadtime":1698579188,"views":12,"p1id":"shadowslayer309128","p2id":"alongnamereally","formatid":"gen9nationaldexdoubles","rating":1110,"private":0,"password":""}