{"id":"gen9nationaldexdoubles-1986948276","p1":"NPC At Home","p2":"LightOfTheRuin","format":"[Gen 9] National Dex Doubles","log":"|j|\u2606NPC At Home\n|j|\u2606LightOfTheRuin\n|t:|1699543580\n|gametype|doubles\n|player|p1|NPC At Home|piers|1369\n|player|p2|LightOfTheRuin|mallow-masters|1337\n|teamsize|p1|6\n|teamsize|p2|6\n|gen|9\n|tier|[Gen 9] National Dex Doubles\n|rated|\n|rule|HP Percentage Mod: HP is shown in percentages\n|rule|Endless Battle Clause: Forcing endless battles is banned\n|rule|OHKO Clause: OHKO moves are banned\n|rule|Evasion Moves Clause: Evasion moves are banned\n|rule|Evasion Abilities Clause: Evasion abilities are banned\n|rule|Species Clause: Limit one of each Pok\u00e9mon\n|rule|Gravity Sleep Clause: The combination of sleep-inducing moves with imperfect accuracy and Gravity or Gigantamax Orbeetle are banned\n|clearpoke\n|poke|p1|Tyranitar, F|\n|poke|p1|Garchomp, F|\n|poke|p1|Volcanion|\n|poke|p1|Celesteela|\n|poke|p1|Excadrill, F|\n|poke|p1|Rillaboom, M|\n|poke|p2|Cherrim, F|\n|poke|p2|Lurantis, F|\n|poke|p2|Charizard, M|\n|poke|p2|Malamar, F|\n|poke|p2|Walking Wake|\n|poke|p2|Golurk|\n|teampreview\n|inactive|Battle timer is ON: inactive players will automatically lose when time's up. (requested by NPC At Home)\n|inactive|LightOfTheRuin has 120 seconds left.\n|\n|t:|1699543631\n|start\n|switch|p1a: Volcanion|Volcanion|100\/100\n|switch|p1b: Tyranitar|Tyranitar, F|100\/100\n|switch|p2a: Demeter|Lurantis, F|100\/100\n|switch|p2b: Eos|Cherrim, F, shiny|100\/100\n|-weather|Sandstorm|[from] ability: Sand Stream|[of] p1b: Tyranitar\n|turn|1\n|\n|t:|1699543642\n|move|p2b: Eos|Protect|p2b: Eos\n|-singleturn|p2b: Eos|Protect\n|move|p1a: Volcanion|Heat Wave|p2a: Demeter|[spread] p2a\n|-activate|p2b: Eos|move: Protect\n|-supereffective|p2a: Demeter\n|-damage|p2a: Demeter|53\/100\n|move|p1b: Tyranitar|Stealth Rock|p2b: Eos\n|-sidestart|p2: LightOfTheRuin|move: Stealth Rock\n|move|p2a: Demeter|Superpower|p1b: Tyranitar\n|-supereffective|p1b: Tyranitar\n|-damage|p1b: Tyranitar|0 fnt\n|-boost|p2a: Demeter|atk|1\n|-boost|p2a: Demeter|def|1\n|faint|p1b: Tyranitar\n|\n|-weather|Sandstorm|[upkeep]\n|-damage|p2b: Eos|94\/100|[from] Sandstorm\n|-damage|p1a: Volcanion|94\/100|[from] Sandstorm\n|-damage|p2a: Demeter|47\/100|[from] Sandstorm\n|-heal|p2b: Eos|100\/100|[from] item: Leftovers\n|upkeep\n|\n|t:|1699543649\n|switch|p1b: Celesteela|Celesteela|100\/100\n|turn|2\n|\n|t:|1699543673\n|-terastallize|p2a: Demeter|Fighting\n|move|p1b: Celesteela|Meteor Beam||[still]\n|-prepare|p1b: Celesteela|Meteor Beam\n|-boost|p1b: Celesteela|spa|1\n|-enditem|p1b: Celesteela|Power Herb\n|-anim|p1b: Celesteela|Meteor Beam|p2b: Eos|[miss]\n|-miss|p1b: Celesteela|p2b: Eos\n|move|p2b: Eos|Pollen Puff|p2a: Demeter\n|-heal|p2a: Demeter|97\/100\n|move|p1a: Volcanion|Heat Wave|p2a: Demeter|[spread] p2a,p2b\n|-supereffective|p2b: Eos\n|-damage|p2a: Demeter|72\/100\n|-damage|p2b: Eos|7\/100\n|move|p2a: Demeter|Superpower|p1a: Volcanion\n|-damage|p1a: Volcanion|26\/100\n|-boost|p2a: Demeter|atk|1\n|-boost|p2a: Demeter|def|1\n|\n|-weather|Sandstorm|[upkeep]\n|-damage|p2b: Eos|1\/100|[from] Sandstorm\n|-damage|p1a: Volcanion|20\/100|[from] Sandstorm\n|-damage|p2a: Demeter|66\/100|[from] Sandstorm\n|-heal|p2b: Eos|7\/100|[from] item: Leftovers\n|upkeep\n|turn|3\n|inactive|LightOfTheRuin has 120 seconds left.\n|\n|t:|1699543707\n|-terastallize|p1a: Volcanion|Ground\n|move|p1b: Celesteela|Air Slash|p2a: Demeter\n|-supereffective|p2a: Demeter\n|-damage|p2a: Demeter|0 fnt\n|faint|p2a: Demeter\n|-ability|p1b: Celesteela|Beast Boost|boost\n|-boost|p1b: Celesteela|spa|1\n|move|p2b: Eos|Pollen Puff|p2: Demeter|[notarget]\n|-fail|p2b: Eos\n|move|p1a: Volcanion|Heat Wave|p2b: Eos\n|-supereffective|p2b: Eos\n|-damage|p2b: Eos|0 fnt\n|faint|p2b: Eos\n|\n|-weather|Sandstorm|[upkeep]\n|upkeep\n|inactive|LightOfTheRuin has 120 seconds left.\n|\n|t:|1699543716\n|switch|p2b: Poseidon|Walking Wake|100\/100\n|switch|p2a: Apollo|Charizard, M|100\/100\n|-damage|p2b: Poseidon|88\/100|[from] Stealth Rock\n|-damage|p2a: Apollo|51\/100|[from] Stealth Rock\n|turn|4\n|\n|t:|1699543738\n|detailschange|p2a: Apollo|Charizard-Mega-Y, M\n|-mega|p2a: Apollo|Charizard|Charizardite Y\n|-weather|SunnyDay|[from] ability: Drought|[of] p2a: Apollo\n|-activate|p2b: Poseidon|ability: Protosynthesis\n|-start|p2b: Poseidon|protosynthesisspa\n|move|p2b: Poseidon|Weather Ball|p1a: Volcanion\n|-damage|p1a: Volcanion|0 fnt\n|faint|p1a: Volcanion\n|move|p2a: Apollo|Heat Wave|p1b: Celesteela\n|-supereffective|p1b: Celesteela\n|-damage|p1b: Celesteela|0 fnt\n|faint|p1b: Celesteela\n|\n|-weather|SunnyDay|[upkeep]\n|upkeep\n|\n|t:|1699543749\n|switch|p1b: Rillaboom|Rillaboom, M|100\/100\n|switch|p1a: Garchomp|Garchomp, F, shiny|100\/100\n|-fieldstart|move: Grassy Terrain|[from] ability: Grassy Surge|[of] p1b: Rillaboom\n|turn|5\n|\n|t:|1699543766\n|-end|p2b: Poseidon|Protosynthesis|[silent]\n|switch|p2b: Hades|Malamar, F|100\/100\n|-damage|p2b: Hades|88\/100|[from] Stealth Rock\n|detailschange|p1a: Garchomp|Garchomp-Mega, F, shiny\n|-mega|p1a: Garchomp|Garchomp|Garchompite\n|move|p2a: Apollo|Protect|p2a: Apollo\n|-singleturn|p2a: Apollo|Protect\n|move|p1b: Rillaboom|Fake Out|p2b: Hades\n|-damage|p2b: Hades|73\/100\n|move|p1a: Garchomp|Rock Slide|p2a: Apollo|[spread] p2b\n|-activate|p2a: Apollo|move: Protect\n|-damage|p2b: Hades|49\/100\n|\n|-weather|SunnyDay|[upkeep]\n|-heal|p2b: Hades|55\/100|[from] Grassy Terrain\n|upkeep\n|turn|6\n|\n|t:|1699543789\n|move|p1b: Rillaboom|Grassy Glide|p2b: Hades\n|-damage|p2b: Hades|13\/100\n|move|p1a: Garchomp|Rock Slide|p2b: Hades|[spread] p2b\n|-miss|p1a: Garchomp|p2a: Apollo\n|-damage|p2b: Hades|0 fnt\n|faint|p2b: Hades\n|move|p2a: Apollo|Roost|p2a: Apollo\n|-heal|p2a: Apollo|100\/100\n|-singleturn|p2a: Apollo|move: Roost\n|\n|-weather|SunnyDay|[upkeep]\n|upkeep\n|inactive|LightOfTheRuin has 120 seconds left.\n|\n|t:|1699543811\n|switch|p2b: Poseidon|Walking Wake|88\/100\n|-damage|p2b: Poseidon|76\/100|[from] Stealth Rock\n|-activate|p2b: Poseidon|ability: Protosynthesis\n|-start|p2b: Poseidon|protosynthesisspa\n|turn|7\n|inactive|LightOfTheRuin has 120 seconds left.\n|\n|t:|1699543845\n|move|p1a: Garchomp|Protect|p1a: Garchomp\n|-singleturn|p1a: Garchomp|Protect\n|move|p2b: Poseidon|Hydro Steam|p1a: Garchomp\n|-activate|p1a: Garchomp|move: Protect\n|move|p2a: Apollo|Heat Wave|p1b: Rillaboom|[spread] p1b\n|-activate|p1a: Garchomp|move: Protect\n|-supereffective|p1b: Rillaboom\n|-damage|p1b: Rillaboom|12\/100\n|move|p1b: Rillaboom|Wood Hammer|p2b: Poseidon\n|-damage|p2b: Poseidon|0 fnt\n|faint|p2b: Poseidon\n|-end|p2b: Poseidon|Protosynthesis|[silent]\n|-damage|p1b: Rillaboom|0 fnt|[from] Recoil\n|faint|p1b: Rillaboom\n|\n|-weather|SunnyDay|[upkeep]\n|upkeep\n|\n|t:|1699543858\n|switch|p2b: Thanatos|Golurk, shiny|100\/100\n|switch|p1b: Excadrill|Excadrill, F|100\/100\n|-damage|p2b: Thanatos|94\/100|[from] Stealth Rock\n|turn|8\n|\n|t:|1699543883\n|move|p1b: Excadrill|Protect|p1b: Excadrill\n|-singleturn|p1b: Excadrill|Protect\n|move|p1a: Garchomp|Rock Slide|p2b: Thanatos|[spread] p2b\n|-miss|p1a: Garchomp|p2a: Apollo\n|-resisted|p2b: Thanatos\n|-damage|p2b: Thanatos|83\/100\n|move|p2a: Apollo|Heat Wave|p1a: Garchomp|[spread] p1a\n|-activate|p1b: Excadrill|move: Protect\n|-resisted|p1a: Garchomp\n|-damage|p1a: Garchomp|70\/100\n|cant|p2b: Thanatos|flinch\n|\n|-weather|none\n|-heal|p1a: Garchomp|76\/100|[from] Grassy Terrain\n|-heal|p2b: Thanatos|89\/100|[from] Grassy Terrain\n|upkeep\n|turn|9\n|inactive|LightOfTheRuin has 120 seconds left.\n|\n|t:|1699543932\n|move|p1a: Garchomp|Rock Slide|p2a: Apollo|[spread] p2a,p2b\n|-supereffective|p2a: Apollo\n|-resisted|p2b: Thanatos\n|-damage|p2a: Apollo|24\/100\n|-damage|p2b: Thanatos|77\/100\n|move|p1b: Excadrill|Rock Slide|p2a: Apollo|[spread] p2a\n|-miss|p1b: Excadrill|p2b: Thanatos\n|-supereffective|p2a: Apollo\n|-damage|p2a: Apollo|0 fnt\n|faint|p2a: Apollo\n|move|p2b: Thanatos|Shadow Punch|p1a: Garchomp\n|-damage|p1a: Garchomp|43\/100\n|\n|-heal|p1a: Garchomp|49\/100|[from] Grassy Terrain\n|-heal|p2b: Thanatos|83\/100|[from] Grassy Terrain\n|-fieldend|move: Grassy Terrain\n|upkeep\n|turn|10\n|inactive|LightOfTheRuin has 120 seconds left.\n|\n|t:|1699543947\n|move|p1a: Garchomp|Swords Dance|p1a: Garchomp\n|-boost|p1a: Garchomp|atk|2\n|-zpower|p1b: Excadrill\n|move|p1b: Excadrill|Tectonic Rage|p2b: Thanatos|[zeffect]\n|-damage|p2b: Thanatos|0 fnt\n|faint|p2b: Thanatos\n|\n|win|NPC At Home\n|raw|NPC At Home's rating: 1369 &rarr; <strong>1387<\/strong><br \/>(+18 for winning)\n|raw|LightOfTheRuin's rating: 1337 &rarr; <strong>1319<\/strong><br \/>(-18 for losing)\n|l|\u2606LightOfTheRuin\n","uploadtime":1699543968,"views":8,"p1id":"npcathome","p2id":"lightoftheruin","formatid":"gen9nationaldexdoubles","rating":1319,"private":0,"password":""}