{"id":"gen9nationaldexdoubles-1973276308","p1":"MasterHand","p2":"MathHacker","format":"[Gen 9] National Dex Doubles","log":"|j|\u2606MasterHand\n|j|\u2606MathHacker\n|t:|1697947593\n|gametype|doubles\n|player|p1|MasterHand|volkner|1180\n|player|p2|MathHacker|picnicker|1394\n|teamsize|p1|6\n|teamsize|p2|6\n|gen|9\n|tier|[Gen 9] National Dex Doubles\n|rated|\n|rule|HP Percentage Mod: HP is shown in percentages\n|rule|Endless Battle Clause: Forcing endless battles is banned\n|rule|OHKO Clause: OHKO moves are banned\n|rule|Evasion Moves Clause: Evasion moves are banned\n|rule|Evasion Abilities Clause: Evasion abilities are banned\n|rule|Species Clause: Limit one of each Pok\u00e9mon\n|rule|Gravity Sleep Clause: The combination of sleep-inducing moves with imperfect accuracy and Gravity or Gigantamax Orbeetle are banned\n|clearpoke\n|poke|p1|Greninja-*, M|\n|poke|p1|Slowbro-Galar, M|\n|poke|p1|Iron Hands|\n|poke|p1|Throh, M|\n|poke|p1|Parasect, M|\n|poke|p1|Oranguru, M|\n|poke|p2|Shuckle, F|\n|poke|p2|Pelipper, M|\n|poke|p2|Cresselia, F|\n|poke|p2|Torkoal, M|\n|poke|p2|Oranguru, F|\n|poke|p2|Ursaluna, F|\n|teampreview\n|\n|t:|1697947611\n|start\n|switch|p1a: Iron Hands|Iron Hands|100\/100\n|switch|p1b: Oranguru|Oranguru, M|100\/100\n|switch|p2a: Shucky|Shuckle, F, shiny|100\/100\n|switch|p2b: munke|Oranguru, F|100\/100\n|-enditem|p1a: Iron Hands|Booster Energy\n|-activate|p1b: Oranguru|ability: Symbiosis|Life Orb|[of] p1a: Iron Hands\n|-activate|p1a: Iron Hands|ability: Quark Drive|[fromitem]\n|-start|p1a: Iron Hands|quarkdriveatk\n|turn|1\n|\n|t:|1697947625\n|move|p2b: munke|Protect|p2b: munke\n|-singleturn|p2b: munke|Protect\n|move|p2a: Shucky|Protect|p2a: Shucky\n|-singleturn|p2a: Shucky|Protect\n|move|p1a: Iron Hands|Fake Out|p2a: Shucky\n|-activate|p2a: Shucky|move: Protect\n|move|p1b: Oranguru|Yawn|p2b: munke\n|-activate|p2b: munke|move: Protect\n|\n|upkeep\n|turn|2\n|\n|t:|1697947640\n|move|p1b: Oranguru|Encore|p2a: Shucky\n|-start|p2a: Shucky|Encore\n|move|p1a: Iron Hands|Drain Punch|p2b: munke\n|-damage|p2b: munke|43\/100\n|-damage|p1a: Iron Hands|91\/100|[from] item: Life Orb\n|move|p2a: Shucky|Protect||[still]\n|-fail|p2a: Shucky\n|move|p2b: munke|Trick Room|p2b: munke\n|-fieldstart|move: Trick Room|[of] p2b: munke\n|\n|upkeep\n|turn|3\n|\n|t:|1697947697\n|switch|p2a: ber|Ursaluna, F|100\/100\n|move|p2b: munke|Protect|p2b: munke\n|-singleturn|p2b: munke|Protect\n|move|p1a: Iron Hands|Drain Punch|p2b: munke\n|-activate|p2b: munke|move: Protect\n|move|p1b: Oranguru|Trick Room|p1b: Oranguru\n|-fieldend|move: Trick Room\n|\n|-status|p2a: ber|brn|[from] item: Flame Orb\n|upkeep\n|turn|4\n|\n|t:|1697947797\n|-terastallize|p1a: Iron Hands|Fighting\n|-terastallize|p2a: ber|Poison\n|move|p2b: munke|Protect|p2b: munke\n|-singleturn|p2b: munke|Protect\n|move|p1b: Oranguru|Instruct|p1a: Iron Hands\n|-singleturn|p1a: Iron Hands|move: Instruct|[of] p1b: Oranguru\n|move|p1a: Iron Hands|Drain Punch|p2b: munke\n|-activate|p2b: munke|move: Protect\n|move|p1a: Iron Hands|Drain Punch|p2a: ber\n|-resisted|p2a: ber\n|-damage|p2a: ber|57\/100 brn\n|-heal|p1a: Iron Hands|100\/100|[from] drain|[of] p2a: ber\n|-damage|p1a: Iron Hands|91\/100|[from] item: Life Orb\n|move|p2a: ber|Earthquake|p1b: Oranguru|[spread] p1a,p1b\n|-activate|p2b: munke|move: Protect\n|-crit|p1b: Oranguru\n|-damage|p1a: Iron Hands|47\/100\n|-damage|p1b: Oranguru|0 fnt\n|faint|p1b: Oranguru\n|\n|-damage|p2a: ber|51\/100 brn|[from] brn\n|upkeep\n|\n|t:|1697947823\n|switch|p1b: Greninja|Greninja, M|100\/100\n|turn|5\n|\n|t:|1697947840\n|move|p1b: Greninja|Mat Block|p1b: Greninja\n|-singleturn|p1b: Greninja|Mat Block\n|move|p1a: Iron Hands|Drain Punch|p2b: munke\n|-damage|p2b: munke|0 fnt\n|-heal|p1a: Iron Hands|62\/100|[from] drain|[of] p2b: munke\n|faint|p2b: munke\n|-damage|p1a: Iron Hands|52\/100|[from] item: Life Orb\n|move|p2a: ber|Earthquake|p1a: Iron Hands|[spread] \n|-activate|p1a: Iron Hands|move: Mat Block|Earthquake\n|-activate|p1b: Greninja|move: Mat Block|Earthquake\n|\n|-damage|p2a: ber|45\/100 brn|[from] brn\n|upkeep\n|\n|t:|1697947858\n|switch|p2b: Cresselia|Cresselia, F, shiny|100\/100\n|turn|6\n|\n|t:|1697947882\n|switch|p1b: Throh|Throh, M|100\/100\n|move|p2a: ber|Protect|p2a: ber\n|-singleturn|p2a: ber|Protect\n|move|p1a: Iron Hands|Thunder Punch|p2a: ber\n|-activate|p2a: ber|move: Protect\n|move|p2b: Cresselia|Trick Room|p2b: Cresselia\n|-fieldstart|move: Trick Room|[of] p2b: Cresselia\n|\n|-damage|p2a: ber|39\/100 brn|[from] brn\n|upkeep\n|turn|7\n|\n|t:|1697947935\n|move|p2b: Cresselia|Helping Hand|p2a: ber\n|-singleturn|p2a: ber|Helping Hand|[of] p2b: Cresselia\n|move|p1b: Throh|Mat Block|p1b: Throh\n|-singleturn|p1b: Throh|Mat Block\n|move|p2a: ber|Facade|p1a: Iron Hands\n|-activate|p1a: Iron Hands|move: Mat Block|Facade\n|move|p1a: Iron Hands|Drain Punch|p2a: ber\n|-resisted|p2a: ber\n|-damage|p2a: ber|0 fnt\n|-heal|p1a: Iron Hands|67\/100|[from] drain|[of] p2a: ber\n|faint|p2a: ber\n|-damage|p1a: Iron Hands|57\/100|[from] item: Life Orb\n|\n|upkeep\n|\n|t:|1697947965\n|switch|p2a: Yertle|Torkoal, M|100\/100\n|-weather|SunnyDay|[from] ability: Drought|[of] p2a: Yertle\n|turn|8\n|\n|t:|1697948007\n|-end|p1a: Iron Hands|Quark Drive|[silent]\n|switch|p1a: Greninja|Greninja, M|100\/100\n|move|p2b: Cresselia|Helping Hand|p2a: Yertle\n|-singleturn|p2a: Yertle|Helping Hand|[of] p2b: Cresselia\n|move|p2a: Yertle|Eruption|p1a: Greninja|[spread] p1a,p1b\n|-resisted|p1a: Greninja\n|-damage|p1a: Greninja|0 fnt\n|-damage|p1b: Throh|0 fnt\n|faint|p1a: Greninja\n|faint|p1b: Throh\n|\n|-weather|SunnyDay|[upkeep]\n|upkeep\n|\n|t:|1697948033\n|switch|p1b: Slowbro|Slowbro-Galar, M|100\/100\n|switch|p1a: Parasect|Parasect, M|100\/100\n|turn|9\n|\n|t:|1697948049\n|move|p2b: Cresselia|Helping Hand|p2a: Yertle\n|-singleturn|p2a: Yertle|Helping Hand|[of] p2b: Cresselia\n|move|p1a: Parasect|Wide Guard|p1a: Parasect\n|-singleturn|p1a: Parasect|Wide Guard\n|move|p2a: Yertle|Eruption|p1a: Parasect|[spread] \n|-activate|p1a: Parasect|move: Wide Guard\n|-activate|p1b: Slowbro|move: Wide Guard\n|move|p1b: Slowbro|Belly Drum|p1b: Slowbro\n|-damage|p1b: Slowbro|50\/100\n|-setboost|p1b: Slowbro|atk|6|[from] move: Belly Drum\n|-enditem|p1b: Slowbro|Sitrus Berry|[eat]\n|-heal|p1b: Slowbro|75\/100|[from] item: Sitrus Berry\n|\n|-weather|SunnyDay|[upkeep]\n|upkeep\n|turn|10\n|\n|t:|1697948071\n|move|p2b: Cresselia|Helping Hand|p2a: Yertle\n|-singleturn|p2a: Yertle|Helping Hand|[of] p2b: Cresselia\n|move|p1a: Parasect|Wide Guard|p1a: Parasect\n|-singleturn|p1a: Parasect|Wide Guard\n|move|p2a: Yertle|Solar Beam||[still]\n|-prepare|p2a: Yertle|Solar Beam\n|-anim|p2a: Yertle|Solar Beam|p1b: Slowbro\n|-resisted|p1b: Slowbro\n|-damage|p1b: Slowbro|44\/100\n|move|p1b: Slowbro|Drain Punch|p2a: Yertle\n|-damage|p2a: Yertle|8\/100\n|-heal|p1b: Slowbro|77\/100|[from] drain|[of] p2a: Yertle\n|\n|-weather|SunnyDay|[upkeep]\n|-fieldend|move: Trick Room\n|upkeep\n|turn|11\n|\n|t:|1697948100\n|move|p2a: Yertle|Protect|p2a: Yertle\n|-singleturn|p2a: Yertle|Protect\n|move|p1a: Parasect|Leech Seed|p2b: Cresselia\n|-start|p2b: Cresselia|move: Leech Seed\n|move|p2b: Cresselia|Trick Room|p2b: Cresselia\n|-fieldstart|move: Trick Room|[of] p2b: Cresselia\n|move|p1b: Slowbro|Trick Room|p1b: Slowbro\n|-fieldend|move: Trick Room\n|\n|-weather|SunnyDay|[upkeep]\n|-damage|p2b: Cresselia|88\/100|[from] Leech Seed|[of] p1a: Parasect\n|upkeep\n|turn|12\n|-activate|p1b: Slowbro|ability: Quick Draw\n|\n|t:|1697948130\n|move|p2a: Yertle|Protect||[still]\n|-fail|p2a: Yertle\n|move|p1a: Parasect|Wide Guard|p1a: Parasect\n|-singleturn|p1a: Parasect|Wide Guard\n|move|p1b: Slowbro|Drain Punch|p2a: Yertle\n|-damage|p2a: Yertle|0 fnt\n|-heal|p1b: Slowbro|80\/100|[from] drain|[of] p2a: Yertle\n|faint|p2a: Yertle\n|move|p2b: Cresselia|Trick Room|p2b: Cresselia\n|-fieldstart|move: Trick Room|[of] p2b: Cresselia\n|\n|-weather|none\n|-heal|p2b: Cresselia|94\/100|[from] item: Leftovers\n|-damage|p2b: Cresselia|82\/100|[from] Leech Seed|[of] p1a: Parasect\n|upkeep\n|\n|t:|1697948145\n|switch|p2a: Bird|Pelipper, M|100\/100\n|-weather|RainDance|[from] ability: Drizzle|[of] p2a: Bird\n|turn|13\n|\n|t:|1697948160\n|move|p2b: Cresselia|Helping Hand|p2a: Bird\n|-singleturn|p2a: Bird|Helping Hand|[of] p2b: Cresselia\n|move|p1b: Slowbro|Waterfall|p2a: Bird\n|-resisted|p2a: Bird\n|-damage|p2a: Bird|18\/100\n|move|p2a: Bird|Hurricane|p1b: Slowbro\n|-damage|p1b: Slowbro|0 fnt\n|faint|p1b: Slowbro\n|move|p1a: Parasect|Leech Seed|p2a: Bird\n|-start|p2a: Bird|move: Leech Seed\n|\n|-weather|RainDance|[upkeep]\n|-heal|p2b: Cresselia|88\/100|[from] item: Leftovers\n|-damage|p2a: Bird|6\/100|[from] Leech Seed|[of] p1a: Parasect\n|-damage|p2b: Cresselia|75\/100|[from] Leech Seed|[of] p1a: Parasect\n|upkeep\n|\n|t:|1697948168\n|switch|p1b: Iron Hands|Iron Hands, tera:Fighting|57\/100\n|turn|14\n|\n|t:|1697948204\n|move|p2b: Cresselia|Helping Hand|p2a: Bird\n|-singleturn|p2a: Bird|Helping Hand|[of] p2b: Cresselia\n|move|p1b: Iron Hands|Fake Out|p2a: Bird\n|-damage|p2a: Bird|0 fnt\n|faint|p2a: Bird\n|-damage|p1b: Iron Hands|47\/100|[from] item: Life Orb\n|move|p1a: Parasect|Wide Guard|p1a: Parasect\n|-singleturn|p1a: Parasect|Wide Guard\n|\n|-weather|RainDance|[upkeep]\n|-heal|p2b: Cresselia|82\/100|[from] item: Leftovers\n|-damage|p2b: Cresselia|69\/100|[from] Leech Seed|[of] p1a: Parasect\n|upkeep\n|\n|t:|1697948215\n|switch|p2a: Shucky|Shuckle, F, shiny|100\/100\n|turn|15\n|\n|t:|1697948227\n|move|p2b: Cresselia|Ally Switch|p2b: Cresselia\n|swap|p2b: Cresselia|0|[from] move: Ally Switch\n|move|p2b: Shucky|Power Trick|p2b: Shucky\n|-start|p2b: Shucky|Power Trick\n|move|p1b: Iron Hands|Drain Punch|p2a: Cresselia\n|-resisted|p2a: Cresselia\n|-damage|p2a: Cresselia|46\/100\n|-heal|p1b: Iron Hands|57\/100|[from] drain|[of] p2a: Cresselia\n|-damage|p1b: Iron Hands|47\/100|[from] item: Life Orb\n|move|p1a: Parasect|Leech Seed||[still]\n|-fail|p1a: Parasect\n|\n|-weather|RainDance|[upkeep]\n|-heal|p2a: Cresselia|52\/100|[from] item: Leftovers\n|-damage|p2a: Cresselia|39\/100|[from] Leech Seed|[of] p1a: Parasect\n|upkeep\n|turn|16\n|\n|t:|1697948277\n|move|p2a: Cresselia|Helping Hand|p2b: Shucky\n|-singleturn|p2b: Shucky|Helping Hand|[of] p2a: Cresselia\n|move|p2b: Shucky|Gyro Ball|p1b: Iron Hands\n|-damage|p1b: Iron Hands|0 fnt\n|faint|p1b: Iron Hands\n|-end|p1b: Iron Hands|Quark Drive|[silent]\n|move|p1a: Parasect|Leech Seed|p2b: Shucky\n|-start|p2b: Shucky|move: Leech Seed\n|\n|-weather|RainDance|[upkeep]\n|-heal|p2a: Cresselia|45\/100|[from] item: Leftovers\n|-damage|p2b: Shucky|88\/100|[from] Leech Seed|[of] p1a: Parasect\n|-damage|p2a: Cresselia|33\/100|[from] Leech Seed|[of] p1a: Parasect\n|-fieldend|move: Trick Room\n|upkeep\n|turn|17\n|\n|t:|1697948300\n|move|p2b: Shucky|Protect|p2b: Shucky\n|-singleturn|p2b: Shucky|Protect\n|move|p1a: Parasect|Wide Guard|p1a: Parasect\n|-singleturn|p1a: Parasect|Wide Guard\n|move|p2a: Cresselia|Trick Room|p2a: Cresselia\n|-fieldstart|move: Trick Room|[of] p2a: Cresselia\n|\n|-weather|none\n|-heal|p2a: Cresselia|39\/100|[from] item: Leftovers\n|-damage|p2b: Shucky|76\/100|[from] Leech Seed|[of] p1a: Parasect\n|-damage|p2a: Cresselia|27\/100|[from] Leech Seed|[of] p1a: Parasect\n|upkeep\n|turn|18\n|\n|t:|1697948312\n|move|p2a: Cresselia|Helping Hand|p2b: Shucky\n|-singleturn|p2b: Shucky|Helping Hand|[of] p2a: Cresselia\n|move|p2b: Shucky|Gyro Ball|p1a: Parasect\n|-damage|p1a: Parasect|0 fnt\n|faint|p1a: Parasect\n|\n|win|MathHacker\n|raw|MasterHand's rating: 1180 &rarr; <strong>1169<\/strong><br \/>(-11 for losing)\n|raw|MathHacker's rating: 1394 &rarr; <strong>1403<\/strong><br \/>(+9 for winning)\n","uploadtime":1697948325,"views":7,"p1id":"masterhand","p2id":"mathhacker","formatid":"gen9nationaldexdoubles","rating":1169,"private":0,"password":""}