{"id":"gen9nationaldexdoubles-1969982895","p1":"lxvliiz","p2":"Boat guy","format":"[Gen 9] National Dex Doubles","log":"|j|\u2606lxvliiz\n|j|\u2606Boat guy\n|t:|1697581965\n|gametype|doubles\n|player|p1|lxvliiz|gambler|1124\n|player|p2|Boat guy|2|1135\n|teamsize|p1|6\n|teamsize|p2|6\n|gen|9\n|tier|[Gen 9] National Dex Doubles\n|rated|\n|rule|HP Percentage Mod: HP is shown in percentages\n|rule|Endless Battle Clause: Forcing endless battles is banned\n|rule|OHKO Clause: OHKO moves are banned\n|rule|Evasion Moves Clause: Evasion moves are banned\n|rule|Evasion Abilities Clause: Evasion abilities are banned\n|rule|Species Clause: Limit one of each Pok\u00e9mon\n|rule|Gravity Sleep Clause: The combination of sleep-inducing moves with imperfect accuracy and Gravity or Gigantamax Orbeetle are banned\n|clearpoke\n|poke|p1|Nidoking, M|\n|poke|p1|Ogerpon-Cornerstone, F|\n|poke|p1|Eevee, M|\n|poke|p1|Volcarona, F|\n|poke|p1|Mr. Mime, M|\n|poke|p1|Medicham, F|\n|poke|p2|Chansey, F|\n|poke|p2|Zygarde|\n|poke|p2|Zamazenta-*|\n|poke|p2|Cresselia, F|\n|poke|p2|Clodsire, F|\n|poke|p2|Ogerpon-Wellspring, F|\n|teampreview\n|\n|t:|1697581971\n|start\n|switch|p1a: testing1|Eevee, M|100\/100\n|switch|p1b: testing2|Ogerpon-Cornerstone, F|100\/100\n|switch|p2a: Cresselia|Cresselia, F|100\/100\n|switch|p2b: Clodsire|Clodsire, F|100\/100\n|turn|1\n|\n|t:|1697581987\n|move|p1b: testing2|Follow Me|p1b: testing2\n|-singleturn|p1b: testing2|move: Follow Me\n|move|p2a: Cresselia|Calm Mind|p2a: Cresselia\n|-boost|p2a: Cresselia|spa|1\n|-boost|p2a: Cresselia|spd|1\n|-zpower|p1a: testing1\n|move|p1a: testing1|Extreme Evoboost|p1a: testing1\n|-boost|p1a: testing1|atk|2\n|-boost|p1a: testing1|def|2\n|-boost|p1a: testing1|spa|2\n|-boost|p1a: testing1|spd|2\n|-boost|p1a: testing1|spe|2\n|move|p2b: Clodsire|Stealth Rock|p1a: testing1\n|-sidestart|p1: lxvliiz|move: Stealth Rock\n|\n|upkeep\n|turn|2\n|\n|t:|1697582010\n|move|p1b: testing2|Horn Leech|p2b: Clodsire\n|-damage|p2b: Clodsire|58\/100\n|move|p1a: testing1|Baton Pass|p1a: testing1\n|\n|t:|1697582015\n|switch|p1a: Medicham|Medicham, F|100\/100|[from] Baton Pass\n|-damage|p1a: Medicham|94\/100|[from] Stealth Rock\n|move|p2a: Cresselia|Dazzling Gleam|p1a: Medicham|[spread] p1a,p1b\n|-supereffective|p1a: Medicham\n|-damage|p1a: Medicham|55\/100\n|-damage|p1b: testing2|71\/100\n|move|p2b: Clodsire|Spikes|p1a: Medicham\n|-sidestart|p1: lxvliiz|Spikes\n|\n|-heal|p2b: Clodsire|64\/100|[from] item: Leftovers\n|upkeep\n|turn|3\n|\n|t:|1697582040\n|detailschange|p1a: Medicham|Medicham-Mega, F\n|-mega|p1a: Medicham|Medicham|Medichamite\n|move|p1a: Medicham|Drain Punch|p2b: Clodsire\n|-resisted|p2b: Clodsire\n|-damage|p2b: Clodsire|35\/100\n|-heal|p1a: Medicham|77\/100|[from] drain|[of] p2b: Clodsire\n|move|p1b: testing2|Horn Leech|p2a: Cresselia\n|-damage|p2a: Cresselia|71\/100\n|-heal|p1b: testing2|90\/100|[from] drain|[of] p2a: Cresselia\n|move|p2a: Cresselia|Dazzling Gleam|p1a: Medicham|[spread] p1a,p1b\n|-supereffective|p1a: Medicham\n|-damage|p1a: Medicham|44\/100\n|-damage|p1b: testing2|63\/100\n|move|p2b: Clodsire|Spikes|p1b: testing2\n|-sidestart|p1: lxvliiz|Spikes\n|\n|-heal|p2a: Cresselia|77\/100|[from] item: Leftovers\n|-heal|p2b: Clodsire|42\/100|[from] item: Leftovers\n|upkeep\n|turn|4\n|\n|t:|1697582062\n|-terastallize|p1b: testing2|Rock\n|detailschange|p1b: testing2|Ogerpon-Cornerstone-Tera, F, tera:Rock\n|-ability|p1b: testing2|Embody Aspect (Cornerstone)|boost\n|-boost|p1b: testing2|def|1\n|move|p1a: Medicham|Zen Headbutt|p2b: Clodsire\n|-supereffective|p2b: Clodsire\n|-damage|p2b: Clodsire|0 fnt\n|faint|p2b: Clodsire\n|move|p1b: testing2|Ivy Cudgel|p2a: Cresselia\n|-damage|p2a: Cresselia|21\/100\n|move|p2a: Cresselia|Lunar Blessing|p2a: Cresselia\n|-heal|p2a: Cresselia|46\/100\n|\n|-heal|p2a: Cresselia|52\/100|[from] item: Leftovers\n|upkeep\n|\n|t:|1697582094\n|switch|p2b: Chansey|Chansey, F|100\/100\n|turn|5\n|\n|t:|1697582107\n|move|p1a: Medicham|Drain Punch|p2b: Chansey\n|-supereffective|p2b: Chansey\n|-damage|p2b: Chansey|0 fnt\n|-heal|p1a: Medicham|100\/100|[from] drain|[of] p2b: Chansey\n|faint|p2b: Chansey\n|move|p1b: testing2|Ivy Cudgel|p2a: Cresselia\n|-damage|p2a: Cresselia|0 fnt\n|faint|p2a: Cresselia\n|\n|upkeep\n|\n|t:|1697582118\n|switch|p2a: Zamazenta|Zamazenta|100\/100\n|switch|p2b: Zygarde|Zygarde|100\/100\n|-ability|p2a: Zamazenta|Dauntless Shield|boost\n|-boost|p2a: Zamazenta|def|1\n|-ability|p2b: Zygarde|Aura Break\n|turn|6\n|\n|t:|1697582133\n|move|p2a: Zamazenta|Wide Guard|p2a: Zamazenta\n|-singleturn|p2a: Zamazenta|Wide Guard\n|move|p1a: Medicham|Power-Up Punch|p2a: Zamazenta\n|-damage|p2a: Zamazenta|66\/100\n|-boost|p1a: Medicham|atk|1\n|move|p1b: testing2|Horn Leech|p2b: Zygarde\n|-damage|p2b: Zygarde|67\/100\n|-heal|p1b: testing2|84\/100|[from] drain|[of] p2b: Zygarde\n|move|p2b: Zygarde|Dragon Dance|p2b: Zygarde\n|-boost|p2b: Zygarde|atk|1\n|-boost|p2b: Zygarde|spe|1\n|\n|-heal|p2b: Zygarde|73\/100|[from] item: Leftovers\n|-heal|p2a: Zamazenta|73\/100|[from] item: Leftovers\n|upkeep\n|turn|7\n|\n|t:|1697582162\n|move|p2b: Zygarde|Protect|p2b: Zygarde\n|-singleturn|p2b: Zygarde|Protect\n|move|p1a: Medicham|Zen Headbutt|p2a: Zamazenta\n|-supereffective|p2a: Zamazenta\n|-damage|p2a: Zamazenta|0 fnt\n|faint|p2a: Zamazenta\n|move|p1b: testing2|Ivy Cudgel|p2b: Zygarde\n|-activate|p2b: Zygarde|move: Protect\n|\n|-heal|p2b: Zygarde|79\/100|[from] item: Leftovers\n|upkeep\n|\n|t:|1697582171\n|switch|p2a: Ogerpon|Ogerpon-Wellspring, F|100\/100\n|turn|8\n|\n|t:|1697582189\n|-terastallize|p2a: Ogerpon|Water\n|detailschange|p2a: Ogerpon|Ogerpon-Wellspring-Tera, F, tera:Water\n|-ability|p2a: Ogerpon|Embody Aspect (Wellspring)|boost\n|-boost|p2a: Ogerpon|spd|1\n|move|p1a: Medicham|Zen Headbutt|p2a: Ogerpon\n|-crit|p2a: Ogerpon\n|-damage|p2a: Ogerpon|0 fnt\n|faint|p2a: Ogerpon\n|move|p2b: Zygarde|Thousand Waves|p1b: testing2|[spread] p1a,p1b\n|-supereffective|p1b: testing2\n|-damage|p1a: Medicham|61\/100\n|-damage|p1b: testing2|0 fnt\n|-activate|p1a: Medicham|trapped\n|faint|p1b: testing2\n|\n|-heal|p2b: Zygarde|85\/100|[from] item: Leftovers\n|upkeep\n|\n|t:|1697582205\n|switch|p1b: testing4|Volcarona, F|100\/100\n|-damage|p1b: testing4|51\/100|[from] Stealth Rock\n|-damage|p1b: testing4|34\/100|[from] Spikes\n|turn|9\n|\n|t:|1697582219\n|move|p1b: testing4|Rage Powder|p1b: testing4\n|-singleturn|p1b: testing4|move: Rage Powder\n|move|p1a: Medicham|Zen Headbutt|p2b: Zygarde\n|-damage|p2b: Zygarde|0 fnt\n|faint|p2b: Zygarde\n|\n|win|lxvliiz\n|raw|lxvliiz's rating: 1124 &rarr; <strong>1150<\/strong><br \/>(+26 for winning)\n|raw|Boat guy's rating: 1135 &rarr; <strong>1109<\/strong><br \/>(-26 for losing)\n|c|\u2606lxvliiz|gg\n|l|\u2606Boat guy\n","uploadtime":1697582230,"views":5,"p1id":"lxvliiz","p2id":"boatguy","formatid":"gen9nationaldexdoubles","rating":1109,"private":0,"password":""}