{"id":"gen9nationaldexdoubles-1998805597","p1":"dmddo wogus","p2":"Yo Soy Art","format":"[Gen 9] National Dex Doubles","log":"|j|\u2606dmddo wogus\n|j|\u2606Yo Soy Art\n|t:|1700994633\n|gametype|doubles\n|player|p1|dmddo wogus|rosa|1088\n|player|p2|Yo Soy Art|266|1000\n|teamsize|p1|6\n|teamsize|p2|6\n|gen|9\n|tier|[Gen 9] National Dex Doubles\n|rated|\n|rule|HP Percentage Mod: HP is shown in percentages\n|rule|Endless Battle Clause: Forcing endless battles is banned\n|rule|OHKO Clause: OHKO moves are banned\n|rule|Evasion Moves Clause: Evasion moves are banned\n|rule|Evasion Abilities Clause: Evasion abilities are banned\n|rule|Species Clause: Limit one of each Pok\u00e9mon\n|rule|Gravity Sleep Clause: The combination of sleep-inducing moves with imperfect accuracy and Gravity or Gigantamax Orbeetle are banned\n|clearpoke\n|poke|p1|Torkoal, F|\n|poke|p1|Whimsicott, F|\n|poke|p1|Venusaur, F|\n|poke|p1|Walking Wake|\n|poke|p1|Excadrill, F|\n|poke|p1|Charizard, F|\n|poke|p2|Amoonguss, F|\n|poke|p2|Grimmsnarl, M|\n|poke|p2|Iron Moth|\n|poke|p2|Kartana|\n|poke|p2|Venusaur, F|\n|poke|p2|Tapu Fini|\n|teampreview\n|\n|t:|1700994666\n|start\n|switch|p1a: Whimsicott|Whimsicott, F, shiny|100\/100\n|switch|p1b: Charizard|Charizard, F, shiny|100\/100\n|switch|p2a: El Bromas|Grimmsnarl, M|100\/100\n|switch|p2b: La Parca|Tapu Fini, shiny|100\/100\n|-fieldstart|move: Misty Terrain|[from] ability: Misty Surge|[of] p2b: La Parca\n|turn|1\n|\n|t:|1700994699\n|move|p1a: Whimsicott|Sunny Day|p1a: Whimsicott\n|-weather|SunnyDay\n|move|p2a: El Bromas|Taunt|p1a: Whimsicott\n|-start|p1a: Whimsicott|move: Taunt\n|move|p1b: Charizard|Heat Wave|p2b: La Parca|[spread] p2a\n|-miss|p1b: Charizard|p2b: La Parca\n|-damage|p2a: El Bromas|0 fnt\n|faint|p2a: El Bromas\n|-damage|p1b: Charizard|91\/100|[from] item: Life Orb\n|move|p2b: La Parca|Calm Mind|p2b: La Parca\n|-boost|p2b: La Parca|spa|1\n|-boost|p2b: La Parca|spd|1\n|\n|-weather|SunnyDay|[upkeep]\n|-damage|p1b: Charizard|78\/100|[from] ability: Solar Power|[of] p1b: Charizard\n|upkeep\n|c|\u2606Yo Soy Art|wow\n|\n|t:|1700994720\n|switch|p2a: Polilla Asesina|Iron Moth, shiny|100\/100\n|-enditem|p2a: Polilla Asesina|Booster Energy\n|-activate|p2a: Polilla Asesina|ability: Quark Drive|[fromitem]\n|-start|p2a: Polilla Asesina|quarkdrivespa\n|turn|2\n|\n|t:|1700994752\n|switch|p1a: Excadrill|Excadrill, F, shiny|100\/100\n|-ability|p1a: Excadrill|Mold Breaker\n|move|p2a: Polilla Asesina|Sludge Wave|p1a: Excadrill|[spread] p2b,p1b\n|-immune|p1a: Excadrill\n|-supereffective|p2b: La Parca\n|-damage|p2b: La Parca|44\/100\n|-damage|p1b: Charizard|16\/100\n|move|p1b: Charizard|Air Slash|p2a: Polilla Asesina\n|-damage|p2a: Polilla Asesina|32\/100\n|-damage|p1b: Charizard|7\/100|[from] item: Life Orb\n|move|p2b: La Parca|Iron Defense|p2b: La Parca\n|-boost|p2b: La Parca|def|2\n|\n|-weather|SunnyDay|[upkeep]\n|-damage|p1b: Charizard|0 fnt|[from] ability: Solar Power|[of] p1b: Charizard\n|faint|p1b: Charizard\n|-heal|p2b: La Parca|50\/100|[from] item: Leftovers\n|upkeep\n|\n|t:|1700994785\n|switch|p1b: Walking Wake|Walking Wake|100\/100\n|-activate|p1b: Walking Wake|ability: Protosynthesis\n|-start|p1b: Walking Wake|protosynthesisspa\n|turn|3\n|\n|t:|1700994805\n|move|p1b: Walking Wake|Hydro Steam|p2a: Polilla Asesina\n|-supereffective|p2a: Polilla Asesina\n|-damage|p2a: Polilla Asesina|0 fnt\n|faint|p2a: Polilla Asesina\n|-end|p2a: Polilla Asesina|Quark Drive|[silent]\n|move|p1a: Excadrill|Iron Head|p2b: La Parca\n|-damage|p2b: La Parca|32\/100\n|move|p2b: La Parca|Draining Kiss|p1b: Walking Wake\n|-supereffective|p1b: Walking Wake\n|-damage|p1b: Walking Wake|40\/100\n|-heal|p2b: La Parca|77\/100|[from] drain|[of] p1b: Walking Wake\n|\n|-weather|SunnyDay|[upkeep]\n|-heal|p2b: La Parca|83\/100|[from] item: Leftovers\n|upkeep\n|\n|t:|1700994821\n|switch|p2a: La Espada de FINN|Kartana|100\/100\n|turn|4\n|\n|t:|1700994832\n|move|p2a: La Espada de FINN|Sacred Sword|p1a: Excadrill\n|-supereffective|p1a: Excadrill\n|-damage|p1a: Excadrill|0 fnt\n|faint|p1a: Excadrill\n|-ability|p2a: La Espada de FINN|Beast Boost|boost\n|-boost|p2a: La Espada de FINN|atk|1\n|move|p1b: Walking Wake|Weather Ball|p2a: La Espada de FINN\n|-supereffective|p2a: La Espada de FINN\n|-damage|p2a: La Espada de FINN|0 fnt\n|faint|p2a: La Espada de FINN\n|move|p2b: La Parca|Draining Kiss|p1b: Walking Wake\n|-supereffective|p1b: Walking Wake\n|-damage|p1b: Walking Wake|0 fnt\n|-heal|p2b: La Parca|100\/100|[from] drain|[of] p1b: Walking Wake\n|faint|p1b: Walking Wake\n|-end|p1b: Walking Wake|Protosynthesis|[silent]\n|\n|-weather|SunnyDay|[upkeep]\n|upkeep\n|\n|t:|1700994855\n|switch|p2a: La PokeSpore|Amoonguss, F, shiny|100\/100\n|switch|p1b: Whimsicott|Whimsicott, F, shiny|100\/100\n|switch|p1a: Venusaur|Venusaur, F, shiny|100\/100\n|turn|5\n|\n|t:|1700994878\n|-terastallize|p2b: La Parca|Poison\n|move|p2a: La PokeSpore|Rage Powder|p2a: La PokeSpore\n|-singleturn|p2a: La PokeSpore|move: Rage Powder\n|move|p1b: Whimsicott|Encore|p2b: La Parca\n|-start|p2b: La Parca|Encore\n|move|p1a: Venusaur|Growth|p1a: Venusaur\n|-boost|p1a: Venusaur|atk|2\n|-boost|p1a: Venusaur|spa|2\n|move|p2b: La Parca|Draining Kiss|p1a: Venusaur\n|-resisted|p1a: Venusaur\n|-crit|p1a: Venusaur\n|-damage|p1a: Venusaur|79\/100\n|\n|-weather|none\n|-fieldend|Misty Terrain\n|upkeep\n|turn|6\n|\n|t:|1700994895\n|switch|p1b: Torkoal|Torkoal, F, shiny|100\/100\n|-weather|SunnyDay|[from] ability: Drought|[of] p1b: Torkoal\n|move|p1a: Venusaur|Weather Ball|p2b: La Parca\n|-damage|p2b: La Parca|57\/100\n|move|p2b: La Parca|Draining Kiss|p1a: Venusaur\n|-resisted|p1a: Venusaur\n|-damage|p1a: Venusaur|66\/100\n|-heal|p2b: La Parca|66\/100|[from] drain|[of] p1a: Venusaur\n|move|p2a: La PokeSpore|Sludge Bomb|p1b: Torkoal\n|-damage|p1b: Torkoal|63\/100\n|-status|p1b: Torkoal|psn\n|\n|-weather|SunnyDay|[upkeep]\n|-heal|p2b: La Parca|72\/100|[from] item: Leftovers\n|-damage|p1b: Torkoal|51\/100 psn|[from] psn\n|upkeep\n|turn|7\n|\n|t:|1700994921\n|move|p1a: Venusaur|Sleep Powder|p2b: La Parca\n|-status|p2b: La Parca|slp|[from] move: Sleep Powder\n|cant|p2b: La Parca|slp\n|move|p2a: La PokeSpore|Sludge Bomb|p1b: Torkoal\n|-damage|p1b: Torkoal|15\/100 psn\n|move|p1b: Torkoal|Heat Wave|p2a: La PokeSpore|[spread] p2a,p2b\n|-supereffective|p2a: La PokeSpore\n|-damage|p2a: La PokeSpore|14\/100\n|-damage|p2b: La Parca|51\/100 slp\n|\n|-weather|SunnyDay|[upkeep]\n|-heal|p2b: La Parca|57\/100 slp|[from] item: Leftovers\n|-damage|p1b: Torkoal|3\/100 psn|[from] psn\n|-end|p2b: La Parca|Encore\n|upkeep\n|turn|8\n|\n|t:|1700994939\n|switch|p2a: Zapito|Venusaur, F, shiny|100\/100\n|-terastallize|p1a: Venusaur|Fire\n|move|p1a: Venusaur|Weather Ball|p2b: La Parca\n|-damage|p2b: La Parca|0 fnt\n|faint|p2b: La Parca\n|move|p1b: Torkoal|Heat Wave|p2a: Zapito\n|-supereffective|p2a: Zapito\n|-damage|p2a: Zapito|0 fnt\n|faint|p2a: Zapito\n|\n|-weather|SunnyDay|[upkeep]\n|-damage|p1b: Torkoal|0 fnt|[from] psn\n|faint|p1b: Torkoal\n|upkeep\n|\n|t:|1700994957\n|switch|p2a: La PokeSpore|Amoonguss, F, shiny|47\/100\n|switch|p1b: Whimsicott|Whimsicott, F, shiny|100\/100\n|turn|9\n|\n|t:|1700994970\n|move|p1b: Whimsicott|Encore|p1a: Venusaur\n|-start|p1a: Venusaur|Encore\n|move|p1a: Venusaur|Weather Ball|p2a: La PokeSpore\n|-supereffective|p2a: La PokeSpore\n|-damage|p2a: La PokeSpore|0 fnt\n|faint|p2a: La PokeSpore\n|\n|win|dmddo wogus\n|raw|dmddo wogus's rating: 1088 &rarr; <strong>1108<\/strong><br \/>(+20 for winning)\n|raw|Yo Soy Art's rating: 1000 &rarr; <strong>1000<\/strong><br \/>(+0 for losing)\n|c|\u2606Yo Soy Art|GG\n","uploadtime":1700994979,"views":8,"p1id":"dmddowogus","p2id":"yosoyart","formatid":"gen9nationaldexdoubles","rating":1000,"private":0,"password":""}