{"id":"gen9nationaldexdoubles-1962116848","p1":"Ggm813","p2":"AerixThorn","format":"[Gen 9] National Dex Doubles","log":"|j|\u203dGgm813\n|j|\u2606AerixThorn\n|t:|1696708805\n|gametype|doubles\n|player|p1|Ggm813|hiker|1064\n|player|p2|AerixThorn|volkner|1140\n|teamsize|p1|6\n|teamsize|p2|6\n|gen|9\n|tier|[Gen 9] National Dex Doubles\n|rated|\n|rule|HP Percentage Mod: HP is shown in percentages\n|rule|Endless Battle Clause: Forcing endless battles is banned\n|rule|OHKO Clause: OHKO moves are banned\n|rule|Evasion Moves Clause: Evasion moves are banned\n|rule|Evasion Abilities Clause: Evasion abilities are banned\n|rule|Species Clause: Limit one of each Pok\u00e9mon\n|rule|Gravity Sleep Clause: The combination of sleep-inducing moves with imperfect accuracy and Gravity or Gigantamax Orbeetle are banned\n|clearpoke\n|poke|p1|Garchomp, M|\n|poke|p1|Salazzle, F|\n|poke|p1|Lycanroc-Midnight, F|\n|poke|p1|Maushold-Four|\n|poke|p1|Flapple, M|\n|poke|p1|Chien-Pao|\n|poke|p2|Clefable, F|\n|poke|p2|Dragapult, F|\n|poke|p2|Ninetales-Alola, F|\n|poke|p2|Chandelure, F|\n|poke|p2|Indeedee-F, F|\n|poke|p2|Hawlucha, M|\n|teampreview\n|inactive|Battle timer is ON: inactive players will automatically lose when time's up. (requested by AerixThorn)\n|inactive|Ggm813 also wants the timer to be on.\n|\n|t:|1696708827\n|start\n|switch|p1a: Lycanroc|Lycanroc-Midnight, F, shiny|100\/100\n|switch|p1b: Maushold|Maushold-Four, shiny|100\/100\n|switch|p2a: Indeedee|Indeedee-F, F|100\/100\n|switch|p2b: Rey Mysterio|Hawlucha, M, shiny|100\/100\n|-fieldstart|move: Psychic Terrain|[from] ability: Psychic Surge|[of] p2a: Indeedee\n|-enditem|p2b: Rey Mysterio|Psychic Seed\n|-boost|p2b: Rey Mysterio|spd|1|[from] item: Psychic Seed\n|turn|1\n|\n|t:|1696708836\n|move|p2a: Indeedee|Follow Me|p2a: Indeedee\n|-singleturn|p2a: Indeedee|move: Follow Me\n|move|p2b: Rey Mysterio|Bulk Up|p2b: Rey Mysterio\n|-boost|p2b: Rey Mysterio|atk|1\n|-boost|p2b: Rey Mysterio|def|1\n|move|p1b: Maushold|Population Bomb|p2a: Indeedee\n|-damage|p2a: Indeedee|83\/100\n|-damage|p2a: Indeedee|65\/100\n|-damage|p2a: Indeedee|45\/100\n|-damage|p2a: Indeedee|26\/100\n|-damage|p2a: Indeedee|7\/100\n|-damage|p2a: Indeedee|0 fnt\n|faint|p2a: Indeedee\n|-hitcount|p2: Indeedee|6\n|move|p1a: Lycanroc|Rock Slide|p2b: Rey Mysterio\n|-damage|p2b: Rey Mysterio|64\/100\n|\n|upkeep\n|\n|t:|1696708838\n|switch|p2a: Clefable|Clefable, F|100\/100\n|turn|2\n|\n|t:|1696708863\n|move|p2a: Clefable|Follow Me|p2a: Clefable\n|-singleturn|p2a: Clefable|move: Follow Me\n|move|p2b: Rey Mysterio|Drain Punch|p1a: Lycanroc\n|-supereffective|p1a: Lycanroc\n|-damage|p1a: Lycanroc|0 fnt\n|-heal|p2b: Rey Mysterio|100\/100|[from] drain|[of] p1a: Lycanroc\n|faint|p1a: Lycanroc\n|move|p1b: Maushold|Trailblaze|p2a: Clefable\n|-damage|p2a: Clefable|79\/100\n|-boost|p1b: Maushold|spe|1\n|\n|-heal|p2a: Clefable|85\/100|[from] item: Leftovers\n|upkeep\n|\n|t:|1696708868\n|switch|p1a: Garchomp|Garchomp, M|100\/100\n|turn|3\n|\n|t:|1696708876\n|detailschange|p1a: Garchomp|Garchomp-Mega, M\n|-mega|p1a: Garchomp|Garchomp|Garchompite\n|move|p2a: Clefable|Follow Me|p2a: Clefable\n|-singleturn|p2a: Clefable|move: Follow Me\n|move|p2b: Rey Mysterio|Acrobatics|p1b: Maushold\n|-damage|p1b: Maushold|0 fnt\n|faint|p1b: Maushold\n|move|p1a: Garchomp|Rock Slide|p2a: Clefable|[spread] p2b\n|-miss|p1a: Garchomp|p2a: Clefable\n|-damage|p2b: Rey Mysterio|73\/100\n|\n|-heal|p2a: Clefable|91\/100|[from] item: Leftovers\n|upkeep\n|\n|t:|1696708890\n|switch|p1b: Chien-Pao|Chien-Pao|100\/100\n|-ability|p1b: Chien-Pao|Sword of Ruin\n|turn|4\n|\n|t:|1696708895\n|move|p2a: Clefable|Follow Me|p2a: Clefable\n|-singleturn|p2a: Clefable|move: Follow Me\n|move|p2b: Rey Mysterio|Drain Punch|p1b: Chien-Pao\n|-supereffective|p1b: Chien-Pao\n|-damage|p1b: Chien-Pao|0 fnt\n|-heal|p2b: Rey Mysterio|100\/100|[from] drain|[of] p1b: Chien-Pao\n|faint|p1b: Chien-Pao\n|move|p1a: Garchomp|Rock Slide|p2a: Clefable|[spread] p2a,p2b\n|-damage|p2a: Clefable|60\/100\n|-damage|p2b: Rey Mysterio|73\/100\n|\n|-heal|p2a: Clefable|66\/100|[from] item: Leftovers\n|upkeep\n|\n|t:|1696708900\n|switch|p1b: Flapple|Flapple, M|100\/100\n|turn|5\n|\n|t:|1696708914\n|move|p2a: Clefable|Follow Me|p2a: Clefable\n|-singleturn|p2a: Clefable|move: Follow Me\n|move|p2b: Rey Mysterio|Acrobatics|p1b: Flapple\n|-supereffective|p1b: Flapple\n|-damage|p1b: Flapple|0 fnt\n|faint|p1b: Flapple\n|move|p1a: Garchomp|Rock Slide|p2a: Clefable|[spread] p2a,p2b\n|-damage|p2a: Clefable|36\/100\n|-damage|p2b: Rey Mysterio|49\/100\n|\n|-heal|p2a: Clefable|42\/100|[from] item: Leftovers\n|-fieldend|move: Psychic Terrain\n|upkeep\n|\n|t:|1696708916\n|switch|p1b: Salazzle|Salazzle, F, shiny|100\/100\n|turn|6\n|\n|t:|1696708928\n|move|p2a: Clefable|Follow Me|p2a: Clefable\n|-singleturn|p2a: Clefable|move: Follow Me\n|move|p2b: Rey Mysterio|Drain Punch|p1a: Garchomp\n|-damage|p1a: Garchomp|61\/100\n|-heal|p2b: Rey Mysterio|77\/100|[from] drain|[of] p1a: Garchomp\n|move|p1b: Salazzle|Sludge Wave|p2b: Rey Mysterio|[spread] p1a,p2a,p2b\n|-resisted|p1a: Garchomp\n|-supereffective|p2a: Clefable\n|-crit|p2a: Clefable\n|-damage|p1a: Garchomp|48\/100\n|-damage|p2a: Clefable|0 fnt\n|-damage|p2b: Rey Mysterio|40\/100\n|-status|p2b: Rey Mysterio|psn\n|faint|p2a: Clefable\n|move|p1a: Garchomp|Rock Slide|p2b: Rey Mysterio|[miss]\n|-miss|p1a: Garchomp|p2b: Rey Mysterio\n|\n|-damage|p2b: Rey Mysterio|27\/100 psn|[from] psn\n|upkeep\n|\n|t:|1696708939\n|switch|p2a: Ninetales|Ninetales-Alola, F|100\/100\n|-weather|Snow|[from] ability: Snow Warning|[of] p2a: Ninetales\n|turn|7\n|\n|t:|1696708948\n|-terastallize|p2b: Rey Mysterio|Flying\n|move|p2b: Rey Mysterio|Acrobatics|p1b: Salazzle\n|-damage|p1b: Salazzle|0 fnt\n|faint|p1b: Salazzle\n|move|p2a: Ninetales|Blizzard|p1a: Garchomp\n|-supereffective|p1a: Garchomp\n|-damage|p1a: Garchomp|0 fnt\n|faint|p1a: Garchomp\n|\n|win|AerixThorn\n|raw|Ggm813's rating: 1064 &rarr; <strong>1049<\/strong><br \/>(-15 for losing)\n|raw|AerixThorn's rating: 1140 &rarr; <strong>1160<\/strong><br \/>(+20 for winning)\n|l|\u203dGgm813\n","uploadtime":1696708966,"views":7,"p1id":"ggm813","p2id":"aerixthorn","formatid":"gen9nationaldexdoubles","rating":1049,"private":0,"password":""}