{"id":"gen9nationaldexdoubles-1971512193","p1":"MythicMan99!","p2":"L0rdBagel","format":"[Gen 9] National Dex Doubles","log":"|j|\u2606MythicMan99!\n|j|\u2606L0rdBagel\n|t:|1697744361\n|gametype|doubles\n|player|p1|MythicMan99!|benga|\n|player|p2|L0rdBagel|wattson|\n|teamsize|p1|6\n|teamsize|p2|6\n|gen|9\n|tier|[Gen 9] National Dex Doubles\n|rule|HP Percentage Mod: HP is shown in percentages\n|rule|Endless Battle Clause: Forcing endless battles is banned\n|rule|OHKO Clause: OHKO moves are banned\n|rule|Evasion Moves Clause: Evasion moves are banned\n|rule|Evasion Abilities Clause: Evasion abilities are banned\n|rule|Species Clause: Limit one of each Pok\u00e9mon\n|rule|Gravity Sleep Clause: The combination of sleep-inducing moves with imperfect accuracy and Gravity or Gigantamax Orbeetle are banned\n|clearpoke\n|poke|p1|Gliscor, F|\n|poke|p1|Charizard, F|\n|poke|p1|Walking Wake|\n|poke|p1|Ninetales, F|\n|poke|p1|Lilligant-Hisui, F|\n|poke|p1|Rotom-Wash|\n|poke|p2|Pelipper, M|\n|poke|p2|Swampert, M|\n|poke|p2|Golisopod, F|\n|poke|p2|Rotom-Wash|\n|poke|p2|Empoleon, M|\n|poke|p2|Crawdaunt, M|\n|teampreview\n|inactive|Battle timer is ON: inactive players will automatically lose when time's up. (requested by L0rdBagel)\n|inactive|MythicMan99! has 270 seconds left.\n|\n|t:|1697744403\n|start\n|switch|p1a: Charizard|Charizard, F|100\/100\n|switch|p1b: Gliscor|Gliscor, F, shiny|100\/100\n|switch|p2a: Empoleon|Empoleon, M|100\/100\n|switch|p2b: Swampert|Swampert, M|100\/100\n|turn|1\n|\n|t:|1697744421\n|switch|p2a: Pelipper|Pelipper, M|100\/100\n|-weather|RainDance|[from] ability: Drizzle|[of] p2a: Pelipper\n|detailschange|p1a: Charizard|Charizard-Mega-Y, F\n|-mega|p1a: Charizard|Charizard|Charizardite Y\n|-weather|SunnyDay|[from] ability: Drought|[of] p1a: Charizard\n|detailschange|p2b: Swampert|Swampert-Mega, M\n|-mega|p2b: Swampert|Swampert|Swampertite\n|move|p1a: Charizard|Solar Beam||[still]\n|-prepare|p1a: Charizard|Solar Beam\n|-anim|p1a: Charizard|Solar Beam|p2b: Swampert\n|-supereffective|p2b: Swampert\n|-damage|p2b: Swampert|0 fnt\n|faint|p2b: Swampert\n|move|p1b: Gliscor|Stealth Rock|p2a: Pelipper\n|-sidestart|p2: L0rdBagel|move: Stealth Rock\n|\n|-weather|SunnyDay|[upkeep]\n|-status|p1b: Gliscor|tox|[from] item: Toxic Orb\n|upkeep\n|\n|t:|1697744429\n|switch|p2b: Golisopod|Golisopod, F|100\/100\n|-damage|p2b: Golisopod|76\/100|[from] Stealth Rock\n|turn|2\n|\n|t:|1697744457\n|switch|p2a: Rotom|Rotom-Wash|100\/100\n|-damage|p2a: Rotom|88\/100|[from] Stealth Rock\n|move|p1a: Charizard|Hidden Power|p2a: Rotom\n|-damage|p2a: Rotom|56\/100\n|move|p1b: Gliscor|Knock Off|p2b: Golisopod\n|-damage|p2b: Golisopod|61\/100\n|-enditem|p2b: Golisopod|Assault Vest|[from] move: Knock Off|[of] p1b: Gliscor\n|move|p2b: Golisopod|Waterfall|p1a: Charizard\n|-supereffective|p1a: Charizard\n|-damage|p1a: Charizard|40\/100\n|\n|-weather|SunnyDay|[upkeep]\n|upkeep\n|turn|3\n|\n|t:|1697744479\n|switch|p2a: Pelipper|Pelipper, M|100\/100\n|-damage|p2a: Pelipper|76\/100|[from] Stealth Rock\n|-weather|RainDance|[from] ability: Drizzle|[of] p2a: Pelipper\n|move|p1a: Charizard|Protect|p1a: Charizard\n|-singleturn|p1a: Charizard|Protect\n|move|p2b: Golisopod|Aqua Jet|p1a: Charizard\n|-activate|p1a: Charizard|move: Protect\n|move|p1b: Gliscor|Knock Off|p2a: Pelipper\n|-damage|p2a: Pelipper|55\/100\n|-enditem|p2a: Pelipper|Damp Rock|[from] move: Knock Off|[of] p1b: Gliscor\n|\n|-weather|RainDance|[upkeep]\n|upkeep\n|turn|4\n|\n|t:|1697744499\n|switch|p1a: Ninetales|Ninetales, F|100\/100\n|-weather|SunnyDay|[from] ability: Drought|[of] p1a: Ninetales\n|move|p1b: Gliscor|Thunder Fang|p2a: Pelipper\n|-supereffective|p2a: Pelipper\n|-damage|p2a: Pelipper|0 fnt\n|faint|p2a: Pelipper\n|move|p2b: Golisopod|Waterfall|p1a: Ninetales\n|-supereffective|p1a: Ninetales\n|-damage|p1a: Ninetales|39\/100\n|\n|-weather|SunnyDay|[upkeep]\n|upkeep\n|\n|t:|1697744514\n|switch|p2a: Crawdaunt|Crawdaunt, M|100\/100\n|-damage|p2a: Crawdaunt|88\/100|[from] Stealth Rock\n|turn|5\n|\n|t:|1697744525\n|switch|p1a: Walking Wake|Walking Wake|100\/100\n|-activate|p1a: Walking Wake|ability: Protosynthesis\n|-start|p1a: Walking Wake|protosynthesisspa\n|move|p2a: Crawdaunt|Aqua Jet|p1b: Gliscor\n|-supereffective|p1b: Gliscor\n|-damage|p1b: Gliscor|84\/100 tox\n|move|p1b: Gliscor|Thunder Fang|p2a: Crawdaunt\n|-supereffective|p2a: Crawdaunt\n|-damage|p2a: Crawdaunt|54\/100\n|move|p2b: Golisopod|Waterfall|p1b: Gliscor\n|-supereffective|p1b: Gliscor\n|-damage|p1b: Gliscor|58\/100 tox\n|\n|-weather|SunnyDay|[upkeep]\n|-heal|p1b: Gliscor|71\/100 tox|[from] ability: Poison Heal\n|upkeep\n|turn|6\n|inactive|MythicMan99! has 270 seconds left.\n|\n|t:|1697744558\n|move|p2a: Crawdaunt|Aqua Jet|p1b: Gliscor\n|-supereffective|p1b: Gliscor\n|-damage|p1b: Gliscor|54\/100 tox\n|move|p2b: Golisopod|Aqua Jet|p1b: Gliscor\n|-supereffective|p1b: Gliscor\n|-damage|p1b: Gliscor|42\/100 tox\n|move|p1a: Walking Wake|Dragon Pulse|p2b: Golisopod\n|-damage|p2b: Golisopod|0 fnt\n|faint|p2b: Golisopod\n|move|p1b: Gliscor|Thunder Fang|p2a: Crawdaunt\n|-supereffective|p2a: Crawdaunt\n|-crit|p2a: Crawdaunt\n|-damage|p2a: Crawdaunt|0 fnt\n|faint|p2a: Crawdaunt\n|\n|-weather|SunnyDay|[upkeep]\n|-heal|p1b: Gliscor|54\/100 tox|[from] ability: Poison Heal\n|upkeep\n|\n|t:|1697744568\n|switch|p2a: Rotom|Rotom-Wash|56\/100\n|switch|p2b: Empoleon|Empoleon, M|100\/100\n|-damage|p2a: Rotom|44\/100|[from] Stealth Rock\n|-damage|p2b: Empoleon|94\/100|[from] Stealth Rock\n|turn|7\n|\n|t:|1697744579\n|move|p1a: Walking Wake|Dragon Pulse|p2a: Rotom\n|-damage|p2a: Rotom|0 fnt\n|faint|p2a: Rotom\n|move|p1b: Gliscor|Roost|p1b: Gliscor\n|-heal|p1b: Gliscor|100\/100 tox\n|-singleturn|p1b: Gliscor|move: Roost\n|move|p2b: Empoleon|Air Slash|p1a: Walking Wake\n|-damage|p1a: Walking Wake|68\/100\n|\n|-weather|SunnyDay|[upkeep]\n|upkeep\n|turn|8\n|inactive|L0rdBagel has 270 seconds left.\n|\n|t:|1697744613\n|move|p1a: Walking Wake|Dragon Pulse|p2b: Empoleon\n|-resisted|p2b: Empoleon\n|-damage|p2b: Empoleon|66\/100\n|move|p1b: Gliscor|Thunder Fang|p2b: Empoleon\n|-supereffective|p2b: Empoleon\n|-damage|p2b: Empoleon|37\/100\n|move|p2b: Empoleon|Ice Beam|p1b: Gliscor\n|-supereffective|p1b: Gliscor\n|-damage|p1b: Gliscor|0 fnt\n|faint|p1b: Gliscor\n|\n|-weather|SunnyDay|[upkeep]\n|upkeep\n|\n|t:|1697744624\n|switch|p1b: Lilligant|Lilligant-Hisui, F|100\/100\n|turn|9\n|c|\u2606MythicMan99!|gg\n|inactive|L0rdBagel has 270 seconds left.\n|\n|t:|1697744665\n|move|p1b: Lilligant|Solar Blade||[still]\n|-prepare|p1b: Lilligant|Solar Blade\n|-anim|p1b: Lilligant|Solar Blade|p2b: Empoleon\n|-damage|p2b: Empoleon|0 fnt\n|faint|p2b: Empoleon\n|-damage|p1b: Lilligant|91\/100|[from] item: Life Orb\n|\n|win|MythicMan99!\n|l|\u2606L0rdBagel\n|j|\u2606L0rdBagel\n|player|p2|L0rdBagel|wattson\n","uploadtime":1697744676,"views":14,"p1id":"mythicman99","p2id":"l0rdbagel","formatid":"gen9nationaldexdoubles","rating":0,"private":0,"password":""}