{"id":"gen9nationaldexdoubles-1969221926","p1":"Draggy Gutsfree","p2":"sootywhisper73","format":"[Gen 9] National Dex Doubles","log":"|j|\u2606Draggy Gutsfree\n|j|\u2606sootywhisper73\n|t:|1697501938\n|gametype|doubles\n|player|p1|Draggy Gutsfree|roxie|\n|player|p2|sootywhisper73|dawn-gen4pt|\n|teamsize|p1|6\n|teamsize|p2|6\n|gen|9\n|tier|[Gen 9] National Dex Doubles\n|rule|HP Percentage Mod: HP is shown in percentages\n|rule|Endless Battle Clause: Forcing endless battles is banned\n|rule|OHKO Clause: OHKO moves are banned\n|rule|Evasion Moves Clause: Evasion moves are banned\n|rule|Evasion Abilities Clause: Evasion abilities are banned\n|rule|Species Clause: Limit one of each Pok\u00e9mon\n|rule|Gravity Sleep Clause: The combination of sleep-inducing moves with imperfect accuracy and Gravity or Gigantamax Orbeetle are banned\n|clearpoke\n|poke|p1|Sinistcha-Masterpiece|\n|poke|p1|Grimmsnarl, M|\n|poke|p1|Gyarados, F|\n|poke|p1|Goodra-Hisui, F|\n|poke|p1|Urshifu-*, F|\n|poke|p1|Gengar, M|\n|poke|p2|Tapu Koko|\n|poke|p2|Venusaur, F|\n|poke|p2|Victini|\n|poke|p2|Espeon, M|\n|poke|p2|Lucario, F|\n|poke|p2|Garchomp, F|\n|teampreview\n|\n|t:|1697501975\n|start\n|switch|p1a: Gengar|Gengar, M|100\/100\n|switch|p1b: Urshifu|Urshifu-Rapid-Strike, F|100\/100\n|switch|p2a: Victini|Victini|100\/100\n|switch|p2b: Espeon|Espeon, M|100\/100\n|turn|1\n|\n|t:|1697501991\n|move|p1a: Gengar|Shadow Ball|p2a: Victini\n|-supereffective|p2a: Victini\n|-damage|p2a: Victini|27\/100\n|move|p2b: Espeon|Thunder Wave|p1a: Gengar\n|-status|p1a: Gengar|par\n|move|p1b: Urshifu|U-turn|p2b: Espeon\n|-supereffective|p2b: Espeon\n|-damage|p2b: Espeon|29\/100\n|\n|t:|1697502008\n|switch|p1b: Bricked Up|Grimmsnarl, M, shiny|100\/100|[from] U-turn\n|-zpower|p2a: Victini\n|move|p2a: Victini|Z-Celebrate|p2a: Victini|[anim]Celebrate\n|-boost|p2a: Victini|atk|1|[zeffect]\n|-boost|p2a: Victini|def|1|[zeffect]\n|-boost|p2a: Victini|spa|1|[zeffect]\n|-boost|p2a: Victini|spd|1|[zeffect]\n|-boost|p2a: Victini|spe|1|[zeffect]\n|-activate|p2a: Victini|move: Celebrate\n|\n|-heal|p2b: Espeon|35\/100|[from] item: Leftovers\n|upkeep\n|turn|2\n|j| Burstdragon1\n|\n|t:|1697502043\n|move|p1b: Bricked Up|Taunt|p2a: Victini\n|-start|p2a: Victini|move: Taunt\n|cant|p2a: Victini|move: Taunt|Baton Pass\n|move|p2b: Espeon|Light Screen|p2b: Espeon\n|-sidestart|p2: sootywhisper73|move: Light Screen\n|move|p1a: Gengar|Shadow Ball|p2b: Espeon\n|-supereffective|p2b: Espeon\n|-damage|p2b: Espeon|0 fnt\n|faint|p2b: Espeon\n|\n|upkeep\n|\n|t:|1697502052\n|switch|p2b: Venusaur|Venusaur, F, shiny|100\/100\n|turn|3\n|\n|t:|1697502067\n|move|p1b: Bricked Up|Light Screen|p1b: Bricked Up\n|-sidestart|p1: Draggy Gutsfree|move: Light Screen\n|move|p2a: Victini|Flamethrower|p1b: Bricked Up\n|-damage|p1b: Bricked Up|68\/100\n|move|p2b: Venusaur|Sludge Bomb|p1b: Bricked Up\n|-supereffective|p1b: Bricked Up\n|-damage|p1b: Bricked Up|26\/100\n|move|p1a: Gengar|Shadow Ball|p2a: Victini\n|-supereffective|p2a: Victini\n|-damage|p2a: Victini|0 fnt\n|faint|p2a: Victini\n|\n|upkeep\n|\n|t:|1697502084\n|switch|p2a: Lucario|Lucario, F|100\/100\n|turn|4\n|\n|t:|1697502094\n|switch|p1a: Gyarados|Gyarados, F|100\/100\n|-ability|p1a: Gyarados|Intimidate|boost\n|-fail|p2a: Lucario|unboost|Attack|[from] ability: Inner Focus|[of] p2a: Lucario\n|-unboost|p2b: Venusaur|atk|1\n|detailschange|p2b: Venusaur|Venusaur-Mega, F, shiny\n|-mega|p2b: Venusaur|Venusaur|Venusaurite\n|move|p2a: Lucario|Bullet Punch|p1b: Bricked Up\n|-supereffective|p1b: Bricked Up\n|-crit|p1b: Bricked Up\n|-damage|p1b: Bricked Up|0 fnt\n|faint|p1b: Bricked Up\n|move|p2b: Venusaur|Earth Power|p1a: Gyarados\n|-immune|p1a: Gyarados\n|\n|upkeep\n|\n|t:|1697502110\n|switch|p1b: Gengar|Gengar, M|100\/100 par\n|turn|5\n|\n|t:|1697502117\n|switch|p2a: Cynda|Tapu Koko, shiny|100\/100\n|-fieldstart|move: Electric Terrain|[from] ability: Electric Surge|[of] p2a: Cynda\n|move|p1a: Gyarados|Earthquake|p2a: Cynda|[spread] p1b,p2a,p2b\n|-supereffective|p1b: Gengar\n|-supereffective|p2a: Cynda\n|-damage|p1b: Gengar|0 fnt\n|-damage|p2a: Cynda|31\/100\n|-damage|p2b: Venusaur|84\/100\n|-start|p1a: Gyarados|Disable|Earthquake|[from] ability: Cursed Body|[of] p1b: Gengar\n|faint|p1b: Gengar\n|move|p2b: Venusaur|Earth Power|p1a: Gyarados\n|-immune|p1a: Gyarados\n|\n|upkeep\n|c|\u2606Draggy Gutsfree|Oh no\n|\n|t:|1697502139\n|switch|p1b: Urshifu|Urshifu-Rapid-Strike, F|100\/100\n|turn|6\n|c|\u2606sootywhisper73|oh no indeed\n|\n|t:|1697502156\n|switch|p1b: Goodra|Goodra-Hisui, F|100\/100\n|move|p2a: Cynda|Thunderbolt|p1a: Gyarados\n|-supereffective|p1a: Gyarados\n|-damage|p1a: Gyarados|0 fnt\n|faint|p1a: Gyarados\n|move|p2b: Venusaur|Energy Ball|p1b: Goodra\n|-ability|p1b: Goodra|Sap Sipper|boost\n|-boost|p1b: Goodra|atk|1\n|\n|-sideend|p2: sootywhisper73|move: Light Screen\n|upkeep\n|\n|t:|1697502167\n|switch|p1a: NiceToMatcha|Sinistcha-Masterpiece|100\/100\n|turn|7\n|\n|t:|1697502173\n|move|p2a: Cynda|U-turn|p1a: NiceToMatcha\n|-damage|p1a: NiceToMatcha|87\/100\n|\n|t:|1697502179\n|switch|p2a: Lucario|Lucario, F|100\/100|[from] U-turn\n|move|p2b: Venusaur|Sludge Bomb|p1a: NiceToMatcha\n|-damage|p1a: NiceToMatcha|59\/100\n|move|p1a: NiceToMatcha|Shadow Ball|p2a: Lucario\n|-damage|p2a: Lucario|55\/100\n|move|p1b: Goodra|Acid Armor|p1b: Goodra\n|-boost|p1b: Goodra|def|2\n|\n|-heal|p1a: NiceToMatcha|65\/100|[from] item: Leftovers\n|upkeep\n|turn|8\n|\n|t:|1697502197\n|move|p2a: Lucario|Brick Break|p1b: Goodra\n|-sideend|p1: Draggy Gutsfree|move: Light Screen\n|-supereffective|p1b: Goodra\n|-damage|p1b: Goodra|74\/100\n|-damage|p2a: Lucario|38\/100|[from] item: Rocky Helmet|[of] p1b: Goodra\n|move|p2b: Venusaur|Sludge Bomb|p1a: NiceToMatcha\n|-damage|p1a: NiceToMatcha|20\/100\n|move|p1a: NiceToMatcha|Shadow Ball|p2a: Lucario\n|-damage|p2a: Lucario|0 fnt\n|faint|p2a: Lucario\n|move|p1b: Goodra|Acid Armor|p1b: Goodra\n|-boost|p1b: Goodra|def|2\n|\n|-heal|p1a: NiceToMatcha|26\/100|[from] item: Leftovers\n|upkeep\n|\n|t:|1697502206\n|switch|p2a: Garchomp|Garchomp, F|100\/100\n|turn|9\n|\n|t:|1697502215\n|move|p2a: Garchomp|Shadow Claw|p1a: NiceToMatcha\n|-supereffective|p1a: NiceToMatcha\n|-damage|p1a: NiceToMatcha|0 fnt\n|faint|p1a: NiceToMatcha\n|-damage|p2a: Garchomp|91\/100|[from] item: Life Orb\n|move|p2b: Venusaur|Earth Power|p1b: Goodra\n|-supereffective|p1b: Goodra\n|-damage|p1b: Goodra|41\/100\n|move|p1b: Goodra|Life Dew|p1b: Goodra\n|-heal|p1b: Goodra|66\/100\n|\n|-fieldend|move: Electric Terrain\n|upkeep\n|\n|t:|1697502227\n|switch|p1a: Urshifu|Urshifu-Rapid-Strike, F|100\/100\n|turn|10\n|\n|t:|1697502242\n|switch|p2a: Cynda|Tapu Koko, shiny|31\/100\n|-fieldstart|move: Electric Terrain|[from] ability: Electric Surge|[of] p2a: Cynda\n|move|p1a: Urshifu|Surging Strikes|p2a: Cynda\n|-crit|p2a: Cynda\n|-damage|p2a: Cynda|1\/100\n|-enditem|p2a: Cynda|Aguav Berry|[eat]\n|-heal|p2a: Cynda|34\/100|[from] item: Aguav Berry\n|-crit|p2a: Cynda\n|-damage|p2a: Cynda|4\/100\n|-crit|p2a: Cynda\n|-damage|p2a: Cynda|0 fnt\n|faint|p2a: Cynda\n|-hitcount|p2: Cynda|3\n|move|p2b: Venusaur|Energy Ball|p1a: Urshifu\n|-supereffective|p1a: Urshifu\n|-damage|p1a: Urshifu|0 fnt\n|faint|p1a: Urshifu\n|move|p1b: Goodra|Life Dew|p1b: Goodra\n|-heal|p1b: Goodra|91\/100\n|\n|upkeep\n|\n|t:|1697502245\n|switch|p2a: Garchomp|Garchomp, F|91\/100\n|turn|11\n|\n|t:|1697502262\n|move|p2a: Garchomp|Dragon Claw|p1b: Goodra\n|-damage|p1b: Goodra|77\/100\n|-damage|p2a: Garchomp|74\/100|[from] item: Rocky Helmet|[of] p1b: Goodra\n|-damage|p2a: Garchomp|64\/100|[from] item: Life Orb\n|move|p2b: Venusaur|Earth Power|p1b: Goodra\n|-supereffective|p1b: Goodra\n|-damage|p1b: Goodra|46\/100\n|move|p1b: Goodra|Acid Armor|p1b: Goodra\n|-boost|p1b: Goodra|def|2\n|\n|upkeep\n|turn|12\n|\n|t:|1697502272\n|move|p2a: Garchomp|Dragon Claw|p1b: Goodra\n|-damage|p1b: Goodra|35\/100\n|-damage|p2a: Garchomp|48\/100|[from] item: Rocky Helmet|[of] p1b: Goodra\n|-damage|p2a: Garchomp|38\/100|[from] item: Life Orb\n|move|p2b: Venusaur|Earth Power|p1b: Goodra\n|-supereffective|p1b: Goodra\n|-damage|p1b: Goodra|0 fnt\n|faint|p1b: Goodra\n|\n|win|sootywhisper73\n|c|\u2606sootywhisper73|ggs\n|l|\u2606sootywhisper73\n","uploadtime":1697502283,"views":5,"p1id":"draggygutsfree","p2id":"sootywhisper73","formatid":"gen9nationaldexdoubles","rating":0,"private":0,"password":""}