{"id":"gen9nationaldexdoubles-1965126694","p1":"ColtDoesStuff","p2":"Dalender","format":"[Gen 9] National Dex Doubles","log":"|j|\u2606ColtDoesStuff\n|j|\u2606Dalender\n|t:|1697044591\n|gametype|doubles\n|player|p1|ColtDoesStuff|veteran|1106\n|player|p2|Dalender|guitarist|1088\n|teamsize|p1|6\n|teamsize|p2|6\n|gen|9\n|tier|[Gen 9] National Dex Doubles\n|rated|\n|rule|HP Percentage Mod: HP is shown in percentages\n|rule|Endless Battle Clause: Forcing endless battles is banned\n|rule|OHKO Clause: OHKO moves are banned\n|rule|Evasion Moves Clause: Evasion moves are banned\n|rule|Evasion Abilities Clause: Evasion abilities are banned\n|rule|Species Clause: Limit one of each Pok\u00e9mon\n|rule|Gravity Sleep Clause: The combination of sleep-inducing moves with imperfect accuracy and Gravity or Gigantamax Orbeetle are banned\n|clearpoke\n|poke|p1|Houndoom, F|\n|poke|p1|Snorlax, M|\n|poke|p1|Amoonguss, F|\n|poke|p1|Hatterene, F|\n|poke|p1|Octillery, M|\n|poke|p1|Mew|\n|poke|p2|Muk-Alola, F|\n|poke|p2|Clefairy, F|\n|poke|p2|Klefki, M|\n|poke|p2|Espeon, F|\n|poke|p2|Incineroar, F|\n|poke|p2|Lucario, F|\n|teampreview\n|inactive|Battle timer is ON: inactive players will automatically lose when time's up. (requested by ColtDoesStuff)\n|\n|t:|1697044599\n|start\n|switch|p1a: Amoonguss|Amoonguss, F|100\/100\n|switch|p1b: Hatterene|Hatterene, F|100\/100\n|switch|p2a: Princesa|Incineroar, F|100\/100\n|switch|p2b: Keysay|Klefki, M|100\/100\n|-ability|p2a: Princesa|Intimidate|boost\n|-unboost|p1a: Amoonguss|atk|1\n|-unboost|p1b: Hatterene|atk|1\n|turn|1\n|\n|t:|1697044622\n|move|p2a: Princesa|Fake Out|p1a: Amoonguss\n|-damage|p1a: Amoonguss|91\/100\n|move|p2b: Keysay|Light Screen|p2b: Keysay\n|-sidestart|p2: Dalender|move: Light Screen\n|cant|p1a: Amoonguss|flinch\n|move|p1b: Hatterene|Trick Room|p1b: Hatterene\n|-fieldstart|move: Trick Room|[of] p1b: Hatterene\n|\n|upkeep\n|turn|2\n|\n|t:|1697044637\n|switch|p2b: Venus|Espeon, F|100\/100\n|-terastallize|p2a: Princesa|Grass\n|move|p1b: Hatterene|Draining Kiss|p2a: Princesa\n|-damage|p2a: Princesa|87\/100\n|move|p1a: Amoonguss|Spore|p2a: Princesa\n|-immune|p2a: Princesa\n|move|p2a: Princesa|Snarl|p1b: Hatterene|[spread] p1b\n|-miss|p2a: Princesa|p1a: Amoonguss\n|-damage|p1b: Hatterene|86\/100\n|-unboost|p1b: Hatterene|spa|1\n|\n|upkeep\n|turn|3\n|\n|t:|1697044662\n|move|p1b: Hatterene|Draining Kiss|p2b: Venus\n|-damage|p2b: Venus|88\/100\n|-heal|p1b: Hatterene|98\/100|[from] drain|[of] p2b: Venus\n|move|p1a: Amoonguss|Clear Smog|p2a: Princesa\n|-supereffective|p2a: Princesa\n|-damage|p2a: Princesa|69\/100\n|-clearboost|p2a: Princesa\n|move|p2a: Princesa|Snarl|p1a: Amoonguss|[spread] p1a,p1b\n|-damage|p1a: Amoonguss|82\/100\n|-damage|p1b: Hatterene|86\/100\n|-unboost|p1a: Amoonguss|spa|1\n|-unboost|p1b: Hatterene|spa|1\n|move|p2b: Venus|Calm Mind|p2b: Venus\n|-boost|p2b: Venus|spa|1\n|-boost|p2b: Venus|spd|1\n|\n|upkeep\n|turn|4\n|\n|t:|1697044689\n|move|p1b: Hatterene|Giga Drain|p2b: Venus\n|-damage|p2b: Venus|82\/100\n|-heal|p1b: Hatterene|90\/100|[from] drain|[of] p2b: Venus\n|move|p1a: Amoonguss|Spore|p2b: Venus\n|move|p2b: Venus|Spore|p1a: Amoonguss|[from]ability: Magic Bounce\n|-immune|p1a: Amoonguss\n|move|p2a: Princesa|Flare Blitz|p1a: Amoonguss\n|-supereffective|p1a: Amoonguss\n|-damage|p1a: Amoonguss|0 fnt\n|faint|p1a: Amoonguss\n|-damage|p2a: Princesa|39\/100|[from] Recoil\n|move|p2b: Venus|Calm Mind|p2b: Venus\n|-boost|p2b: Venus|spa|1\n|-boost|p2b: Venus|spd|1\n|\n|upkeep\n|inactive|ColtDoesStuff has 120 seconds left.\n|\n|t:|1697044712\n|switch|p1a: Snorlax|Snorlax, M|100\/100\n|turn|5\n|\n|t:|1697044727\n|switch|p1b: Mew|Mew|100\/100\n|move|p1a: Snorlax|Body Slam|p2b: Venus\n|-damage|p2b: Venus|30\/100\n|move|p2a: Princesa|Taunt|p1a: Snorlax\n|-start|p1a: Snorlax|move: Taunt\n|move|p2b: Venus|Stored Power|p1a: Snorlax\n|-damage|p1a: Snorlax|39\/100\n|\n|-sideend|p2: Dalender|move: Light Screen\n|-fieldend|move: Trick Room\n|upkeep\n|turn|6\n|\n|t:|1697044756\n|-zpower|p1b: Mew\n|move|p1b: Mew|Genesis Supernova|p2a: Princesa|[zeffect]\n|-crit|p2a: Princesa\n|-damage|p2a: Princesa|0 fnt\n|-fieldstart|move: Psychic Terrain\n|faint|p2a: Princesa\n|move|p2b: Venus|Stored Power|p1a: Snorlax\n|-damage|p1a: Snorlax|0 fnt\n|faint|p1a: Snorlax\n|\n|upkeep\n|\n|t:|1697044777\n|switch|p2a: Cleo|Clefairy, F|100\/100\n|switch|p1a: Hatterene|Hatterene, F|90\/100\n|turn|7\n|\n|t:|1697044797\n|move|p1b: Mew|Flamethrower|p2b: Venus\n|-damage|p2b: Venus|17\/100\n|move|p2b: Venus|Stored Power|p1a: Hatterene\n|-resisted|p1a: Hatterene\n|-damage|p1a: Hatterene|10\/100\n|-enditem|p1a: Hatterene|Aguav Berry|[eat]\n|-heal|p1a: Hatterene|43\/100|[from] item: Aguav Berry\n|move|p2a: Cleo|Cosmic Power|p2a: Cleo\n|-boost|p2a: Cleo|def|1\n|-boost|p2a: Cleo|spd|1\n|move|p1a: Hatterene|Giga Drain|p2a: Cleo\n|-damage|p2a: Cleo|87\/100\n|-heal|p1a: Hatterene|51\/100|[from] drain|[of] p2a: Cleo\n|\n|upkeep\n|turn|8\n|\n|t:|1697044816\n|move|p2a: Cleo|Follow Me|p2a: Cleo\n|-singleturn|p2a: Cleo|move: Follow Me\n|move|p1b: Mew|Flamethrower|p2a: Cleo\n|-damage|p2a: Cleo|75\/100\n|move|p2b: Venus|Stored Power|p1a: Hatterene\n|-resisted|p1a: Hatterene\n|-damage|p1a: Hatterene|0 fnt\n|faint|p1a: Hatterene\n|\n|upkeep\n|\n|t:|1697044827\n|switch|p1a: Houndoom|Houndoom, F|100\/100\n|turn|9\n|\n|t:|1697044834\n|move|p2a: Cleo|Follow Me|p2a: Cleo\n|-singleturn|p2a: Cleo|move: Follow Me\n|move|p1b: Mew|Nasty Plot|p1b: Mew\n|-boost|p1b: Mew|spa|2\n|move|p1a: Houndoom|Heat Wave|p2a: Cleo|[spread] p2a,p2b\n|-damage|p2a: Cleo|58\/100\n|-damage|p2b: Venus|0 fnt\n|faint|p2b: Venus\n|\n|upkeep\n|\n|t:|1697044850\n|switch|p2b: Noelle|Lucario, F|100\/100\n|turn|10\n|\n|t:|1697044863\n|move|p2a: Cleo|Follow Me|p2a: Cleo\n|-singleturn|p2a: Cleo|move: Follow Me\n|move|p1b: Mew|Flamethrower|p2a: Cleo\n|-damage|p2a: Cleo|35\/100\n|move|p1a: Houndoom|Heat Wave|p2a: Cleo|[spread] p2a,p2b\n|-supereffective|p2b: Noelle\n|-damage|p2a: Cleo|18\/100\n|-damage|p2b: Noelle|0 fnt\n|faint|p2b: Noelle\n|\n|-fieldend|move: Psychic Terrain\n|upkeep\n|\n|t:|1697044876\n|switch|p2b: Keysay|Klefki, M|100\/100\n|turn|11\n|\n|t:|1697044886\n|move|p2b: Keysay|Light Screen|p2b: Keysay\n|-sidestart|p2: Dalender|move: Light Screen\n|move|p1b: Mew|Flamethrower|p2b: Keysay\n|-supereffective|p2b: Keysay\n|-damage|p2b: Keysay|44\/100\n|move|p1a: Houndoom|Heat Wave|p2a: Cleo|[spread] p2a,p2b\n|-supereffective|p2b: Keysay\n|-damage|p2a: Cleo|6\/100\n|-damage|p2b: Keysay|0 fnt\n|faint|p2b: Keysay\n|move|p2a: Cleo|Moonlight|p2a: Cleo\n|-heal|p2a: Cleo|56\/100\n|\n|upkeep\n|\n|t:|1697044899\n|switch|p2b: Greg|Muk-Alola, F|100\/100\n|turn|12\n|\n|t:|1697044910\n|move|p1b: Mew|Nasty Plot|p1b: Mew\n|-boost|p1b: Mew|spa|2\n|move|p1a: Houndoom|Heat Wave|p2a: Cleo|[spread] p2a,p2b\n|-crit|p2b: Greg\n|-damage|p2a: Cleo|43\/100\n|-damage|p2b: Greg|69\/100\n|move|p2b: Greg|Toxic|p1a: Houndoom\n|-status|p1a: Houndoom|tox\n|move|p2a: Cleo|Moonlight|p2a: Cleo\n|-heal|p2a: Cleo|93\/100\n|\n|-damage|p1a: Houndoom|94\/100 tox|[from] psn\n|upkeep\n|turn|13\n|\n|t:|1697044931\n|move|p1b: Mew|Flamethrower|p2a: Cleo\n|-damage|p2a: Cleo|70\/100\n|move|p1a: Houndoom|Will-O-Wisp|p2b: Greg|[miss]\n|-miss|p1a: Houndoom|p2b: Greg\n|move|p2b: Greg|Toxic|p1b: Mew\n|-status|p1b: Mew|tox\n|-activate|p1b: Mew|ability: Synchronize\n|-immune|p2b: Greg\n|move|p2a: Cleo|Cosmic Power|p2a: Cleo\n|-boost|p2a: Cleo|def|1\n|-boost|p2a: Cleo|spd|1\n|\n|-damage|p1b: Mew|94\/100 tox|[from] psn\n|-damage|p1a: Houndoom|82\/100 tox|[from] psn\n|upkeep\n|turn|14\n|\n|t:|1697044958\n|move|p1b: Mew|Psychic|p2b: Greg\n|-immune|p2b: Greg\n|move|p1a: Houndoom|Nasty Plot|p1a: Houndoom\n|-boost|p1a: Houndoom|spa|2\n|move|p2b: Greg|Fling|p2a: Cleo\n|-resisted|p2a: Cleo\n|-damage|p2a: Cleo|69\/100\n|-heal|p2a: Cleo|100\/100|[from] item: Wiki Berry\n|-enditem|p2b: Greg|Wiki Berry|[from] move: Fling\n|move|p2a: Cleo|Cosmic Power|p2a: Cleo\n|-boost|p2a: Cleo|def|1\n|-boost|p2a: Cleo|spd|1\n|\n|-damage|p1b: Mew|82\/100 tox|[from] psn\n|-damage|p1a: Houndoom|64\/100 tox|[from] psn\n|upkeep\n|turn|15\n|\n|t:|1697044978\n|move|p1b: Mew|Aura Sphere|p2b: Greg\n|-damage|p2b: Greg|43\/100\n|move|p1a: Houndoom|Heat Wave|p2a: Cleo|[spread] p2a,p2b\n|-damage|p2a: Cleo|86\/100\n|-damage|p2b: Greg|12\/100\n|move|p2b: Greg|Recycle|p2b: Greg\n|-item|p2b: Greg|Wiki Berry|[from] move: Recycle\n|-enditem|p2b: Greg|Wiki Berry|[eat]\n|-heal|p2b: Greg|45\/100|[from] item: Wiki Berry\n|move|p2a: Cleo|Cosmic Power|p2a: Cleo\n|-boost|p2a: Cleo|def|1\n|-boost|p2a: Cleo|spd|1\n|\n|-damage|p1b: Mew|63\/100 tox|[from] psn\n|-damage|p1a: Houndoom|39\/100 tox|[from] psn\n|-sideend|p2: Dalender|move: Light Screen\n|upkeep\n|turn|16\n|\n|t:|1697044998\n|move|p2a: Cleo|Follow Me|p2a: Cleo\n|-singleturn|p2a: Cleo|move: Follow Me\n|move|p1b: Mew|Aura Sphere|p2a: Cleo\n|-resisted|p2a: Cleo\n|-damage|p2a: Cleo|78\/100\n|move|p1a: Houndoom|Heat Wave|p2b: Greg|[spread] p2a,p2b\n|-damage|p2a: Cleo|61\/100\n|-damage|p2b: Greg|0 fnt\n|faint|p2b: Greg\n|\n|-damage|p1b: Mew|39\/100 tox|[from] psn\n|-damage|p1a: Houndoom|8\/100 tox|[from] psn\n|upkeep\n|turn|17\n|\n|t:|1697045019\n|move|p1b: Mew|Flamethrower|p2a: Cleo\n|-damage|p2a: Cleo|43\/100\n|move|p1a: Houndoom|Dark Pulse|p2a: Cleo\n|-resisted|p2a: Cleo\n|-damage|p2a: Cleo|33\/100\n|move|p2a: Cleo|Moonlight|p2a: Cleo\n|-heal|p2a: Cleo|83\/100\n|\n|-damage|p1b: Mew|8\/100 tox|[from] psn\n|-damage|p1a: Houndoom|0 fnt|[from] psn\n|faint|p1a: Houndoom\n|upkeep\n|\n|t:|1697045028\n|switch|p1a: Octillery|Octillery, M|100\/100\n|turn|18\n|\n|t:|1697045042\n|move|p1b: Mew|Flamethrower|p2a: Cleo\n|-damage|p2a: Cleo|66\/100\n|move|p1a: Octillery|Substitute|p1a: Octillery\n|-start|p1a: Octillery|Substitute\n|-damage|p1a: Octillery|75\/100\n|move|p2a: Cleo|Stored Power|p1a: Octillery\n|-end|p1a: Octillery|Substitute\n|\n|-damage|p1b: Mew|0 fnt|[from] psn\n|faint|p1b: Mew\n|-ability|p1a: Octillery|Moody|boost\n|-boost|p1a: Octillery|spd|2\n|-unboost|p1a: Octillery|def|1\n|upkeep\n|-enditem|p1a: Octillery|White Herb\n|-clearnegativeboost|p1a: Octillery|[silent]\n|turn|19\n|\n|t:|1697045069\n|move|p1a: Octillery|Scald|p2a: Cleo\n|-damage|p2a: Cleo|55\/100\n|move|p2a: Cleo|Cosmic Power|p2a: Cleo\n|-boost|p2a: Cleo|def|1\n|-boost|p2a: Cleo|spd|1\n|\n|-ability|p1a: Octillery|Moody|boost\n|-boost|p1a: Octillery|def|2\n|-unboost|p1a: Octillery|spa|1\n|upkeep\n|turn|20\n|\n|t:|1697045084\n|move|p1a: Octillery|Ice Beam|p2a: Cleo\n|-damage|p2a: Cleo|50\/100\n|move|p2a: Cleo|Cosmic Power|p2a: Cleo\n|-boost|p2a: Cleo|def|1\n|-boost|p2a: Cleo|spd|1\n|\n|-ability|p1a: Octillery|Moody|boost\n|-boost|p1a: Octillery|spe|2\n|-unboost|p1a: Octillery|spa|1\n|upkeep\n|turn|21\n|\n|t:|1697045096\n|move|p1a: Octillery|Thunder Wave|p2a: Cleo\n|-status|p2a: Cleo|par\n|move|p2a: Cleo|Moonlight|p2a: Cleo\n|-heal|p2a: Cleo|99\/100 par\n|\n|-ability|p1a: Octillery|Moody|boost\n|-boost|p1a: Octillery|spd|2\n|-unboost|p1a: Octillery|atk|1\n|upkeep\n|turn|22\n|\n|t:|1697045111\n|move|p1a: Octillery|Ice Beam|p2a: Cleo\n|-damage|p2a: Cleo|97\/100 par\n|move|p2a: Cleo|Stored Power|p1a: Octillery\n|-damage|p1a: Octillery|60\/100\n|\n|-ability|p1a: Octillery|Moody|boost\n|-boost|p1a: Octillery|spa|2\n|-unboost|p1a: Octillery|spe|1\n|upkeep\n|turn|23\n|inactive|ColtDoesStuff has 120 seconds left.\n|\n|t:|1697045150\n|move|p1a: Octillery|Scald|p2a: Cleo\n|-damage|p2a: Cleo|88\/100 par\n|cant|p2a: Cleo|par\n|\n|-ability|p1a: Octillery|Moody|boost\n|-boost|p1a: Octillery|atk|2\n|-unboost|p1a: Octillery|spd|1\n|upkeep\n|turn|24\n|\n|t:|1697045162\n|move|p1a: Octillery|Scald|p2a: Cleo\n|-damage|p2a: Cleo|79\/100 par\n|move|p2a: Cleo|Stored Power|p1a: Octillery\n|-damage|p1a: Octillery|42\/100\n|\n|-ability|p1a: Octillery|Moody|boost\n|-boost|p1a: Octillery|atk|2\n|-unboost|p1a: Octillery|def|1\n|upkeep\n|turn|25\n|\n|t:|1697045175\n|move|p1a: Octillery|Substitute|p1a: Octillery\n|-start|p1a: Octillery|Substitute\n|-damage|p1a: Octillery|17\/100\n|cant|p2a: Cleo|par\n|\n|-ability|p1a: Octillery|Moody|boost\n|-boost|p1a: Octillery|spa|2\n|-unboost|p1a: Octillery|spe|1\n|upkeep\n|turn|26\n|\n|t:|1697045186\n|move|p1a: Octillery|Scald|p2a: Cleo\n|-damage|p2a: Cleo|62\/100 par\n|cant|p2a: Cleo|par\n|\n|-ability|p1a: Octillery|Moody|boost\n|-boost|p1a: Octillery|spa|2\n|-unboost|p1a: Octillery|atk|1\n|upkeep\n|turn|27\n|\n|t:|1697045196\n|move|p1a: Octillery|Ice Beam|p2a: Cleo\n|-damage|p2a: Cleo|45\/100 par\n|move|p2a: Cleo|Moonlight|p2a: Cleo\n|-heal|p2a: Cleo|95\/100 par\n|\n|-ability|p1a: Octillery|Moody|boost\n|-boost|p1a: Octillery|atk|2\n|-unboost|p1a: Octillery|spa|1\n|upkeep\n|turn|28\n|c|\u2606ColtDoesStuff|Bruh\n|\n|t:|1697045211\n|move|p1a: Octillery|Ice Beam|p2a: Cleo\n|-damage|p2a: Cleo|81\/100 par\n|move|p2a: Cleo|Stored Power|p1a: Octillery\n|-activate|p1a: Octillery|move: Substitute|[damage]\n|\n|-ability|p1a: Octillery|Moody|boost\n|-boost|p1a: Octillery|spd|2\n|-unboost|p1a: Octillery|atk|1\n|upkeep\n|turn|29\n|\n|t:|1697045222\n|move|p1a: Octillery|Scald|p2a: Cleo\n|-damage|p2a: Cleo|61\/100 par\n|move|p2a: Cleo|Stored Power|p1a: Octillery\n|-end|p1a: Octillery|Substitute\n|\n|-ability|p1a: Octillery|Moody|boost\n|-boost|p1a: Octillery|spd|1\n|-unboost|p1a: Octillery|atk|1\n|upkeep\n|turn|30\n|\n|t:|1697045235\n|move|p1a: Octillery|Scald|p2a: Cleo\n|-damage|p2a: Cleo|40\/100 par\n|move|p2a: Cleo|Moonlight|p2a: Cleo\n|-heal|p2a: Cleo|90\/100 par\n|\n|-ability|p1a: Octillery|Moody|boost\n|-boost|p1a: Octillery|spa|2\n|-unboost|p1a: Octillery|atk|1\n|upkeep\n|turn|31\n|\n|t:|1697045251\n|move|p1a: Octillery|Scald|p2a: Cleo\n|-damage|p2a: Cleo|64\/100 par\n|move|p2a: Cleo|Stored Power|p1a: Octillery\n|-damage|p1a: Octillery|4\/100\n|\n|-ability|p1a: Octillery|Moody|boost\n|-boost|p1a: Octillery|atk|2\n|-unboost|p1a: Octillery|spa|1\n|upkeep\n|turn|32\n|\n|t:|1697045262\n|move|p1a: Octillery|Scald|p2a: Cleo\n|-damage|p2a: Cleo|41\/100 par\n|move|p2a: Cleo|Stored Power|p1a: Octillery\n|-damage|p1a: Octillery|0 fnt\n|faint|p1a: Octillery\n|\n|win|Dalender\n|raw|ColtDoesStuff's rating: 1106 &rarr; <strong>1080<\/strong><br \/>(-26 for losing)\n|raw|Dalender's rating: 1088 &rarr; <strong>1116<\/strong><br \/>(+28 for winning)\n|l|\u2606ColtDoesStuff\n","uploadtime":1697045275,"views":7,"p1id":"coltdoesstuff","p2id":"dalender","formatid":"gen9nationaldexdoubles","rating":1080,"private":0,"password":""}