{"id":"gen9nationaldexdoubles-1954136835","p1":"Queen Akane","p2":"pot rocks","format":"[Gen 9] National Dex Doubles","log":"|j|\u2606Queen Akane\n|j|\u2606pot rocks\n|t:|1695857534\n|gametype|doubles\n|player|p1|Queen Akane|sonia|1018\n|player|p2|pot rocks|fisherman-gen4|1085\n|teamsize|p1|6\n|teamsize|p2|6\n|gen|9\n|tier|[Gen 9] National Dex Doubles\n|rated|\n|rule|HP Percentage Mod: HP is shown in percentages\n|rule|Endless Battle Clause: Forcing endless battles is banned\n|rule|OHKO Clause: OHKO moves are banned\n|rule|Evasion Moves Clause: Evasion moves are banned\n|rule|Evasion Abilities Clause: Evasion abilities are banned\n|rule|Species Clause: Limit one of each Pok\u00e9mon\n|rule|Gravity Sleep Clause: The combination of sleep-inducing moves with imperfect accuracy and Gravity or Gigantamax Orbeetle are banned\n|clearpoke\n|poke|p1|Shuckle, F|\n|poke|p1|Hatterene, F|\n|poke|p1|Cresselia, F|\n|poke|p1|Sinistcha-Masterpiece|\n|poke|p1|Dipplin, F|\n|poke|p1|Goodra-Hisui, F|\n|poke|p2|Ambipom, M|\n|poke|p2|Jolteon, M|\n|poke|p2|Absol, F|\n|poke|p2|Tauros, M|\n|poke|p2|Pidove, M|\n|poke|p2|Weezing-Galar, M|\n|teampreview\n|inactive|Battle timer is ON: inactive players will automatically lose when time's up. (requested by pot rocks)\n|\n|t:|1695857545\n|start\n|switch|p1a: Shuckle|Shuckle, F|100\/100\n|switch|p1b: Hatterene|Hatterene, F|100\/100\n|switch|p2a: Ambipom|Ambipom, M|100\/100\n|switch|p2b: Jolteon|Jolteon, M|100\/100\n|turn|1\n|c|\u2606pot rocks|Screw hatterene\n|\n|t:|1695857571\n|move|p2a: Ambipom|Fake Out|p1b: Hatterene\n|-damage|p1b: Hatterene|72\/100\n|move|p2b: Jolteon|Shadow Ball|p1b: Hatterene\n|-supereffective|p1b: Hatterene\n|-damage|p1b: Hatterene|20\/100\n|move|p1a: Shuckle|Shell Smash|p1a: Shuckle\n|-boost|p1a: Shuckle|def|1\n|-boost|p1a: Shuckle|spd|1\n|-unboost|p1a: Shuckle|atk|2\n|-unboost|p1a: Shuckle|spa|2\n|-unboost|p1a: Shuckle|spe|2\n|cant|p1b: Hatterene|flinch\n|\n|upkeep\n|turn|2\n|c|\u2606Queen Akane|Why?\n|\n|t:|1695857591\n|move|p2b: Jolteon|Thunderbolt|p1a: Shuckle\n|-damage|p1a: Shuckle|77\/100\n|move|p2a: Ambipom|Double Hit|p1b: Hatterene\n|-damage|p1b: Hatterene|0 fnt\n|faint|p1b: Hatterene\n|-hitcount|p1: Hatterene|1\n|move|p1a: Shuckle|Shell Smash|p1a: Shuckle\n|-boost|p1a: Shuckle|def|1\n|-boost|p1a: Shuckle|spd|1\n|-unboost|p1a: Shuckle|atk|2\n|-unboost|p1a: Shuckle|spa|2\n|-unboost|p1a: Shuckle|spe|2\n|\n|-heal|p1a: Shuckle|83\/100|[from] item: Leftovers\n|upkeep\n|\n|t:|1695857604\n|switch|p1b: Sinistcha|Sinistcha-Masterpiece|100\/100\n|-heal|p1a: Shuckle|100\/100|[from] ability: Hospitality|[of] p1b: Sinistcha\n|turn|3\n|\n|t:|1695857612\n|switch|p2a: Weezing|Weezing-Galar, M|100\/100\n|-ability|p2a: Weezing|Neutralizing Gas\n|move|p2b: Jolteon|Shadow Ball|p1b: Sinistcha\n|-supereffective|p1b: Sinistcha\n|-damage|p1b: Sinistcha|35\/100\n|move|p1b: Sinistcha|Nasty Plot|p1b: Sinistcha\n|-boost|p1b: Sinistcha|spa|2\n|move|p1a: Shuckle|Shell Smash|p1a: Shuckle\n|-unboost|p1a: Shuckle|def|1\n|-unboost|p1a: Shuckle|spd|1\n|-boost|p1a: Shuckle|atk|2\n|-boost|p1a: Shuckle|spa|2\n|-boost|p1a: Shuckle|spe|2\n|\n|upkeep\n|turn|4\n|\n|t:|1695857638\n|move|p2b: Jolteon|Shadow Ball|p1b: Sinistcha\n|-supereffective|p1b: Sinistcha\n|-damage|p1b: Sinistcha|0 fnt\n|faint|p1b: Sinistcha\n|move|p2a: Weezing|Clear Smog|p1a: Shuckle\n|-resisted|p1a: Shuckle\n|-damage|p1a: Shuckle|97\/100\n|-clearboost|p1a: Shuckle\n|move|p1a: Shuckle|Encore|p2b: Jolteon\n|-start|p2b: Jolteon|Encore\n|\n|-heal|p1a: Shuckle|100\/100|[from] item: Leftovers\n|upkeep\n|inactive|Queen Akane has 120 seconds left.\n|\n|t:|1695857650\n|switch|p1b: Cresselia|Cresselia, F|100\/100\n|turn|5\n|\n|t:|1695857662\n|-end|p2a: Weezing|ability: Neutralizing Gas\n|switch|p2a: Absol|Absol, F|100\/100\n|move|p2b: Jolteon|Shadow Ball|p1b: Cresselia\n|-supereffective|p1b: Cresselia\n|-damage|p1b: Cresselia|65\/100\n|move|p1b: Cresselia|Thunder Wave|p2a: Absol\n|-status|p2a: Absol|par\n|move|p1a: Shuckle|Gyro Ball|p2a: Absol\n|-damage|p2a: Absol|84\/100 par\n|\n|upkeep\n|turn|6\n|\n|t:|1695857674\n|move|p2b: Jolteon|Shadow Ball|p1b: Cresselia\n|-supereffective|p1b: Cresselia\n|-damage|p1b: Cresselia|31\/100\n|move|p2a: Absol|Night Slash|p1b: Cresselia\n|-supereffective|p1b: Cresselia\n|-crit|p1b: Cresselia\n|-damage|p1b: Cresselia|0 fnt\n|faint|p1b: Cresselia\n|move|p1a: Shuckle|Shell Smash|p1a: Shuckle\n|-boost|p1a: Shuckle|def|1\n|-boost|p1a: Shuckle|spd|1\n|-unboost|p1a: Shuckle|atk|2\n|-unboost|p1a: Shuckle|spa|2\n|-unboost|p1a: Shuckle|spe|2\n|\n|upkeep\n|\n|t:|1695857686\n|switch|p1b: Dipplin|Dipplin, F|100\/100\n|-ability|p1b: Dipplin|Supersweet Syrup\n|-ability|p1b: Dipplin|Supersweet Syrup|boost\n|-unboost|p2a: Absol|evasion|1\n|-unboost|p2b: Jolteon|evasion|1\n|turn|7\n|\n|t:|1695857704\n|move|p1b: Dipplin|Protect|p1b: Dipplin\n|-singleturn|p1b: Dipplin|Protect\n|cant|p2a: Absol|par\n|move|p2b: Jolteon|Shadow Ball|p1b: Dipplin\n|-activate|p1b: Dipplin|move: Protect\n|move|p1a: Shuckle|Shell Smash|p1a: Shuckle\n|-boost|p1a: Shuckle|def|1\n|-boost|p1a: Shuckle|spd|1\n|-unboost|p1a: Shuckle|atk|2\n|-unboost|p1a: Shuckle|spa|2\n|-unboost|p1a: Shuckle|spe|2\n|\n|-end|p2b: Jolteon|Encore\n|upkeep\n|turn|8\n|\n|t:|1695857721\n|move|p2b: Jolteon|Thunderbolt|p1a: Shuckle\n|-damage|p1a: Shuckle|83\/100\n|move|p2a: Absol|Night Slash|p1b: Dipplin\n|-crit|p1b: Dipplin\n|-damage|p1b: Dipplin|47\/100\n|move|p1b: Dipplin|Draco Meteor|p2a: Absol\n|-damage|p2a: Absol|0 fnt\n|-unboost|p1b: Dipplin|spa|2\n|faint|p2a: Absol\n|move|p1a: Shuckle|Gyro Ball|p2b: Jolteon\n|-resisted|p2b: Jolteon\n|-damage|p2b: Jolteon|98\/100\n|\n|-heal|p1a: Shuckle|90\/100|[from] item: Leftovers\n|upkeep\n|\n|t:|1695857733\n|switch|p2a: Ambipom|Ambipom, M|100\/100\n|turn|9\n|\n|t:|1695857740\n|move|p2a: Ambipom|Fake Out|p1b: Dipplin\n|-damage|p1b: Dipplin|24\/100\n|-enditem|p1b: Dipplin|Aguav Berry|[eat]\n|-heal|p1b: Dipplin|58\/100|[from] item: Aguav Berry\n|move|p2b: Jolteon|Thunderbolt|p1a: Shuckle\n|-damage|p1a: Shuckle|72\/100\n|cant|p1b: Dipplin|flinch\n|move|p1a: Shuckle|Shell Smash|p1a: Shuckle\n|-boost|p1a: Shuckle|def|1\n|-boost|p1a: Shuckle|spd|1\n|-unboost|p1a: Shuckle|atk|2\n|-unboost|p1a: Shuckle|spa|2\n|-unboost|p1a: Shuckle|spe|2\n|\n|-heal|p1a: Shuckle|79\/100|[from] item: Leftovers\n|upkeep\n|turn|10\n|inactive|pot rocks has 120 seconds left.\n|\n|t:|1695857781\n|move|p2b: Jolteon|Thunderbolt|p1a: Shuckle\n|-damage|p1a: Shuckle|65\/100\n|move|p2a: Ambipom|Aerial Ace|p1b: Dipplin\n|-supereffective|p1b: Dipplin\n|-damage|p1b: Dipplin|5\/100\n|move|p1b: Dipplin|Recover|p1b: Dipplin\n|-heal|p1b: Dipplin|55\/100\n|move|p1a: Shuckle|Shell Smash|p1a: Shuckle\n|-boost|p1a: Shuckle|def|1\n|-boost|p1a: Shuckle|spd|1\n|-unboost|p1a: Shuckle|atk|0\n|-unboost|p1a: Shuckle|spa|0\n|-unboost|p1a: Shuckle|spe|0\n|\n|-heal|p1a: Shuckle|71\/100|[from] item: Leftovers\n|upkeep\n|turn|11\n|inactive|Queen Akane has 120 seconds left.\n|c|\u2606pot rocks|Why is ur team like this\n|inactive|pot rocks has 120 seconds left.\n|c|\u2606Queen Akane|funny\n|\n|t:|1695857832\n|switch|p2b: Weezing|Weezing-Galar, M|100\/100\n|-ability|p2b: Weezing|Neutralizing Gas\n|move|p1b: Dipplin|Protect|p1b: Dipplin\n|-singleturn|p1b: Dipplin|Protect\n|move|p2a: Ambipom|Aerial Ace|p1b: Dipplin\n|-activate|p1b: Dipplin|move: Protect\n|move|p1a: Shuckle|Gyro Ball|p2a: Ambipom\n|-damage|p2a: Ambipom|97\/100\n|\n|-heal|p1a: Shuckle|77\/100|[from] item: Leftovers\n|upkeep\n|turn|12\n|inactive|Queen Akane has 120 seconds left.\n|\n|t:|1695857854\n|-terastallize|p2a: Ambipom|Normal\n|move|p2a: Ambipom|Double Hit|p1b: Dipplin\n|-damage|p1b: Dipplin|38\/100\n|-damage|p1b: Dipplin|17\/100\n|-hitcount|p1b: Dipplin|2\n|move|p2b: Weezing|Clear Smog|p1a: Shuckle\n|-resisted|p1a: Shuckle\n|-damage|p1a: Shuckle|75\/100\n|-clearboost|p1a: Shuckle\n|move|p1b: Dipplin|Recover|p1b: Dipplin\n|-heal|p1b: Dipplin|68\/100\n|move|p1a: Shuckle|Gyro Ball|p2b: Weezing\n|-supereffective|p2b: Weezing\n|-damage|p2b: Weezing|89\/100\n|\n|-heal|p2b: Weezing|95\/100|[from] item: Leftovers\n|-heal|p1a: Shuckle|81\/100|[from] item: Leftovers\n|upkeep\n|turn|13\n|inactive|Queen Akane has 120 seconds left.\n|-message|Queen Akane forfeited.\n|\n|win|pot rocks\n|raw|Queen Akane's rating: 1018 &rarr; <strong>1008<\/strong><br \/>(-10 for losing)\n|raw|pot rocks's rating: 1085 &rarr; <strong>1107<\/strong><br \/>(+22 for winning)\n|l|\u2606Queen Akane\n","uploadtime":1695857896,"views":12,"p1id":"queenakane","p2id":"potrocks","formatid":"gen9nationaldexdoubles","rating":1008,"private":0,"password":""}