{"id":"gen9nationaldexdoubles-1991801357","p1":"wrwrwr1","p2":"CuteFeetsies","format":"[Gen 9] National Dex Doubles","log":"|j|\u2606wrwrwr1\n|j|\u2606CuteFeetsies\n|t:|1700119932\n|gametype|doubles\n|player|p1|wrwrwr1|2|1324\n|player|p2|CuteFeetsies|265|1176\n|teamsize|p1|6\n|teamsize|p2|6\n|gen|9\n|tier|[Gen 9] National Dex Doubles\n|rated|\n|rule|HP Percentage Mod: HP is shown in percentages\n|rule|Endless Battle Clause: Forcing endless battles is banned\n|rule|OHKO Clause: OHKO moves are banned\n|rule|Evasion Moves Clause: Evasion moves are banned\n|rule|Evasion Abilities Clause: Evasion abilities are banned\n|rule|Species Clause: Limit one of each Pok\u00e9mon\n|rule|Gravity Sleep Clause: The combination of sleep-inducing moves with imperfect accuracy and Gravity or Gigantamax Orbeetle are banned\n|clearpoke\n|poke|p1|Kangaskhan, F|\n|poke|p1|Rillaboom, F|\n|poke|p1|Flutter Mane|\n|poke|p1|Urshifu-*, F|\n|poke|p1|Chien-Pao|\n|poke|p1|Tornadus, M|\n|poke|p2|Noivern, M|\n|poke|p2|Basculegion, M|\n|poke|p2|Glimmora, F|\n|poke|p2|Arcanine, M|\n|poke|p2|Clefable, M|\n|poke|p2|Indeedee-F, F|\n|teampreview\n|\n|t:|1700119938\n|start\n|switch|p1a: Kangaskhan|Kangaskhan, F|100\/100\n|switch|p1b: Rillaboom|Rillaboom, F|100\/100\n|switch|p2a: Glimmora|Glimmora, F|100\/100\n|switch|p2b: Clefable|Clefable, M|100\/100\n|-fieldstart|move: Grassy Terrain|[from] ability: Grassy Surge|[of] p1b: Rillaboom\n|turn|1\n|\n|t:|1700119967\n|switch|p2b: Indeedee|Indeedee-F, F|100\/100\n|-fieldstart|move: Psychic Terrain|[from] ability: Psychic Surge|[of] p2b: Indeedee\n|-enditem|p2b: Indeedee|Psychic Seed\n|-boost|p2b: Indeedee|spd|1|[from] item: Psychic Seed\n|detailschange|p1a: Kangaskhan|Kangaskhan-Mega, F\n|-mega|p1a: Kangaskhan|Kangaskhan|Kangaskhanite\n|move|p1a: Kangaskhan|Fake Out|p2a: Glimmora\n|-activate|p2a: Glimmora|move: Psychic Terrain\n|move|p2a: Glimmora|Mortal Spin|p1b: Rillaboom|[spread] p1a,p1b\n|-supereffective|p1b: Rillaboom\n|-damage|p1a: Kangaskhan|97\/100\n|-damage|p1b: Rillaboom|90\/100\n|-status|p1a: Kangaskhan|psn\n|-status|p1b: Rillaboom|psn\n|move|p1b: Rillaboom|Wood Hammer|p2a: Glimmora\n|-damage|p2a: Glimmora|32\/100\n|-activate|p2a: Glimmora|ability: Toxic Debris\n|-sidestart|p1: wrwrwr1|move: Toxic Spikes\n|-damage|p1b: Rillaboom|69\/100 psn|[from] Recoil\n|-enditem|p2a: Glimmora|Red Card|[of] p1b: Rillaboom\n|drag|p1b: Chien-Pao|Chien-Pao|100\/100\n|-status|p1b: Chien-Pao|psn\n|-ability|p1b: Chien-Pao|Sword of Ruin\n|\n|-damage|p1b: Chien-Pao|88\/100 psn|[from] psn\n|-damage|p1a: Kangaskhan|85\/100 psn|[from] psn\n|upkeep\n|turn|2\n|\n|t:|1700120001\n|move|p2a: Glimmora|Spiky Shield|p2a: Glimmora\n|-singleturn|p2a: Glimmora|move: Protect\n|move|p1b: Chien-Pao|Icicle Crash|p2a: Glimmora\n|-activate|p2a: Glimmora|move: Protect\n|move|p2b: Indeedee|Dazzling Gleam|p1a: Kangaskhan|[spread] p1a,p1b\n|-supereffective|p1b: Chien-Pao\n|-damage|p1a: Kangaskhan|71\/100 psn\n|-damage|p1b: Chien-Pao|38\/100 psn\n|move|p1a: Kangaskhan|Seismic Toss|p2b: Indeedee\n|-damage|p2b: Indeedee|65\/100\n|-damage|p2b: Indeedee|29\/100\n|-hitcount|p2b: Indeedee|2\n|\n|-damage|p1b: Chien-Pao|26\/100 psn|[from] psn\n|-damage|p1a: Kangaskhan|58\/100 psn|[from] psn\n|upkeep\n|turn|3\n|\n|t:|1700120023\n|move|p1b: Chien-Pao|Sucker Punch|p2a: Glimmora\n|-activate|p2a: Glimmora|move: Psychic Terrain\n|move|p2a: Glimmora|Sludge Wave|p1a: Kangaskhan|[spread] p2b,p1a,p1b\n|-damage|p2b: Indeedee|7\/100\n|-damage|p1a: Kangaskhan|33\/100 psn\n|-damage|p1b: Chien-Pao|0 fnt\n|faint|p1b: Chien-Pao\n|move|p2b: Indeedee|Dazzling Gleam|p1a: Kangaskhan\n|-damage|p1a: Kangaskhan|15\/100 psn\n|move|p1a: Kangaskhan|Seismic Toss|p2b: Indeedee\n|-damage|p2b: Indeedee|0 fnt\n|faint|p2b: Indeedee\n|-hitcount|p2: Indeedee|1\n|\n|-damage|p1a: Kangaskhan|3\/100 psn|[from] psn\n|upkeep\n|\n|t:|1700120036\n|switch|p1b: Flutter Mane|Flutter Mane|100\/100\n|switch|p2b: Clefable|Clefable, M|100\/100\n|-status|p1b: Flutter Mane|psn\n|-enditem|p1b: Flutter Mane|Booster Energy\n|-activate|p1b: Flutter Mane|ability: Protosynthesis|[fromitem]\n|-start|p1b: Flutter Mane|protosynthesisspe\n|turn|4\n|\n|t:|1700120070\n|move|p2a: Glimmora|Spiky Shield|p2a: Glimmora\n|-singleturn|p2a: Glimmora|move: Protect\n|move|p1b: Flutter Mane|Shadow Ball|p2a: Glimmora\n|-activate|p2a: Glimmora|move: Protect\n|move|p1a: Kangaskhan|Seismic Toss|p2b: Clefable\n|-damage|p2b: Clefable|75\/100\n|-damage|p2b: Clefable|50\/100\n|-hitcount|p2b: Clefable|2\n|move|p2b: Clefable|Cosmic Power|p2b: Clefable\n|-boost|p2b: Clefable|def|1\n|-boost|p2b: Clefable|spd|1\n|\n|-heal|p2b: Clefable|56\/100|[from] item: Leftovers\n|-damage|p1b: Flutter Mane|88\/100 psn|[from] psn\n|-damage|p1a: Kangaskhan|0 fnt|[from] psn\n|faint|p1a: Kangaskhan\n|upkeep\n|\n|t:|1700120079\n|switch|p1a: Urshifu|Urshifu-Rapid-Strike, F|100\/100\n|-status|p1a: Urshifu|psn\n|turn|5\n|\n|t:|1700120100\n|move|p1b: Flutter Mane|Shadow Ball|p2a: Glimmora\n|-damage|p2a: Glimmora|0 fnt\n|faint|p2a: Glimmora\n|move|p1a: Urshifu|Surging Strikes|p2b: Clefable\n|-crit|p2b: Clefable\n|-damage|p2b: Clefable|21\/100\n|-crit|p2b: Clefable\n|-damage|p2b: Clefable|0 fnt\n|faint|p2b: Clefable\n|-hitcount|p2: Clefable|2\n|\n|-damage|p1b: Flutter Mane|76\/100 psn|[from] psn\n|-damage|p1a: Urshifu|88\/100 psn|[from] psn\n|-fieldend|move: Psychic Terrain\n|upkeep\n|\n|t:|1700120115\n|switch|p2a: Arcanine|Arcanine, M|100\/100\n|switch|p2b: Basculegion|Basculegion, M|100\/100\n|-ability|p2a: Arcanine|Intimidate|boost\n|-unboost|p1a: Urshifu|atk|1\n|-unboost|p1b: Flutter Mane|atk|1\n|turn|6\n|\n|t:|1700120143\n|move|p1b: Flutter Mane|Shadow Ball|p2b: Basculegion\n|-supereffective|p2b: Basculegion\n|-damage|p2b: Basculegion|22\/100\n|-unboost|p2b: Basculegion|spd|1\n|move|p2b: Basculegion|Last Respects|p1a: Urshifu\n|-damage|p1a: Urshifu|0 fnt\n|faint|p1a: Urshifu\n|move|p2a: Arcanine|Iron Head|p1b: Flutter Mane\n|-supereffective|p1b: Flutter Mane\n|-damage|p1b: Flutter Mane|5\/100 psn\n|\n|-damage|p1b: Flutter Mane|0 fnt|[from] psn\n|faint|p1b: Flutter Mane\n|-end|p1b: Flutter Mane|Protosynthesis|[silent]\n|upkeep\n|\n|t:|1700120151\n|switch|p1b: Tornadus|Tornadus, M|100\/100\n|switch|p1a: Rillaboom|Rillaboom, F|69\/100 psn\n|-fieldstart|move: Grassy Terrain|[from] ability: Grassy Surge|[of] p1a: Rillaboom\n|turn|7\n|\n|t:|1700120172\n|-terastallize|p2a: Arcanine|Electric\n|move|p1a: Rillaboom|Fake Out|p2a: Arcanine\n|-damage|p2a: Arcanine|84\/100\n|move|p2b: Basculegion|Last Respects|p1a: Rillaboom\n|-damage|p1a: Rillaboom|0 fnt\n|faint|p1a: Rillaboom\n|move|p1b: Tornadus|Bleakwind Storm|p2a: Arcanine|[spread] p2a,p2b\n|-resisted|p2a: Arcanine\n|-damage|p2a: Arcanine|68\/100\n|-damage|p2b: Basculegion|0 fnt\n|-unboost|p2a: Arcanine|spe|1\n|-enditem|p2a: Arcanine|Eject Pack\n|faint|p2b: Basculegion\n|\n|t:|1700120183\n|switch|p2a: Noivern|Noivern, M|100\/100\n|\n|upkeep\n|\n|t:|1700120187\n|switch|p2b: Arcanine|Arcanine, M, tera:Electric|68\/100\n|-ability|p2b: Arcanine|Intimidate|boost\n|-fail|p1b: Tornadus|unboost|[from] item: Clear Amulet|[of] p1b: Tornadus\n|turn|8\n|\n|t:|1700120195\n|-terastallize|p1b: Tornadus|Grass\n|move|p2a: Noivern|Draco Meteor|p1b: Tornadus\n|-damage|p1b: Tornadus|15\/100\n|-unboost|p2a: Noivern|spa|2\n|-damage|p2a: Noivern|91\/100|[from] item: Life Orb\n|move|p1b: Tornadus|Bleakwind Storm|p2b: Arcanine|[spread] p2a,p2b\n|-resisted|p2b: Arcanine\n|-damage|p2a: Noivern|50\/100\n|-damage|p2b: Arcanine|50\/100\n|move|p2b: Arcanine|Tera Blast|p1b: Tornadus|[anim] Tera Blast Electric\n|-resisted|p1b: Tornadus\n|-damage|p1b: Tornadus|0 fnt\n|faint|p1b: Tornadus\n|\n|win|CuteFeetsies\n|raw|wrwrwr1's rating: 1339 &rarr; <strong>1310<\/strong><br \/>(-29 for losing)\n|raw|CuteFeetsies's rating: 1176 &rarr; <strong>1212<\/strong><br \/>(+36 for winning)\n|l|\u2606wrwrwr1\n","uploadtime":1700120219,"views":10,"p1id":"wrwrwr1","p2id":"cutefeetsies","formatid":"gen9nationaldexdoubles","rating":1212,"private":0,"password":""}