{"id":"gen9nationaldexdoubles-1973700958","p1":"Davichu7","p2":"Evaniidae","format":"[Gen 9] National Dex Doubles","log":"|j|\u2606Davichu7\n|j|\u2606Evaniidae\n|t:|1698004761\n|gametype|doubles\n|player|p1|Davichu7|pokemaniac|\n|player|p2|Evaniidae|rosa|\n|teamsize|p1|6\n|teamsize|p2|6\n|gen|9\n|tier|[Gen 9] National Dex Doubles\n|rule|HP Percentage Mod: HP is shown in percentages\n|rule|Endless Battle Clause: Forcing endless battles is banned\n|rule|OHKO Clause: OHKO moves are banned\n|rule|Evasion Moves Clause: Evasion moves are banned\n|rule|Evasion Abilities Clause: Evasion abilities are banned\n|rule|Species Clause: Limit one of each Pok\u00e9mon\n|rule|Gravity Sleep Clause: The combination of sleep-inducing moves with imperfect accuracy and Gravity or Gigantamax Orbeetle are banned\n|clearpoke\n|poke|p1|Flutter Mane|\n|poke|p1|Gholdengo|\n|poke|p1|Sableye, F|\n|poke|p1|Dragapult, F|\n|poke|p1|Typhlosion-Hisui, F|\n|poke|p1|Palossand, M|\n|poke|p2|Raichu, M|\n|poke|p2|Ampharos, F|\n|poke|p2|Luxray, F|\n|poke|p2|Zebstrika, M|\n|poke|p2|Eelektross, M|\n|poke|p2|Jolteon, F|\n|teampreview\n|\n|t:|1698004784\n|start\n|switch|p1a: Dragapult|Dragapult, F, shiny|100\/100\n|switch|p1b: Gholdengo|Gholdengo, shiny|100\/100\n|switch|p2a: Raichu|Raichu, M|100\/100\n|switch|p2b: Luxray|Luxray, F|100\/100\n|-ability|p2b: Luxray|Intimidate|boost\n|-unboost|p1a: Dragapult|atk|1\n|-unboost|p1b: Gholdengo|atk|1\n|turn|1\n|\n|t:|1698004799\n|move|p1a: Dragapult|Light Screen|p1a: Dragapult\n|-sidestart|p1: Davichu7|move: Light Screen\n|move|p2a: Raichu|Surf|p1b: Gholdengo|[spread] p2b,p1a,p1b\n|-resisted|p1a: Dragapult\n|-damage|p2b: Luxray|71\/100\n|-damage|p1a: Dragapult|94\/100\n|-damage|p1b: Gholdengo|92\/100\n|move|p2b: Luxray|Thunderbolt|p1a: Dragapult\n|-resisted|p1a: Dragapult\n|-damage|p1a: Dragapult|77\/100\n|-status|p1a: Dragapult|par\n|-damage|p2b: Luxray|61\/100|[from] item: Life Orb\n|move|p1b: Gholdengo|Nasty Plot|p1b: Gholdengo\n|-boost|p1b: Gholdengo|spa|2\n|\n|-heal|p1b: Gholdengo|98\/100|[from] item: Leftovers\n|upkeep\n|turn|2\n|\n|t:|1698004828\n|move|p2a: Raichu|Focus Blast|p1b: Gholdengo\n|-immune|p1b: Gholdengo\n|move|p2b: Luxray|Ice Fang|p1a: Dragapult\n|-supereffective|p1a: Dragapult\n|-damage|p1a: Dragapult|14\/100 par\n|-start|p2b: Luxray|Disable|Ice Fang|[from] ability: Cursed Body|[of] p1a: Dragapult\n|-damage|p2b: Luxray|51\/100|[from] item: Life Orb\n|move|p1a: Dragapult|Reflect|p1a: Dragapult\n|-sidestart|p1: Davichu7|Reflect\n|move|p1b: Gholdengo|Shadow Ball|p2b: Luxray\n|-damage|p2b: Luxray|0 fnt\n|faint|p2b: Luxray\n|\n|-heal|p1b: Gholdengo|100\/100|[from] item: Leftovers\n|upkeep\n|\n|t:|1698004846\n|switch|p2b: Ampharos|Ampharos, F|100\/100\n|turn|3\n|\n|t:|1698004862\n|move|p2a: Raichu|Thunderbolt|p1b: Gholdengo\n|-damage|p1b: Gholdengo|83\/100\n|-status|p1b: Gholdengo|par\n|cant|p1a: Dragapult|par\n|move|p2b: Ampharos|Thunderbolt|p1a: Dragapult\n|-resisted|p1a: Dragapult\n|-damage|p1a: Dragapult|0 fnt\n|faint|p1a: Dragapult\n|move|p1b: Gholdengo|Make It Rain|p2a: Raichu|[spread] p2a,p2b\n|-resisted|p2a: Raichu\n|-resisted|p2b: Ampharos\n|-damage|p2a: Raichu|42\/100\n|-damage|p2b: Ampharos|63\/100\n|-unboost|p1b: Gholdengo|spa|1\n|\n|-heal|p1b: Gholdengo|89\/100 par|[from] item: Leftovers\n|upkeep\n|\n|t:|1698004887\n|switch|p1a: Flutter Mane|Flutter Mane, shiny|100\/100\n|-enditem|p1a: Flutter Mane|Booster Energy\n|-activate|p1a: Flutter Mane|ability: Protosynthesis|[fromitem]\n|-start|p1a: Flutter Mane|protosynthesisspe\n|turn|4\n|\n|t:|1698004904\n|move|p1a: Flutter Mane|Shadow Ball|p2b: Ampharos\n|-damage|p2b: Ampharos|25\/100\n|move|p2a: Raichu|Thunderbolt|p1a: Flutter Mane\n|-damage|p1a: Flutter Mane|77\/100\n|move|p2b: Ampharos|Dragon Pulse|p1b: Gholdengo\n|-resisted|p1b: Gholdengo\n|-damage|p1b: Gholdengo|83\/100 par\n|move|p1b: Gholdengo|Make It Rain|p2b: Ampharos|[spread] p2a,p2b\n|-resisted|p2a: Raichu\n|-resisted|p2b: Ampharos\n|-damage|p2a: Raichu|0 fnt\n|-damage|p2b: Ampharos|0 fnt\n|-unboost|p1b: Gholdengo|spa|1\n|faint|p2a: Raichu\n|faint|p2b: Ampharos\n|\n|-heal|p1b: Gholdengo|89\/100 par|[from] item: Leftovers\n|upkeep\n|\n|t:|1698004921\n|switch|p2a: Zebstrika|Zebstrika, M|100\/100\n|switch|p2b: Eelektross|Eelektross, M|100\/100\n|turn|5\n|\n|t:|1698004937\n|move|p1a: Flutter Mane|Shadow Ball|p2a: Zebstrika\n|-damage|p2a: Zebstrika|23\/100\n|move|p2a: Zebstrika|Volt Switch|p1a: Flutter Mane\n|-damage|p1a: Flutter Mane|60\/100\n|\n|t:|1698004944\n|switch|p2a: Jolteon|Jolteon, F|100\/100|[from] Volt Switch\n|move|p2b: Eelektross|Giga Drain|p1b: Gholdengo\n|-resisted|p1b: Gholdengo\n|-damage|p1b: Gholdengo|83\/100 par\n|move|p1b: Gholdengo|Nasty Plot|p1b: Gholdengo\n|-boost|p1b: Gholdengo|spa|2\n|\n|-heal|p1b: Gholdengo|89\/100 par|[from] item: Leftovers\n|upkeep\n|turn|6\n|\n|t:|1698004972\n|move|p1a: Flutter Mane|Dazzling Gleam|p2b: Eelektross|[spread] p2a,p2b\n|-damage|p2a: Jolteon|63\/100\n|-damage|p2b: Eelektross|78\/100\n|move|p2a: Jolteon|Thunderbolt|p1b: Gholdengo\n|-damage|p1b: Gholdengo|71\/100 par\n|move|p2b: Eelektross|Giga Drain|p1a: Flutter Mane\n|-damage|p1a: Flutter Mane|44\/100\n|-heal|p2b: Eelektross|84\/100|[from] drain|[of] p1a: Flutter Mane\n|move|p1b: Gholdengo|Make It Rain|p2a: Jolteon|[spread] p2a,p2b\n|-resisted|p2a: Jolteon\n|-resisted|p2b: Eelektross\n|-damage|p2a: Jolteon|12\/100\n|-damage|p2b: Eelektross|56\/100\n|-unboost|p1b: Gholdengo|spa|1\n|\n|-heal|p2a: Jolteon|18\/100|[from] item: Leftovers\n|-heal|p1b: Gholdengo|77\/100 par|[from] item: Leftovers\n|upkeep\n|turn|7\n|\n|t:|1698005006\n|move|p1a: Flutter Mane|Shadow Ball|p2b: Eelektross\n|-damage|p2b: Eelektross|24\/100\n|move|p2a: Jolteon|Wish|p2a: Jolteon\n|move|p2b: Eelektross|Giga Drain|p1a: Flutter Mane\n|-damage|p1a: Flutter Mane|26\/100\n|-heal|p2b: Eelektross|30\/100|[from] drain|[of] p1a: Flutter Mane\n|move|p1b: Gholdengo|Make It Rain|p2b: Eelektross|[spread] p2a,p2b\n|-resisted|p2a: Jolteon\n|-resisted|p2b: Eelektross\n|-damage|p2a: Jolteon|0 fnt\n|-damage|p2b: Eelektross|10\/100\n|-unboost|p1b: Gholdengo|spa|1\n|faint|p2a: Jolteon\n|\n|-heal|p1b: Gholdengo|84\/100 par|[from] item: Leftovers\n|upkeep\n|\n|t:|1698005023\n|switch|p2a: Zebstrika|Zebstrika, M|23\/100\n|turn|8\n|\n|t:|1698005031\n|move|p1a: Flutter Mane|Dazzling Gleam|p2a: Zebstrika|[spread] p2a,p2b\n|-crit|p2a: Zebstrika\n|-damage|p2a: Zebstrika|0 fnt\n|-damage|p2b: Eelektross|0 fnt\n|faint|p2a: Zebstrika\n|faint|p2b: Eelektross\n|\n|win|Davichu7\n","uploadtime":1698005038,"views":10,"p1id":"davichu7","p2id":"evaniidae","formatid":"gen9nationaldexdoubles","rating":0,"private":0,"password":""}