{"id":"smogtours-gen9nationaldexdoubles-724276","p1":"tyo","p2":"theyummybagel","format":"[Gen 9] National Dex Doubles","log":"|inactive|Battle timer is ON: inactive players will automatically lose when time's up.\n|t:|1697408786\n|gametype|doubles\n|player|p1|tyo|#vgcpliiizoruas|\n|player|p2|theyummybagel|#scl3breakers|\n|teamsize|p1|6\n|teamsize|p2|6\n|gen|9\n|tier|[Gen 9] National Dex Doubles\n|rule|HP Percentage Mod: HP is shown in percentages\n|rule|Endless Battle Clause: Forcing endless battles is banned\n|rule|OHKO Clause: OHKO moves are banned\n|rule|Evasion Moves Clause: Evasion moves are banned\n|rule|Evasion Abilities Clause: Evasion abilities are banned\n|rule|Species Clause: Limit one of each Pok\u00e9mon\n|rule|Gravity Sleep Clause: The combination of sleep-inducing moves with imperfect accuracy and Gravity or Gigantamax Orbeetle are banned\n|clearpoke\n|poke|p1|Jirachi|\n|poke|p1|Zygarde|\n|poke|p1|Rillaboom, F|\n|poke|p1|Urshifu-*, M|\n|poke|p1|Kingambit, M|\n|poke|p1|Salamence, F|\n|poke|p2|Metagross|\n|poke|p2|Kyurem-Black|\n|poke|p2|Rillaboom, F|\n|poke|p2|Ogerpon-Hearthflame, F|\n|poke|p2|Zeraora|\n|poke|p2|Flutter Mane|\n|teampreview\n|inactive|theyummybagel also wants the timer to be on.\n|c|\u2606theyummybagel|hf\n|c|\u2606tyo|glhf\n|inactive|tyo has 270 seconds left.\n|inactive|theyummybagel has 270 seconds left.\n|inactive|tyo has 240 seconds left.\n|inactive|theyummybagel has 240 seconds left.\n|inactive|theyummybagel has 210 seconds left.\n|\n|t:|1697408888\n|start\n|switch|p1a: Rillaboom|Rillaboom, F|100\/100\n|switch|p1b: Urshifu|Urshifu-Rapid-Strike, M|100\/100\n|switch|p2a: Metagross|Metagross|100\/100\n|switch|p2b: Zeraora|Zeraora|100\/100\n|-fieldstart|move: Grassy Terrain|[from] ability: Grassy Surge|[of] p1a: Rillaboom\n|turn|1\n|\n|t:|1697408911\n|switch|p1b: Zygarde|Zygarde|100\/100\n|-ability|p1b: Zygarde|Aura Break\n|detailschange|p2a: Metagross|Metagross-Mega\n|-mega|p2a: Metagross|Metagross|Metagrossite\n|move|p2b: Zeraora|Fake Out|p1b: Zygarde\n|-damage|p1b: Zygarde|92\/100\n|move|p2a: Metagross|Iron Head|p1a: Rillaboom\n|-damage|p1a: Rillaboom|49\/100\n|cant|p1a: Rillaboom|flinch\n|\n|-heal|p1b: Zygarde|98\/100|[from] Grassy Terrain\n|-heal|p1b: Zygarde|100\/100|[from] item: Leftovers\n|-heal|p1a: Rillaboom|55\/100|[from] Grassy Terrain\n|upkeep\n|turn|2\n|inactive|theyummybagel has 270 seconds left.\n|\n|t:|1697408941\n|switch|p2b: Kyurem|Kyurem-Black|100\/100\n|-ability|p2b: Kyurem|Teravolt\n|move|p1b: Zygarde|Protect|p1b: Zygarde\n|-singleturn|p1b: Zygarde|Protect\n|move|p2a: Metagross|Iron Head|p1a: Rillaboom\n|-damage|p1a: Rillaboom|1\/100\n|move|p1a: Rillaboom|Wood Hammer|p2b: Kyurem\n|-resisted|p2b: Kyurem\n|-damage|p2b: Kyurem|62\/100\n|-damage|p1a: Rillaboom|0 fnt|[from] Recoil\n|faint|p1a: Rillaboom\n|\n|-heal|p2b: Kyurem|68\/100|[from] Grassy Terrain\n|upkeep\n|\n|t:|1697408948\n|switch|p1a: Jirachi|Jirachi|100\/100\n|turn|3\n|\n|t:|1697408959\n|move|p1a: Jirachi|Follow Me|p1a: Jirachi\n|-singleturn|p1a: Jirachi|move: Follow Me\n|move|p2a: Metagross|Stomping Tantrum|p1a: Jirachi\n|-supereffective|p1a: Jirachi\n|-damage|p1a: Jirachi|43\/100\n|-enditem|p1a: Jirachi|Sitrus Berry|[eat]\n|-heal|p1a: Jirachi|68\/100|[from] item: Sitrus Berry\n|move|p2b: Kyurem|Dragon Dance|p2b: Kyurem\n|-boost|p2b: Kyurem|atk|1\n|-boost|p2b: Kyurem|spe|1\n|move|p1b: Zygarde|Dragon Dance|p1b: Zygarde\n|-boost|p1b: Zygarde|atk|1\n|-boost|p1b: Zygarde|spe|1\n|\n|-heal|p2b: Kyurem|74\/100|[from] Grassy Terrain\n|-heal|p1a: Jirachi|74\/100|[from] Grassy Terrain\n|upkeep\n|turn|4\n|\n|t:|1697408988\n|switch|p2a: Rillaboom|Rillaboom, F|100\/100\n|-terastallize|p1b: Zygarde|Fire\n|move|p2b: Kyurem|Dragon Dance|p2b: Kyurem\n|-boost|p2b: Kyurem|atk|1\n|-boost|p2b: Kyurem|spe|1\n|move|p1b: Zygarde|Dragon Dance|p1b: Zygarde\n|-boost|p1b: Zygarde|atk|1\n|-boost|p1b: Zygarde|spe|1\n|move|p1a: Jirachi|Encore|p2b: Kyurem\n|-start|p2b: Kyurem|Encore\n|\n|-heal|p2b: Kyurem|80\/100|[from] Grassy Terrain\n|-heal|p1a: Jirachi|80\/100|[from] Grassy Terrain\n|upkeep\n|turn|5\n|inactive|theyummybagel has 270 seconds left.\n|\n|t:|1697409034\n|switch|p2b: Flutter Mane|Flutter Mane|100\/100\n|-enditem|p2b: Flutter Mane|Booster Energy\n|-activate|p2b: Flutter Mane|ability: Protosynthesis|[fromitem]\n|-start|p2b: Flutter Mane|protosynthesisspe\n|switch|p1a: Salamence|Salamence, F|100\/100\n|-ability|p1a: Salamence|Intimidate|boost\n|-unboost|p2a: Rillaboom|atk|1\n|-unboost|p2b: Flutter Mane|atk|1\n|move|p2a: Rillaboom|Fake Out|p1b: Zygarde\n|-damage|p1b: Zygarde|95\/100\n|cant|p1b: Zygarde|flinch\n|\n|-heal|p1b: Zygarde|100\/100|[from] Grassy Terrain\n|-fieldend|move: Grassy Terrain\n|upkeep\n|turn|6\n|inactive|theyummybagel has 270 seconds left.\n|\n|t:|1697409055\n|move|p1a: Salamence|Protect|p1a: Salamence\n|-singleturn|p1a: Salamence|Protect\n|move|p2b: Flutter Mane|Icy Wind|p1b: Zygarde|[spread] p1b\n|-activate|p1a: Salamence|move: Protect\n|-resisted|p1b: Zygarde\n|-damage|p1b: Zygarde|95\/100\n|-unboost|p1b: Zygarde|spe|1\n|move|p1b: Zygarde|Thousand Arrows|p2a: Rillaboom|[spread] p2a,p2b\n|-resisted|p2a: Rillaboom\n|-damage|p2a: Rillaboom|76\/100\n|-damage|p2b: Flutter Mane|13\/100\n|move|p2a: Rillaboom|U-turn|p1b: Zygarde\n|-resisted|p1b: Zygarde\n|-damage|p1b: Zygarde|90\/100\n|inactive|theyummybagel has 240 seconds left.\n|inactive|theyummybagel has 210 seconds left.\n|inactive|theyummybagel has 180 seconds left.\n|inactive|theyummybagel has 150 seconds left.\n|\n|t:|1697409189\n|switch|p2a: Kyurem|Kyurem-Black|80\/100|[from] U-turn\n|-ability|p2a: Kyurem|Teravolt\n|\n|-heal|p1b: Zygarde|96\/100|[from] item: Leftovers\n|upkeep\n|turn|7\n|inactive|theyummybagel has 150 seconds left.\n|inactive|tyo has 270 seconds left.\n|inactive|theyummybagel has 120 seconds left.\n|\n|t:|1697409245\n|detailschange|p1a: Salamence|Salamence-Mega, F\n|-mega|p1a: Salamence|Salamence|Salamencite\n|move|p2b: Flutter Mane|Icy Wind|p1a: Salamence|[spread] p1a,p1b\n|-supereffective|p1a: Salamence\n|-resisted|p1b: Zygarde\n|-damage|p1a: Salamence|36\/100\n|-damage|p1b: Zygarde|90\/100\n|-unboost|p1a: Salamence|spe|1\n|-unboost|p1b: Zygarde|spe|1\n|move|p2a: Kyurem|Dragon Dance|p2a: Kyurem\n|-boost|p2a: Kyurem|atk|1\n|-boost|p2a: Kyurem|spe|1\n|move|p1b: Zygarde|Thousand Arrows|p2b: Flutter Mane|[spread] p2a,p2b\n|-damage|p2a: Kyurem|32\/100\n|-damage|p2b: Flutter Mane|0 fnt\n|faint|p2b: Flutter Mane\n|-end|p2b: Flutter Mane|Protosynthesis|[silent]\n|move|p1a: Salamence|Hyper Voice|p2a: Kyurem\n|-damage|p2a: Kyurem|0 fnt\n|faint|p2a: Kyurem\n|\n|-heal|p1b: Zygarde|97\/100|[from] item: Leftovers\n|upkeep\n|inactive|theyummybagel has 120 seconds left.\n|inactive|theyummybagel has 90 seconds left.\n|\n|t:|1697409288\n|switch|p2b: Zeraora|Zeraora|100\/100\n|switch|p2a: Metagross|Metagross-Mega|100\/100\n|turn|8\n|inactive|tyo has 270 seconds left.\n|\n|t:|1697409304\n|switch|p1a: Jirachi|Jirachi|80\/100\n|move|p1b: Zygarde|Protect|p1b: Zygarde\n|-singleturn|p1b: Zygarde|Protect\n|move|p2b: Zeraora|Coaching|p2a: Metagross\n|-boost|p2a: Metagross|atk|1\n|-boost|p2a: Metagross|def|1\n|move|p2a: Metagross|Iron Head|p1a: Jirachi\n|-resisted|p1a: Jirachi\n|-damage|p1a: Jirachi|47\/100\n|\n|-heal|p1b: Zygarde|100\/100|[from] item: Leftovers\n|upkeep\n|turn|9\n|inactive|theyummybagel has 120 seconds left.\n|\n|t:|1697409334\n|move|p1a: Jirachi|Follow Me|p1a: Jirachi\n|-singleturn|p1a: Jirachi|move: Follow Me\n|-zpower|p2b: Zeraora\n|move|p2b: Zeraora|Gigavolt Havoc|p1a: Jirachi|[zeffect]\n|-damage|p1a: Jirachi|0 fnt\n|faint|p1a: Jirachi\n|move|p2a: Metagross|Stomping Tantrum|p1b: Zygarde\n|-supereffective|p1b: Zygarde\n|-damage|p1b: Zygarde|27\/100\n|move|p1b: Zygarde|Thousand Arrows|p2a: Metagross|[spread] p2a,p2b\n|-supereffective|p2a: Metagross\n|-supereffective|p2b: Zeraora\n|-damage|p2a: Metagross|44\/100\n|-damage|p2b: Zeraora|0 fnt\n|faint|p2b: Zeraora\n|\n|-heal|p1b: Zygarde|33\/100|[from] item: Leftovers\n|upkeep\n|inactive|theyummybagel has 120 seconds left.\n|\n|t:|1697409358\n|switch|p2b: Rillaboom|Rillaboom, F|76\/100\n|switch|p1a: Salamence|Salamence-Mega, F|36\/100\n|-fieldstart|move: Grassy Terrain|[from] ability: Grassy Surge|[of] p2b: Rillaboom\n|turn|10\n|inactive|theyummybagel has 120 seconds left.\n|inactive|theyummybagel has 90 seconds left.\n|inactive|theyummybagel has 60 seconds left.\n|inactive|theyummybagel has 30 seconds left.\n|\n|t:|1697409461\n|move|p1a: Salamence|Protect|p1a: Salamence\n|-singleturn|p1a: Salamence|Protect\n|move|p1b: Zygarde|Protect|p1b: Zygarde\n|-singleturn|p1b: Zygarde|Protect\n|move|p2b: Rillaboom|Fake Out|p1a: Salamence\n|-activate|p1a: Salamence|move: Protect\n|move|p2a: Metagross|Iron Head|p1a: Salamence\n|-activate|p1a: Salamence|move: Protect\n|\n|-heal|p2a: Metagross|50\/100|[from] Grassy Terrain\n|-heal|p1b: Zygarde|40\/100|[from] Grassy Terrain\n|-heal|p1b: Zygarde|46\/100|[from] item: Leftovers\n|-heal|p2b: Rillaboom|82\/100|[from] Grassy Terrain\n|upkeep\n|turn|11\n|\n|t:|1697409480\n|move|p2a: Metagross|Protect|p2a: Metagross\n|-singleturn|p2a: Metagross|Protect\n|move|p1a: Salamence|Tailwind|p1a: Salamence\n|-sidestart|p1: tyo|move: Tailwind\n|move|p1b: Zygarde|Substitute|p1b: Zygarde\n|-start|p1b: Zygarde|Substitute\n|-damage|p1b: Zygarde|21\/100\n|move|p2b: Rillaboom|High Horsepower|p1b: Zygarde\n|-supereffective|p1b: Zygarde\n|-end|p1b: Zygarde|Substitute\n|\n|-heal|p1b: Zygarde|27\/100|[from] Grassy Terrain\n|-heal|p1b: Zygarde|33\/100|[from] item: Leftovers\n|-heal|p2a: Metagross|56\/100|[from] Grassy Terrain\n|-heal|p2b: Rillaboom|88\/100|[from] Grassy Terrain\n|upkeep\n|turn|12\n|inactive|theyummybagel has 60 seconds left.\n|\n|t:|1697409515\n|move|p2a: Metagross|Bullet Punch|p1b: Zygarde\n|-resisted|p1b: Zygarde\n|-damage|p1b: Zygarde|18\/100\n|move|p2b: Rillaboom|Grassy Glide|p1b: Zygarde\n|-resisted|p1b: Zygarde\n|-damage|p1b: Zygarde|7\/100\n|move|p1a: Salamence|Double-Edge|p2b: Rillaboom\n|-supereffective|p2b: Rillaboom\n|-damage|p2b: Rillaboom|0 fnt\n|faint|p2b: Rillaboom\n|-damage|p1a: Salamence|1\/100|[from] Recoil\n|move|p1b: Zygarde|Thousand Arrows|p2a: Metagross\n|-supereffective|p2a: Metagross\n|-damage|p2a: Metagross|0 fnt\n|faint|p2a: Metagross\n|\n|-heal|p1b: Zygarde|13\/100|[from] Grassy Terrain\n|-heal|p1b: Zygarde|19\/100|[from] item: Leftovers\n|upkeep\n|\n|t:|1697409524\n|switch|p2b: Ogerpon|Ogerpon-Hearthflame, F|100\/100\n|-ability|p2b: Ogerpon|Mold Breaker\n|turn|13\n|inactive|theyummybagel has 60 seconds left.\n|\n|t:|1697409534\n|-terastallize|p2b: Ogerpon|Fire\n|detailschange|p2b: Ogerpon|Ogerpon-Hearthflame-Tera, F, tera:Fire\n|-ability|p2b: Ogerpon|Embody Aspect (Hearthflame)|boost\n|-boost|p2b: Ogerpon|atk|1\n|move|p2b: Ogerpon|Grassy Glide|p1b: Zygarde\n|-resisted|p1b: Zygarde\n|-damage|p1b: Zygarde|0 fnt\n|faint|p1b: Zygarde\n|move|p1a: Salamence|Hyper Voice|p2b: Ogerpon\n|-damage|p2b: Ogerpon|52\/100\n|\n|-heal|p2b: Ogerpon|58\/100|[from] Grassy Terrain\n|upkeep\n|\n|t:|1697409542\n|switch|p1b: Kingambit|Kingambit, M|100\/100\n|turn|14\n|\n|t:|1697409550\n|move|p1b: Kingambit|Sucker Punch|p2b: Ogerpon\n|-damage|p2b: Ogerpon|21\/100\n|move|p1a: Salamence|Hyper Voice|p2b: Ogerpon\n|-crit|p2b: Ogerpon\n|-damage|p2b: Ogerpon|0 fnt\n|faint|p2b: Ogerpon\n|\n|win|tyo\n|c|\u2606tyo|gg\n|c|\u2606theyummybagel|gg\n","uploadtime":1697409552,"views":112,"p1id":"tyo","p2id":"theyummybagel","formatid":"gen9nationaldexdoubles","rating":0,"private":0,"password":""}