{"id":"smogtours-gen9nationaldexdoubles-731327","p1":"JesterArtisticBoi","p2":"Demonlord_001","format":"[Gen 9] National Dex Doubles","log":"|inactive|Battle timer is ON: inactive players will automatically lose when time's up.\n|t:|1700348429\n|gametype|doubles\n|player|p1|JesterArtisticBoi|rocketgrunt|\n|player|p2|Demonlord_001|n|\n|teamsize|p1|6\n|teamsize|p2|6\n|gen|9\n|tier|[Gen 9] National Dex Doubles\n|rule|HP Percentage Mod: HP is shown in percentages\n|rule|Endless Battle Clause: Forcing endless battles is banned\n|rule|OHKO Clause: OHKO moves are banned\n|rule|Evasion Moves Clause: Evasion moves are banned\n|rule|Evasion Abilities Clause: Evasion abilities are banned\n|rule|Species Clause: Limit one of each Pok\u00e9mon\n|rule|Gravity Sleep Clause: The combination of sleep-inducing moves with imperfect accuracy and Gravity or Gigantamax Orbeetle are banned\n|clearpoke\n|poke|p1|Gengar, M|\n|poke|p1|Ursaluna, M|\n|poke|p1|Gardevoir, M|\n|poke|p1|Inteleon, M|\n|poke|p1|Meloetta|\n|poke|p1|Delphox, M|\n|poke|p2|Grimmsnarl, M|\n|poke|p2|Snorlax, F|\n|poke|p2|Tornadus, M|\n|poke|p2|Lucario, M|\n|poke|p2|Indeedee-F, F|\n|poke|p2|Sableye, F|\n|teampreview\n|\n|t:|1700348436\n|start\n|switch|p1a: Inteleon|Inteleon, M|100\/100\n|switch|p1b: Gengar|Gengar, M|100\/100\n|switch|p2a: Sableye|Sableye, F|100\/100\n|switch|p2b: Grimmsnarl|Grimmsnarl, M|100\/100\n|turn|1\n|\n|t:|1700348447\n|move|p2b: Grimmsnarl|Metronome|p2b: Grimmsnarl\n|move|p2b: Grimmsnarl|Nasty Plot|p2b: Grimmsnarl|[from]move: Metronome\n|-boost|p2b: Grimmsnarl|spa|2\n|move|p2a: Sableye|Metronome|p2a: Sableye\n|move|p2a: Sableye|Bitter Blade|p1b: Gengar|[from]move: Metronome\n|-damage|p1b: Gengar|60\/100\n|-start|p2a: Sableye|Disable|Metronome|[from] ability: Cursed Body|[of] p1b: Gengar\n|move|p1a: Inteleon|Metronome|p1a: Inteleon\n|move|p1a: Inteleon|Discharge|p2b: Grimmsnarl|[from]move: Metronome|[spread] p1b,p2a,p2b\n|-damage|p1b: Gengar|32\/100\n|-damage|p2a: Sableye|56\/100\n|-damage|p2b: Grimmsnarl|75\/100\n|move|p1b: Gengar|Metronome|p1b: Gengar\n|move|p1b: Gengar|Retaliate|p2a: Sableye|[from]move: Metronome\n|-immune|p2a: Sableye\n|\n|upkeep\n|turn|2\n|\n|t:|1700348473\n|switch|p2a: Snorlax|Snorlax, F|100\/100\n|move|p2b: Grimmsnarl|Metronome|p2b: Grimmsnarl\n|move|p2b: Grimmsnarl|Soak|p1a: Inteleon|[from]move: Metronome\n|-fail|p1a: Inteleon\n|move|p1a: Inteleon|Metronome|p1a: Inteleon\n|move|p1a: Inteleon|Magic Room|p1a: Inteleon|[from]move: Metronome\n|-fieldstart|move: Magic Room|[of] p1a: Inteleon\n|move|p1b: Gengar|Metronome|p1b: Gengar\n|move|p1b: Gengar|Night Slash|p2a: Snorlax|[from]move: Metronome\n|-damage|p2a: Snorlax|93\/100\n|\n|upkeep\n|turn|3\n|\n|t:|1700348491\n|move|p2b: Grimmsnarl|Metronome|p2b: Grimmsnarl\n|move|p2b: Grimmsnarl|Tail Slap|p1b: Gengar|[from]move: Metronome\n|-immune|p1b: Gengar\n|move|p1a: Inteleon|Metronome|p1a: Inteleon\n|move|p1a: Inteleon|Petal Dance|p2a: Snorlax|[from]move: Metronome\n|-damage|p2a: Snorlax|69\/100\n|move|p1b: Gengar|Metronome|p1b: Gengar\n|move|p1b: Gengar|Snipe Shot|p2b: Grimmsnarl|[from]move: Metronome\n|-crit|p2b: Grimmsnarl\n|-damage|p2b: Grimmsnarl|26\/100\n|move|p2a: Snorlax|Metronome|p2a: Snorlax\n|move|p2a: Snorlax|Calm Mind|p2a: Snorlax|[from]move: Metronome\n|-boost|p2a: Snorlax|spa|1\n|-boost|p2a: Snorlax|spd|1\n|\n|upkeep\n|turn|4\n|\n|t:|1700348512\n|move|p2b: Grimmsnarl|Metronome|p2b: Grimmsnarl\n|move|p2b: Grimmsnarl|Bullet Seed|p1b: Gengar|[from]move: Metronome\n|-resisted|p1b: Gengar\n|-damage|p1b: Gengar|24\/100\n|-resisted|p1b: Gengar\n|-damage|p1b: Gengar|17\/100\n|-start|p2b: Grimmsnarl|Disable|Metronome|[from] ability: Cursed Body|[of] p1b: Gengar\n|-resisted|p1b: Gengar\n|-damage|p1b: Gengar|10\/100\n|-resisted|p1b: Gengar\n|-damage|p1b: Gengar|2\/100\n|-hitcount|p1b: Gengar|4\n|move|p1a: Inteleon|Petal Dance|p2b: Grimmsnarl|[from]lockedmove\n|-damage|p2b: Grimmsnarl|0 fnt\n|faint|p2b: Grimmsnarl\n|move|p1b: Gengar|Metronome|p1b: Gengar\n|move|p1b: Gengar|Ice Beam|p2a: Snorlax|[from]move: Metronome\n|-damage|p2a: Snorlax|61\/100\n|move|p2a: Snorlax|Metronome|p2a: Snorlax\n|move|p2a: Snorlax|Reversal|p1b: Gengar|[from]move: Metronome\n|-immune|p1b: Gengar\n|\n|upkeep\n|inactive|Demonlord_001 has 270 seconds left.\n|\n|t:|1700348535\n|switch|p2b: Sableye|Sableye, F|56\/100\n|turn|5\n|\n|t:|1700348540\n|move|p2b: Sableye|Metronome|p2b: Sableye\n|move|p2b: Sableye|Aurora Beam|p1a: Inteleon|[from]move: Metronome\n|-resisted|p1a: Inteleon\n|-damage|p1a: Inteleon|91\/100\n|move|p1a: Inteleon|Petal Dance|p2a: Snorlax|[from]lockedmove\n|-damage|p2a: Snorlax|45\/100\n|-start|p1a: Inteleon|confusion|[fatigue]\n|move|p1b: Gengar|Metronome|p1b: Gengar\n|move|p1b: Gengar|Endeavor|p2b: Sableye|[from]move: Metronome\n|-immune|p2b: Sableye\n|move|p2a: Snorlax|Metronome|p2a: Snorlax\n|move|p2a: Snorlax|Arm Thrust|p1a: Inteleon|[from]move: Metronome\n|-damage|p1a: Inteleon|85\/100\n|-crit|p1a: Inteleon\n|-damage|p1a: Inteleon|78\/100\n|-damage|p1a: Inteleon|72\/100\n|-hitcount|p1a: Inteleon|3\n|\n|upkeep\n|turn|6\n|\n|t:|1700348565\n|move|p2b: Sableye|Metronome|p2b: Sableye\n|move|p2b: Sableye|Overheat|p1b: Gengar|[from]move: Metronome\n|-damage|p1b: Gengar|0 fnt\n|-unboost|p2b: Sableye|spa|2\n|-start|p2b: Sableye|Disable|Metronome|[from] ability: Cursed Body|[of] p1b: Gengar\n|faint|p1b: Gengar\n|-activate|p1a: Inteleon|confusion\n|move|p1a: Inteleon|Metronome|p1a: Inteleon\n|move|p1a: Inteleon|Absorb|p2b: Sableye|[from]move: Metronome\n|-damage|p2b: Sableye|41\/100\n|-heal|p1a: Inteleon|77\/100|[from] drain|[of] p2b: Sableye\n|move|p2a: Snorlax|Metronome|p2a: Snorlax\n|move|p2a: Snorlax|Night Slash|p1a: Inteleon|[from]move: Metronome\n|-damage|p1a: Inteleon|54\/100\n|\n|-fieldend|move: Magic Room|[of] p1a: Inteleon\n|upkeep\n|inactive|JesterArtisticBoi has 270 seconds left.\n|\n|t:|1700348584\n|switch|p1b: Meloetta|Meloetta|100\/100\n|turn|7\n|\n|t:|1700348591\n|switch|p2b: Indeedee|Indeedee-F, F|100\/100\n|-fieldstart|move: Psychic Terrain|[from] ability: Psychic Surge|[of] p2b: Indeedee\n|-end|p1a: Inteleon|confusion\n|move|p1a: Inteleon|Metronome|p1a: Inteleon\n|move|p1a: Inteleon|Flip Turn|p2a: Snorlax|[from]move: Metronome\n|-damage|p2a: Snorlax|36\/100\n|\n|t:|1700348602\n|switch|p1a: Delphox|Delphox, M, shiny|100\/100|[from] Flip Turn\n|move|p1b: Meloetta|Metronome|p1b: Meloetta\n|move|p1b: Meloetta|Lick|p2b: Indeedee|[from]move: Metronome\n|-immune|p2b: Indeedee\n|move|p2a: Snorlax|Metronome|p2a: Snorlax\n|move|p2a: Snorlax|Gastro Acid|p1b: Meloetta|[from]move: Metronome\n|-endability|p1b: Meloetta\n|\n|upkeep\n|turn|8\n|\n|t:|1700348615\n|move|p1a: Delphox|Metronome|p1a: Delphox\n|move|p1a: Delphox|Brick Break|p2b: Indeedee|[from]move: Metronome\n|-damage|p2b: Indeedee|87\/100\n|move|p1b: Meloetta|Metronome|p1b: Meloetta\n|move|p1b: Meloetta|Steel Wing|p2b: Indeedee|[from]move: Metronome\n|-damage|p2b: Indeedee|73\/100\n|move|p2b: Indeedee|Metronome|p2b: Indeedee\n|move|p2b: Indeedee|Lumina Crash|p1a: Delphox|[from]move: Metronome\n|-resisted|p1a: Delphox\n|-damage|p1a: Delphox|81\/100\n|-unboost|p1a: Delphox|spd|2\n|move|p2a: Snorlax|Metronome|p2a: Snorlax\n|move|p2a: Snorlax|Expanding Force|p1a: Delphox|[from]move: Metronome|[spread] p1a,p1b\n|-resisted|p1a: Delphox\n|-resisted|p1b: Meloetta\n|-damage|p1a: Delphox|53\/100\n|-damage|p1b: Meloetta|90\/100\n|\n|upkeep\n|turn|9\n|\n|t:|1700348637\n|move|p1a: Delphox|Metronome|p1a: Delphox\n|move|p1a: Delphox|Body Slam|p2a: Snorlax|[from]move: Metronome\n|-damage|p2a: Snorlax|27\/100\n|-status|p2a: Snorlax|par\n|move|p1b: Meloetta|Metronome|p1b: Meloetta\n|move|p1b: Meloetta|Memento|p2a: Snorlax|[from]move: Metronome\n|-unboost|p2a: Snorlax|atk|2\n|-unboost|p2a: Snorlax|spa|2\n|faint|p1b: Meloetta\n|move|p2b: Indeedee|Metronome|p2b: Indeedee\n|move|p2b: Indeedee|Electroweb|p1a: Delphox|[from]move: Metronome\n|-damage|p1a: Delphox|23\/100\n|-unboost|p1a: Delphox|spe|1\n|cant|p2a: Snorlax|par\n|\n|upkeep\n|inactive|JesterArtisticBoi has 270 seconds left.\n|\n|t:|1700348657\n|switch|p1b: Inteleon|Inteleon, M|54\/100\n|turn|10\n|\n|t:|1700348661\n|move|p1b: Inteleon|Metronome|p1b: Inteleon\n|move|p1b: Inteleon|Stomp|p2a: Snorlax|[from]move: Metronome\n|-damage|p2a: Snorlax|20\/100 par\n|move|p2b: Indeedee|Metronome|p2b: Indeedee\n|move|p2b: Indeedee|Power Trick|p2b: Indeedee|[from]move: Metronome\n|-start|p2b: Indeedee|Power Trick\n|move|p1a: Delphox|Metronome|p1a: Delphox\n|move|p1a: Delphox|Inferno|p2a: Snorlax|[from]move: Metronome|[miss]\n|-miss|p1a: Delphox|p2a: Snorlax\n|cant|p2a: Snorlax|flinch\n|\n|upkeep\n|turn|11\n|\n|t:|1700348676\n|move|p1b: Inteleon|Metronome|p1b: Inteleon\n|move|p1b: Inteleon|Rising Voltage|p2b: Indeedee|[from]move: Metronome\n|-damage|p2b: Indeedee|49\/100\n|move|p2b: Indeedee|Metronome|p2b: Indeedee\n|move|p2b: Indeedee|Drain Punch|p1b: Inteleon|[from]move: Metronome\n|-damage|p1b: Inteleon|33\/100\n|-heal|p2b: Indeedee|60\/100|[from] drain|[of] p1b: Inteleon\n|move|p1a: Delphox|Metronome|p1a: Delphox\n|move|p1a: Delphox|Stored Power|p2b: Indeedee|[from]move: Metronome\n|-resisted|p2b: Indeedee\n|-damage|p2b: Indeedee|54\/100\n|cant|p2a: Snorlax|par\n|\n|-fieldend|move: Psychic Terrain\n|upkeep\n|turn|12\n|\n|t:|1700348696\n|move|p1b: Inteleon|Metronome|p1b: Inteleon\n|move|p1b: Inteleon|Stockpile|p1b: Inteleon|[from]move: Metronome\n|-start|p1b: Inteleon|stockpile1\n|-boost|p1b: Inteleon|def|1\n|-boost|p1b: Inteleon|spd|1\n|move|p2b: Indeedee|Metronome|p2b: Indeedee\n|move|p2b: Indeedee|Thunder Punch|p1b: Inteleon|[from]move: Metronome\n|-supereffective|p1b: Inteleon\n|-damage|p1b: Inteleon|4\/100\n|move|p1a: Delphox|Metronome|p1a: Delphox\n|move|p1a: Delphox|Round|p2a: Snorlax|[from]move: Metronome\n|-damage|p2a: Snorlax|12\/100 par\n|move|p2a: Snorlax|Metronome|p2a: Snorlax\n|move|p2a: Snorlax|Mist|p2a: Snorlax|[from]move: Metronome\n|-sidestart|p2: Demonlord_001|Mist\n|\n|upkeep\n|turn|13\n|\n|t:|1700348719\n|move|p1b: Inteleon|Metronome|p1b: Inteleon\n|move|p1b: Inteleon|Psyshield Bash|p2b: Indeedee|[from]move: Metronome\n|-resisted|p2b: Indeedee\n|-damage|p2b: Indeedee|43\/100\n|-boost|p1b: Inteleon|def|1\n|move|p2b: Indeedee|Metronome|p2b: Indeedee\n|move|p2b: Indeedee|Kowtow Cleave|p1b: Inteleon|[from]move: Metronome\n|-damage|p1b: Inteleon|0 fnt\n|faint|p1b: Inteleon\n|move|p1a: Delphox|Metronome|p1a: Delphox\n|move|p1a: Delphox|Meteor Mash|p2a: Snorlax|[from]move: Metronome\n|-damage|p2a: Snorlax|3\/100 par\n|move|p2a: Snorlax|Metronome|p2a: Snorlax\n|move|p2a: Snorlax|Belly Drum||[from]move: Metronome|[still]\n|-fail|p2a: Snorlax\n|\n|upkeep\n|\n|t:|1700348738\n|switch|p1b: Gardevoir|Gardevoir, M, shiny|100\/100\n|turn|14\n|\n|t:|1700348742\n|move|p2b: Indeedee|Metronome|p2b: Indeedee\n|move|p2b: Indeedee|Psychic Terrain|p2b: Indeedee|[from]move: Metronome\n|-fieldstart|move: Psychic Terrain\n|move|p1b: Gardevoir|Metronome|p1b: Gardevoir\n|move|p1b: Gardevoir|Zen Headbutt|p2b: Indeedee|[from]move: Metronome\n|-resisted|p2b: Indeedee\n|-damage|p2b: Indeedee|21\/100\n|move|p1a: Delphox|Metronome|p1a: Delphox\n|move|p1a: Delphox|Thunder Punch|p2a: Snorlax|[from]move: Metronome\n|-damage|p2a: Snorlax|0 fnt\n|faint|p2a: Snorlax\n|\n|upkeep\n|\n|t:|1700348756\n|switch|p2a: Lucario|Lucario, M|100\/100\n|turn|15\n|\n|t:|1700348760\n|move|p2a: Lucario|Metronome|p2a: Lucario\n|move|p2a: Lucario|Gastro Acid|p1b: Gardevoir|[from]move: Metronome\n|-endability|p1b: Gardevoir\n|move|p2b: Indeedee|Metronome|p2b: Indeedee\n|move|p2b: Indeedee|Solar Beam||[from]move: Metronome|[still]\n|-prepare|p2b: Indeedee|Solar Beam\n|move|p1b: Gardevoir|Metronome|p1b: Gardevoir\n|move|p1b: Gardevoir|Spark|p2a: Lucario|[from]move: Metronome\n|-damage|p2a: Lucario|86\/100\n|move|p1a: Delphox|Metronome|p1a: Delphox\n|move|p1a: Delphox|Icicle Crash|p2a: Lucario|[from]move: Metronome\n|-resisted|p2a: Lucario\n|-damage|p2a: Lucario|76\/100\n|\n|upkeep\n|turn|16\n|\n|t:|1700348778\n|move|p2a: Lucario|Metronome|p2a: Lucario\n|move|p2a: Lucario|Surf|p1a: Delphox|[from]move: Metronome|[spread] p2b,p1a,p1b\n|-supereffective|p1a: Delphox\n|-damage|p2b: Indeedee|3\/100\n|-damage|p1a: Delphox|0 fnt\n|-damage|p1b: Gardevoir|82\/100\n|faint|p1a: Delphox\n|move|p2b: Indeedee|Solar Beam|p1b: Gardevoir|[from]lockedmove\n|-damage|p1b: Gardevoir|58\/100\n|move|p1b: Gardevoir|Metronome|p1b: Gardevoir\n|move|p1b: Gardevoir|Muddy Water|p2b: Indeedee|[from]move: Metronome|[spread] p2a,p2b\n|-damage|p2a: Lucario|47\/100\n|-damage|p2b: Indeedee|0 fnt\n|faint|p2b: Indeedee\n|\n|-sideend|p2: Demonlord_001|Mist\n|upkeep\n|\n|t:|1700348795\n|switch|p1a: Ursaluna|Ursaluna, M, shiny|100\/100\n|switch|p2b: Sableye|Sableye, F|41\/100\n|turn|17\n|\n|t:|1700348802\n|move|p2b: Sableye|Metronome|p2b: Sableye\n|move|p2b: Sableye|Synthesis|p2b: Sableye|[from]move: Metronome\n|-heal|p2b: Sableye|91\/100\n|move|p2a: Lucario|Metronome|p2a: Lucario\n|move|p2a: Lucario|Noble Roar|p1a: Ursaluna|[from]move: Metronome\n|-unboost|p1a: Ursaluna|atk|1\n|-unboost|p1a: Ursaluna|spa|1\n|move|p1a: Ursaluna|Metronome|p1a: Ursaluna\n|move|p1a: Ursaluna|Cut|p2b: Sableye|[from]move: Metronome\n|-immune|p2b: Sableye\n|move|p1b: Gardevoir|Metronome|p1b: Gardevoir\n|move|p1b: Gardevoir|Stun Spore|p2b: Sableye|[from]move: Metronome|[miss]\n|-miss|p1b: Gardevoir|p2b: Sableye\n|\n|upkeep\n|turn|18\n|\n|t:|1700348821\n|move|p2b: Sableye|Metronome|p2b: Sableye\n|move|p2b: Sableye|Water Gun|p1b: Gardevoir|[from]move: Metronome\n|-activate|p1b: Gardevoir|move: Psychic Terrain\n|move|p2a: Lucario|Metronome|p2a: Lucario\n|move|p2a: Lucario|Spark|p1b: Gardevoir|[from]move: Metronome\n|-damage|p1b: Gardevoir|32\/100\n|move|p1a: Ursaluna|Metronome|p1a: Ursaluna\n|move|p1a: Ursaluna|Mountain Gale|p2b: Sableye|[from]move: Metronome|[miss]\n|-miss|p1a: Ursaluna|p2b: Sableye\n|move|p1b: Gardevoir|Metronome|p1b: Gardevoir\n|move|p1b: Gardevoir|Fire Spin|p2b: Sableye|[from]move: Metronome\n|-damage|p2b: Sableye|64\/100\n|-activate|p2b: Sableye|move: Fire Spin|[of] p1b: Gardevoir\n|\n|-damage|p2b: Sableye|51\/100|[from] move: Fire Spin|[partiallytrapped]\n|-fieldend|move: Psychic Terrain\n|upkeep\n|turn|19\n|\n|t:|1700348842\n|move|p2b: Sableye|Metronome|p2b: Sableye\n|move|p2b: Sableye|Lunar Blessing|p2b: Sableye|[from]move: Metronome|[spread] p2a,p2b\n|-heal|p2a: Lucario|72\/100\n|-heal|p2b: Sableye|76\/100\n|move|p2a: Lucario|Metronome|p2a: Lucario\n|move|p2a: Lucario|Volt Tackle|p1a: Ursaluna|[from]move: Metronome\n|-immune|p1a: Ursaluna\n|move|p1a: Ursaluna|Metronome|p1a: Ursaluna\n|move|p1a: Ursaluna|Air Cutter|p2a: Lucario|[from]move: Metronome|[spread] p2a,p2b\n|-damage|p2a: Lucario|65\/100\n|-damage|p2b: Sableye|65\/100\n|move|p1b: Gardevoir|Metronome|p1b: Gardevoir\n|move|p1b: Gardevoir|Confusion|p2b: Sableye|[from]move: Metronome\n|-immune|p2b: Sableye\n|\n|-damage|p2b: Sableye|52\/100|[from] move: Fire Spin|[partiallytrapped]\n|upkeep\n|turn|20\n|\n|t:|1700348864\n|move|p2b: Sableye|Metronome|p2b: Sableye\n|move|p2b: Sableye|Wood Hammer|p1b: Gardevoir|[from]move: Metronome\n|-damage|p1b: Gardevoir|0 fnt\n|faint|p1b: Gardevoir\n|-damage|p2b: Sableye|38\/100|[from] Recoil\n|move|p2a: Lucario|Metronome|p2a: Lucario\n|move|p2a: Lucario|Yawn|p1a: Ursaluna|[from]move: Metronome\n|-start|p1a: Ursaluna|move: Yawn|[of] p2a: Lucario\n|move|p1a: Ursaluna|Metronome|p1a: Ursaluna\n|move|p1a: Ursaluna|Mean Look||[from]move: Metronome|[still]\n|-fail|p1a: Ursaluna\n|\n|-end|p2b: Sableye|Fire Spin|[partiallytrapped]|[silent]\n|upkeep\n|turn|21\n|\n|t:|1700348882\n|move|p2b: Sableye|Metronome|p2b: Sableye\n|move|p2b: Sableye|Roost|p2b: Sableye|[from]move: Metronome\n|-heal|p2b: Sableye|88\/100\n|-singleturn|p2b: Sableye|move: Roost\n|move|p2a: Lucario|Metronome|p2a: Lucario\n|move|p2a: Lucario|Scale Shot|p1a: Ursaluna|[from]move: Metronome|[miss]\n|-miss|p2a: Lucario|p1a: Ursaluna\n|move|p1a: Ursaluna|Metronome|p1a: Ursaluna\n|move|p1a: Ursaluna|Muddy Water|p2a: Lucario|[from]move: Metronome|[spread] p2a\n|-miss|p1a: Ursaluna|p2b: Sableye\n|-damage|p2a: Lucario|54\/100\n|\n|-end|p1a: Ursaluna|move: Yawn|[silent]\n|-status|p1a: Ursaluna|slp\n|upkeep\n|turn|22\n|\n|t:|1700348905\n|move|p2b: Sableye|Metronome|p2b: Sableye\n|move|p2b: Sableye|Razor Leaf|p1a: Ursaluna|[from]move: Metronome\n|-supereffective|p1a: Ursaluna\n|-crit|p1a: Ursaluna\n|-damage|p1a: Ursaluna|67\/100 slp\n|move|p2a: Lucario|Metronome|p2a: Lucario\n|move|p2a: Lucario|Bitter Blade|p1a: Ursaluna|[from]move: Metronome\n|-damage|p1a: Ursaluna|48\/100 slp\n|-heal|p2a: Lucario|65\/100|[from] drain|[of] p1a: Ursaluna\n|cant|p1a: Ursaluna|slp\n|\n|upkeep\n|turn|23\n|\n|t:|1700348919\n|move|p2b: Sableye|Metronome|p2b: Sableye\n|move|p2b: Sableye|Shadow Force||[from]move: Metronome|[still]\n|-prepare|p2b: Sableye|Shadow Force\n|move|p2a: Lucario|Metronome|p2a: Lucario\n|move|p2a: Lucario|Electroweb|p1a: Ursaluna|[from]move: Metronome\n|-immune|p1a: Ursaluna\n|-curestatus|p1a: Ursaluna|slp|[msg]\n|move|p1a: Ursaluna|Metronome|p1a: Ursaluna\n|move|p1a: Ursaluna|Giga Impact|p2b: Sableye|[from]move: Metronome|[miss]\n|-miss|p1a: Ursaluna|p2b: Sableye\n|\n|upkeep\n|turn|24\n|\n|t:|1700348945\n|move|p2a: Lucario|Metronome|p2a: Lucario\n|move|p2a: Lucario|Hammer Arm|p1a: Ursaluna|[from]move: Metronome\n|-supereffective|p1a: Ursaluna\n|-damage|p1a: Ursaluna|0 fnt\n|-unboost|p2a: Lucario|spe|1\n|faint|p1a: Ursaluna\n|\n|win|Demonlord_001\n","uploadtime":1700348946,"views":4,"p1id":"jesterartisticboi","p2id":"demonlord001","formatid":"gen9nationaldexdoubles","rating":0,"private":0,"password":""}