{"id":"smogtours-gen9nationaldexdoubles-732451","p1":"Daepiquejt","p2":"Test Bots","format":"[Gen 9] National Dex Doubles","log":"|inactive|Battle timer is ON: inactive players will automatically lose when time's up.\n|t:|1700943559\n|gametype|doubles\n|player|p1|Daepiquejt|101|\n|player|p2|Test Bots|2|\n|teamsize|p1|6\n|teamsize|p2|6\n|gen|9\n|tier|[Gen 9] National Dex Doubles\n|rule|HP Percentage Mod: HP is shown in percentages\n|rule|Endless Battle Clause: Forcing endless battles is banned\n|rule|OHKO Clause: OHKO moves are banned\n|rule|Evasion Moves Clause: Evasion moves are banned\n|rule|Evasion Abilities Clause: Evasion abilities are banned\n|rule|Species Clause: Limit one of each Pok\u00e9mon\n|rule|Gravity Sleep Clause: The combination of sleep-inducing moves with imperfect accuracy and Gravity or Gigantamax Orbeetle are banned\n|clearpoke\n|poke|p1|Metagross|\n|poke|p1|Tapu Fini|\n|poke|p1|Tornadus, M|\n|poke|p1|Rillaboom, F|\n|poke|p1|Zygarde|\n|poke|p1|Incineroar, F|\n|poke|p2|Basculegion, M|\n|poke|p2|Diancie|\n|poke|p2|Kyurem-Black|\n|poke|p2|Heatran, F|\n|poke|p2|Amoonguss, F|\n|poke|p2|Tornadus, M|\n|teampreview\n|c|\u2606Test Bots|hfhf\n|c|\u2606Daepiquejt|you too\n|inactive|Daepiquejt has 270 seconds left.\n|inactive|Test Bots has 270 seconds left.\n|\n|t:|1700943610\n|start\n|switch|p1a: Monkey|Rillaboom, F|100\/100\n|switch|p1b: Tornadus|Tornadus, M|100\/100\n|switch|p2a: Heatran|Heatran, F|100\/100\n|switch|p2b: Diancie|Diancie|100\/100\n|-fieldstart|move: Grassy Terrain|[from] ability: Grassy Surge|[of] p1a: Monkey\n|turn|1\n|\n|t:|1700943631\n|-terastallize|p1a: Monkey|Fire\n|move|p1b: Tornadus|Protect|p1b: Tornadus\n|-singleturn|p1b: Tornadus|Protect\n|move|p2b: Diancie|Protect|p2b: Diancie\n|-singleturn|p2b: Diancie|Protect\n|move|p1a: Monkey|Grassy Glide|p2b: Diancie\n|-activate|p2b: Diancie|move: Protect\n|move|p2a: Heatran|Fire Blast|p1a: Monkey\n|-resisted|p1a: Monkey\n|-crit|p1a: Monkey\n|-damage|p1a: Monkey|69\/100\n|\n|-heal|p1a: Monkey|75\/100|[from] Grassy Terrain\n|upkeep\n|turn|2\n|inactive|Daepiquejt has 270 seconds left.\n|\n|t:|1700943679\n|switch|p1b: Tapu Fini|Tapu Fini|100\/100\n|-fieldstart|move: Misty Terrain|[from] ability: Misty Surge|[of] p1b: Tapu Fini\n|switch|p2b: Kyurem|Kyurem-Black|100\/100\n|-ability|p2b: Kyurem|Teravolt\n|move|p1a: Monkey|Grassy Glide|p2b: Kyurem\n|-resisted|p2b: Kyurem\n|-damage|p2b: Kyurem|88\/100\n|-zpower|p2a: Heatran\n|move|p2a: Heatran|Tectonic Rage|p1a: Monkey|[zeffect]\n|-supereffective|p1a: Monkey\n|-damage|p1a: Monkey|0 fnt\n|faint|p1a: Monkey\n|\n|upkeep\n|\n|t:|1700943697\n|switch|p1a: Metagross|Metagross|100\/100\n|turn|3\n|\n|t:|1700943714\n|switch|p1a: Incineroar|Incineroar, F|100\/100\n|-ability|p1a: Incineroar|Intimidate|boost\n|-unboost|p2a: Heatran|atk|1\n|-unboost|p2b: Kyurem|atk|1\n|-terastallize|p2b: Kyurem|Poison\n|move|p2b: Kyurem|Dragon Dance|p2b: Kyurem\n|-boost|p2b: Kyurem|atk|1\n|-boost|p2b: Kyurem|spe|1\n|move|p1b: Tapu Fini|Calm Mind|p1b: Tapu Fini\n|-boost|p1b: Tapu Fini|spa|1\n|-boost|p1b: Tapu Fini|spd|1\n|move|p2a: Heatran|Fire Blast|p1a: Incineroar\n|-resisted|p1a: Incineroar\n|-damage|p1a: Incineroar|78\/100\n|\n|upkeep\n|turn|4\n|inactive|Daepiquejt has 270 seconds left.\n|\n|t:|1700943736\n|move|p1a: Incineroar|Fake Out|p2b: Kyurem\n|-damage|p2b: Kyurem|79\/100\n|cant|p2b: Kyurem|flinch\n|move|p2a: Heatran|Flash Cannon|p1b: Tapu Fini\n|-damage|p1b: Tapu Fini|76\/100\n|move|p1b: Tapu Fini|Muddy Water|p2a: Heatran|[spread] p2a,p2b\n|-supereffective|p2a: Heatran\n|-damage|p2a: Heatran|22\/100\n|-damage|p2b: Kyurem|38\/100\n|-unboost|p2a: Heatran|accuracy|1\n|\n|upkeep\n|turn|5\n|\n|t:|1700943751\n|move|p1b: Tapu Fini|Protect|p1b: Tapu Fini\n|-singleturn|p1b: Tapu Fini|Protect\n|move|p2b: Kyurem|Fusion Bolt|p1b: Tapu Fini\n|-activate|p1b: Tapu Fini|move: Protect\n|move|p2a: Heatran|Flash Cannon|p1b: Tapu Fini\n|-activate|p1b: Tapu Fini|move: Protect\n|move|p1a: Incineroar|Parting Shot|p2b: Kyurem\n|-unboost|p2b: Kyurem|atk|1\n|-unboost|p2b: Kyurem|spa|1\n|inactive|Daepiquejt has 270 seconds left.\n|\n|t:|1700943778\n|switch|p1a: Tornadus|Tornadus, M|100\/100|[from] Parting Shot\n|\n|upkeep\n|turn|6\n|\n|t:|1700943789\n|switch|p2a: Amoonguss|Amoonguss, F|100\/100\n|move|p1a: Tornadus|Tailwind|p1a: Tornadus\n|-sidestart|p1: Daepiquejt|move: Tailwind\n|move|p2b: Kyurem|Icicle Spear|p1a: Tornadus\n|-supereffective|p1a: Tornadus\n|-damage|p1a: Tornadus|68\/100\n|-supereffective|p1a: Tornadus\n|-damage|p1a: Tornadus|37\/100\n|-supereffective|p1a: Tornadus\n|-damage|p1a: Tornadus|3\/100\n|-supereffective|p1a: Tornadus\n|-damage|p1a: Tornadus|0 fnt\n|faint|p1a: Tornadus\n|-hitcount|p1: Tornadus|4\n|move|p1b: Tapu Fini|Muddy Water|p2a: Amoonguss|[spread] p2a,p2b\n|-resisted|p2a: Amoonguss\n|-damage|p2a: Amoonguss|84\/100\n|-damage|p2b: Kyurem|0 fnt\n|-unboost|p2a: Amoonguss|accuracy|1\n|faint|p2b: Kyurem\n|\n|-fieldend|Misty Terrain\n|upkeep\n|\n|t:|1700943816\n|switch|p1a: Incineroar|Incineroar, F|78\/100\n|switch|p2b: Basculegion|Basculegion, M|100\/100\n|-ability|p1a: Incineroar|Intimidate|boost\n|-unboost|p2a: Amoonguss|atk|1\n|-unboost|p2b: Basculegion|atk|1\n|turn|7\n|\n|t:|1700943844\n|switch|p1b: Zygarde|Zygarde|100\/100\n|-ability|p1b: Zygarde|Aura Break\n|move|p2b: Basculegion|Wave Crash|p1a: Incineroar\n|-supereffective|p1a: Incineroar\n|-damage|p1a: Incineroar|0 fnt\n|faint|p1a: Incineroar\n|-damage|p2b: Basculegion|74\/100|[from] Recoil\n|move|p2a: Amoonguss|Spore|p1b: Zygarde\n|-status|p1b: Zygarde|slp|[from] move: Spore\n|\n|upkeep\n|inactive|Daepiquejt has 270 seconds left.\n|\n|t:|1700943861\n|switch|p1a: Tapu Fini|Tapu Fini|76\/100\n|-fieldstart|move: Misty Terrain|[from] ability: Misty Surge|[of] p1a: Tapu Fini\n|turn|8\n|\n|t:|1700943888\n|switch|p2b: Tornadus|Tornadus, M|100\/100\n|switch|p2a: Diancie|Diancie|100\/100\n|cant|p1b: Zygarde|slp\n|move|p1a: Tapu Fini|Calm Mind|p1a: Tapu Fini\n|-boost|p1a: Tapu Fini|spa|1\n|-boost|p1a: Tapu Fini|spd|1\n|\n|upkeep\n|turn|9\n|\n|t:|1700943914\n|detailschange|p2a: Diancie|Diancie-Mega\n|-mega|p2a: Diancie|Diancie|Diancite\n|move|p2b: Tornadus|Tailwind|p2b: Tornadus\n|-sidestart|p2: Test Bots|move: Tailwind\n|move|p2a: Diancie|Play Rough|p1b: Zygarde\n|-supereffective|p1b: Zygarde\n|-damage|p1b: Zygarde|20\/100 slp\n|cant|p1b: Zygarde|slp\n|move|p1a: Tapu Fini|Muddy Water|p2a: Diancie|[spread] p2a,p2b\n|-supereffective|p2a: Diancie\n|-damage|p2a: Diancie|0 fnt\n|-damage|p2b: Tornadus|37\/100\n|faint|p2a: Diancie\n|\n|-sideend|p1: Daepiquejt|move: Tailwind\n|upkeep\n|inactive|Test Bots has 270 seconds left.\n|\n|t:|1700943932\n|switch|p2a: Basculegion|Basculegion, M|74\/100\n|turn|10\n|\n|t:|1700943943\n|cant|p1b: Zygarde|slp\n|move|p2a: Basculegion|Last Respects|p1a: Tapu Fini\n|-damage|p1a: Tapu Fini|0 fnt\n|faint|p1a: Tapu Fini\n|move|p2b: Tornadus|Bleakwind Storm|p1b: Zygarde\n|-damage|p1b: Zygarde|0 fnt\n|faint|p1b: Zygarde\n|\n|upkeep\n|\n|t:|1700943951\n|switch|p1a: Metagross|Metagross|100\/100\n|turn|11\n|c|\u2606Daepiquejt|GG\n|c|\u2606Test Bots|gg\n|\n|t:|1700943966\n|switch|p2b: Amoonguss|Amoonguss, F|100\/100\n|detailschange|p1a: Metagross|Metagross-Mega\n|-mega|p1a: Metagross|Metagross|Metagrossite\n|move|p1a: Metagross|Bullet Punch|p2a: Basculegion\n|-resisted|p2a: Basculegion\n|-damage|p2a: Basculegion|54\/100\n|move|p2a: Basculegion|Last Respects|p1a: Metagross\n|-supereffective|p1a: Metagross\n|-damage|p1a: Metagross|0 fnt\n|faint|p1a: Metagross\n|\n|win|Test Bots\n","uploadtime":1700943967,"views":18,"p1id":"daepiquejt","p2id":"testbots","formatid":"gen9nationaldexdoubles","rating":0,"private":0,"password":""}