{"id":"smogtours-gen9nationaldexdoubles-725023","p1":"Smudge","p2":"zee","format":"[Gen 9] National Dex Doubles","log":"|inactive|Battle timer is ON: inactive players will automatically lose when time's up.\n|t:|1697847233\n|gametype|doubles\n|player|p1|Smudge|#dwcopiii|\n|player|p2|zee|#scl3gible2|\n|teamsize|p1|6\n|teamsize|p2|6\n|gen|9\n|tier|[Gen 9] National Dex Doubles\n|rule|HP Percentage Mod: HP is shown in percentages\n|rule|Endless Battle Clause: Forcing endless battles is banned\n|rule|OHKO Clause: OHKO moves are banned\n|rule|Evasion Moves Clause: Evasion moves are banned\n|rule|Evasion Abilities Clause: Evasion abilities are banned\n|rule|Species Clause: Limit one of each Pok\u00e9mon\n|rule|Gravity Sleep Clause: The combination of sleep-inducing moves with imperfect accuracy and Gravity or Gigantamax Orbeetle are banned\n|clearpoke\n|poke|p1|Charizard, M|\n|poke|p1|Iron Hands|\n|poke|p1|Whimsicott, M|\n|poke|p1|Ogerpon-Hearthflame, F|\n|poke|p1|Glimmora, M|\n|poke|p1|Chien-Pao|\n|poke|p2|Kangaskhan, F|\n|poke|p2|Kyurem-Black|\n|poke|p2|Jirachi|\n|poke|p2|Rillaboom, M|\n|poke|p2|Urshifu-*, M|\n|poke|p2|Zeraora|\n|teampreview\n|inactive|Smudge also wants the timer to be on.\n|c|\u2606Smudge|hf\n|c|\u2606zee|hf\n|inactive|Smudge has 270 seconds left.\n|inactive|Smudge has 240 seconds left.\n|\n|t:|1697847304\n|start\n|switch|p1a: Whimsicott|Whimsicott, M|100\/100\n|switch|p1b: Glimmora|Glimmora, M|100\/100\n|switch|p2a: Zeraora|Zeraora|100\/100\n|switch|p2b: Kyurem|Kyurem-Black, shiny|100\/100\n|-ability|p2b: Kyurem|Teravolt\n|turn|1\n|\n|t:|1697847332\n|-terastallize|p2b: Kyurem|Poison\n|move|p1a: Whimsicott|Protect|p1a: Whimsicott\n|-singleturn|p1a: Whimsicott|Protect\n|move|p2a: Zeraora|Coaching|p2b: Kyurem\n|-boost|p2b: Kyurem|atk|1\n|-boost|p2b: Kyurem|def|1\n|move|p1b: Glimmora|Stealth Rock|p2b: Kyurem\n|-sidestart|p2: zee|move: Stealth Rock\n|move|p2b: Kyurem|Dragon Dance|p2b: Kyurem\n|-boost|p2b: Kyurem|atk|1\n|-boost|p2b: Kyurem|spe|1\n|\n|upkeep\n|turn|2\n|\n|t:|1697847348\n|switch|p2a: Jirachi|Jirachi|100\/100\n|-damage|p2a: Jirachi|94\/100|[from] Stealth Rock\n|move|p2b: Kyurem|Protect|p2b: Kyurem\n|-singleturn|p2b: Kyurem|Protect\n|move|p1a: Whimsicott|Encore|p2b: Kyurem\n|-activate|p2b: Kyurem|move: Protect\n|move|p1b: Glimmora|Earth Power|p2b: Kyurem\n|-activate|p2b: Kyurem|move: Protect\n|\n|upkeep\n|turn|3\n|\n|t:|1697847366\n|move|p2a: Jirachi|Follow Me|p2a: Jirachi\n|-singleturn|p2a: Jirachi|move: Follow Me\n|move|p1a: Whimsicott|Tailwind|p1a: Whimsicott\n|-sidestart|p1: Smudge|move: Tailwind\n|move|p1b: Glimmora|Earth Power|p2a: Jirachi\n|-supereffective|p2a: Jirachi\n|-damage|p2a: Jirachi|46\/100\n|move|p2b: Kyurem|Dragon Dance|p2b: Kyurem\n|-boost|p2b: Kyurem|atk|1\n|-boost|p2b: Kyurem|spe|1\n|\n|upkeep\n|turn|4\n|\n|t:|1697847390\n|switch|p1a: Charizard|Charizard, M|100\/100\n|move|p2a: Jirachi|Follow Me|p2a: Jirachi\n|-singleturn|p2a: Jirachi|move: Follow Me\n|move|p1b: Glimmora|Earth Power|p2a: Jirachi\n|-supereffective|p2a: Jirachi\n|-damage|p2a: Jirachi|4\/100\n|move|p2b: Kyurem|Dragon Dance|p2b: Kyurem\n|-boost|p2b: Kyurem|atk|1\n|-boost|p2b: Kyurem|spe|1\n|\n|upkeep\n|turn|5\n|\n|t:|1697847412\n|detailschange|p1a: Charizard|Charizard-Mega-Y, M\n|-mega|p1a: Charizard|Charizard|Charizardite Y\n|-weather|SunnyDay|[from] ability: Drought|[of] p1a: Charizard\n|move|p1a: Charizard|Protect|p1a: Charizard\n|-singleturn|p1a: Charizard|Protect\n|move|p2b: Kyurem|Protect|p2b: Kyurem\n|-singleturn|p2b: Kyurem|Protect\n|move|p1b: Glimmora|Earth Power|p2a: Jirachi\n|-supereffective|p2a: Jirachi\n|-damage|p2a: Jirachi|0 fnt\n|faint|p2a: Jirachi\n|\n|-weather|SunnyDay|[upkeep]\n|upkeep\n|inactive|zee has 270 seconds left.\n|\n|t:|1697847432\n|switch|p2a: Rillaboom|Rillaboom, M|100\/100\n|-damage|p2a: Rillaboom|88\/100|[from] Stealth Rock\n|-fieldstart|move: Grassy Terrain|[from] ability: Grassy Surge|[of] p2a: Rillaboom\n|turn|6\n|\n|t:|1697847454\n|switch|p1a: Iron Hands|Iron Hands|100\/100\n|move|p2a: Rillaboom|Fake Out|p1a: Iron Hands\n|-damage|p1a: Iron Hands|90\/100\n|move|p1b: Glimmora|Power Gem|p2b: Kyurem\n|-damage|p2b: Kyurem|65\/100\n|move|p2b: Kyurem|Icicle Spear|p1a: Iron Hands\n|-crit|p1a: Iron Hands\n|-damage|p1a: Iron Hands|35\/100\n|-damage|p1a: Iron Hands|0 fnt\n|faint|p1a: Iron Hands\n|-end|p1a: Iron Hands|Quark Drive|[silent]\n|-hitcount|p1: Iron Hands|2\n|\n|-weather|SunnyDay|[upkeep]\n|-heal|p2b: Kyurem|71\/100|[from] Grassy Terrain\n|-heal|p2a: Rillaboom|94\/100|[from] Grassy Terrain\n|-sideend|p1: Smudge|move: Tailwind\n|upkeep\n|\n|t:|1697847468\n|switch|p1a: Chien-Pao|Chien-Pao|100\/100\n|-ability|p1a: Chien-Pao|Sword of Ruin\n|turn|7\n|inactive|Smudge has 270 seconds left.\n|inactive|zee has 270 seconds left.\n|\n|t:|1697847513\n|switch|p2a: Kangaskhan|Kangaskhan, F, shiny|100\/100\n|-damage|p2a: Kangaskhan|88\/100|[from] Stealth Rock\n|move|p2b: Kyurem|Protect|p2b: Kyurem\n|-singleturn|p2b: Kyurem|Protect\n|-zpower|p1a: Chien-Pao\n|move|p1a: Chien-Pao|Black Hole Eclipse|p2b: Kyurem|[zeffect]\n|-zbroken|p2b: Kyurem\n|-damage|p2b: Kyurem|58\/100\n|move|p1b: Glimmora|Power Gem|p2b: Kyurem\n|-activate|p2b: Kyurem|move: Protect\n|\n|-weather|SunnyDay|[upkeep]\n|-heal|p2b: Kyurem|65\/100|[from] Grassy Terrain\n|-heal|p2a: Kangaskhan|94\/100|[from] Grassy Terrain\n|upkeep\n|turn|8\n|inactive|Smudge has 270 seconds left.\n|\n|t:|1697847529\n|detailschange|p2a: Kangaskhan|Kangaskhan-Mega, F, shiny\n|-mega|p2a: Kangaskhan|Kangaskhan|Kangaskhanite\n|move|p1a: Chien-Pao|Protect|p1a: Chien-Pao\n|-singleturn|p1a: Chien-Pao|Protect\n|move|p2a: Kangaskhan|Fake Out|p1a: Chien-Pao\n|-activate|p1a: Chien-Pao|move: Protect\n|move|p2b: Kyurem|Icicle Spear|p1b: Glimmora\n|-damage|p1b: Glimmora|16\/100\n|-activate|p1b: Glimmora|ability: Toxic Debris\n|-sidestart|p2: zee|move: Toxic Spikes\n|-damage|p1b: Glimmora|0 fnt\n|-activate|p1b: Glimmora|ability: Toxic Debris\n|-sidestart|p2: zee|move: Toxic Spikes\n|faint|p1b: Glimmora\n|-hitcount|p1: Glimmora|2\n|\n|-weather|SunnyDay|[upkeep]\n|-heal|p2b: Kyurem|71\/100|[from] Grassy Terrain\n|-heal|p2a: Kangaskhan|99\/100|[from] Grassy Terrain\n|upkeep\n|inactive|Smudge has 270 seconds left.\n|\n|t:|1697847558\n|switch|p1b: Whimsicott|Whimsicott, M|100\/100\n|turn|9\n|inactive|Smudge has 270 seconds left.\n|\n|t:|1697847586\n|switch|p2a: Zeraora|Zeraora|100\/100\n|-damage|p2a: Zeraora|88\/100|[from] Stealth Rock\n|-status|p2a: Zeraora|tox\n|-terastallize|p1b: Whimsicott|Steel\n|move|p1b: Whimsicott|Tailwind|p1b: Whimsicott\n|-sidestart|p1: Smudge|move: Tailwind\n|move|p1a: Chien-Pao|Sacred Sword|p2a: Zeraora\n|-damage|p2a: Zeraora|36\/100 tox\n|move|p2b: Kyurem|Icicle Spear|p1b: Whimsicott\n|-resisted|p1b: Whimsicott\n|-damage|p1b: Whimsicott|58\/100\n|-resisted|p1b: Whimsicott\n|-damage|p1b: Whimsicott|14\/100\n|-resisted|p1b: Whimsicott\n|-damage|p1b: Whimsicott|0 fnt\n|faint|p1b: Whimsicott\n|-hitcount|p1: Whimsicott|3\n|\n|-weather|none\n|-heal|p2b: Kyurem|77\/100|[from] Grassy Terrain\n|-heal|p2a: Zeraora|42\/100 tox|[from] Grassy Terrain\n|-damage|p2a: Zeraora|36\/100 tox|[from] psn\n|upkeep\n|inactive|Smudge has 240 seconds left.\n|\n|t:|1697847607\n|switch|p1b: Charizard|Charizard-Mega-Y, M|100\/100\n|-weather|SunnyDay|[from] ability: Drought|[of] p1b: Charizard\n|turn|10\n|\n|t:|1697847624\n|move|p2a: Zeraora|Fake Out|p1b: Charizard\n|-crit|p1b: Charizard\n|-damage|p1b: Charizard|67\/100\n|move|p1a: Chien-Pao|Sucker Punch||[still]\n|-fail|p1a: Chien-Pao\n|cant|p1b: Charizard|flinch\n|move|p2b: Kyurem|Dragon Dance|p2b: Kyurem\n|-boost|p2b: Kyurem|atk|1\n|-boost|p2b: Kyurem|spe|1\n|\n|-weather|SunnyDay|[upkeep]\n|-heal|p2b: Kyurem|83\/100|[from] Grassy Terrain\n|-heal|p2a: Zeraora|42\/100 tox|[from] Grassy Terrain\n|-damage|p2a: Zeraora|30\/100 tox|[from] psn\n|-fieldend|move: Grassy Terrain\n|upkeep\n|turn|11\n|\n|t:|1697847649\n|move|p1b: Charizard|Protect|p1b: Charizard\n|-singleturn|p1b: Charizard|Protect\n|move|p1a: Chien-Pao|Sucker Punch|p2b: Kyurem\n|-damage|p2b: Kyurem|61\/100\n|move|p2b: Kyurem|Icicle Spear|p1b: Charizard\n|-activate|p1b: Charizard|move: Protect\n|-zpower|p2a: Zeraora\n|move|p2a: Zeraora|Gigavolt Havoc|p1a: Chien-Pao|[zeffect]\n|-damage|p1a: Chien-Pao|0 fnt\n|faint|p1a: Chien-Pao\n|\n|-weather|SunnyDay|[upkeep]\n|-damage|p2a: Zeraora|12\/100 tox|[from] psn\n|upkeep\n|\n|t:|1697847660\n|switch|p1a: Ogerpon|Ogerpon-Hearthflame, F|100\/100\n|-ability|p1a: Ogerpon|Mold Breaker\n|turn|12\n|c|\u2606Smudge|gg\n|\n|t:|1697847670\n|move|p2b: Kyurem|Protect|p2b: Kyurem\n|-singleturn|p2b: Kyurem|Protect\n|move|p1a: Ogerpon|Ivy Cudgel|p2b: Kyurem\n|-activate|p2b: Kyurem|move: Protect\n|move|p1b: Charizard|Heat Wave|p2b: Kyurem|[spread] p2a\n|-activate|p2b: Kyurem|move: Protect\n|-damage|p2a: Zeraora|0 fnt\n|faint|p2a: Zeraora\n|\n|-weather|SunnyDay|[upkeep]\n|-sideend|p1: Smudge|move: Tailwind\n|upkeep\n|\n|t:|1697847677\n|switch|p2a: Kangaskhan|Kangaskhan-Mega, F, shiny|99\/100\n|-damage|p2a: Kangaskhan|88\/100|[from] Stealth Rock\n|-status|p2a: Kangaskhan|tox\n|turn|13\n|\n|t:|1697847687\n|move|p2a: Kangaskhan|Fake Out|p1a: Ogerpon\n|-damage|p1a: Ogerpon|75\/100\n|-damage|p1a: Ogerpon|68\/100\n|-hitcount|p1a: Ogerpon|2\n|move|p2b: Kyurem|Icicle Spear|p1b: Charizard\n|-damage|p1b: Charizard|0 fnt\n|faint|p1b: Charizard\n|-hitcount|p1: Charizard|1\n|cant|p1a: Ogerpon|flinch\n|\n|-weather|SunnyDay|[upkeep]\n|-damage|p2a: Kangaskhan|82\/100 tox|[from] psn\n|upkeep\n|turn|14\n|c|\u2606zee|gg\n|\n|t:|1697847699\n|move|p2b: Kyurem|Icicle Spear|p1a: Ogerpon\n|-damage|p1a: Ogerpon|0 fnt\n|faint|p1a: Ogerpon\n|-hitcount|p1: Ogerpon|1\n|\n|win|zee\n","uploadtime":1697847700,"views":109,"p1id":"smudge","p2id":"zee","formatid":"gen9nationaldexdoubles","rating":0,"private":0,"password":""}