{"id":"smogtours-gen9nationaldexdoubles-729875","p1":"theyummybagel","p2":"ratpacker","format":"[Gen 9] National Dex Doubles","log":"|inactive|Battle timer is ON: inactive players will automatically lose when time's up.\n|t:|1699717868\n|gametype|doubles\n|player|p1|theyummybagel|#scl3breakers|\n|player|p2|ratpacker|twins|\n|teamsize|p1|6\n|teamsize|p2|6\n|gen|9\n|tier|[Gen 9] National Dex Doubles\n|rule|HP Percentage Mod: HP is shown in percentages\n|rule|Endless Battle Clause: Forcing endless battles is banned\n|rule|OHKO Clause: OHKO moves are banned\n|rule|Evasion Moves Clause: Evasion moves are banned\n|rule|Evasion Abilities Clause: Evasion abilities are banned\n|rule|Species Clause: Limit one of each Pok\u00e9mon\n|rule|Gravity Sleep Clause: The combination of sleep-inducing moves with imperfect accuracy and Gravity or Gigantamax Orbeetle are banned\n|clearpoke\n|poke|p1|Iron Bundle|\n|poke|p1|Zygarde|\n|poke|p1|Tapu Koko|\n|poke|p1|Ninetales-Alola, M|\n|poke|p1|Chi-Yu|\n|poke|p1|Metagross|\n|poke|p2|Zeraora|\n|poke|p2|Volcanion|\n|poke|p2|Rillaboom, F|\n|poke|p2|Metagross|\n|poke|p2|Salamence, M|\n|poke|p2|Flutter Mane|\n|teampreview\n|inactive|theyummybagel also wants the timer to be on.\n|inactive|theyummybagel has 270 seconds left.\n|inactive|ratpacker has 270 seconds left.\n|inactive|ratpacker has 240 seconds left.\n|inactive|ratpacker has 210 seconds left.\n|inactive|ratpacker has 180 seconds left.\n|inactive|theyummybagel has 240 seconds left.\n|inactive|ratpacker has 150 seconds left.\n|\n|t:|1699718031\n|start\n|switch|p1a: Ninetales|Ninetales-Alola, M|100\/100\n|switch|p1b: Iron Bundle|Iron Bundle|100\/100\n|switch|p2a: TIMECOP|Flutter Mane|100\/100\n|switch|p2b: FAITH IN THE GHOST|Volcanion|100\/100\n|-weather|Snow|[from] ability: Snow Warning|[of] p1a: Ninetales\n|turn|1\n|inactive|ratpacker has 210 seconds left.\n|\n|t:|1699718064\n|-zpower|p1b: Iron Bundle\n|move|p1b: Iron Bundle|Hydro Vortex|p2a: TIMECOP|[zeffect]\n|-damage|p2a: TIMECOP|4\/100\n|move|p2a: TIMECOP|Dazzling Gleam|p1b: Iron Bundle|[spread] p1a,p1b\n|-damage|p1a: Ninetales|70\/100\n|-damage|p1b: Iron Bundle|38\/100\n|move|p1a: Ninetales|Aurora Veil|p1a: Ninetales\n|-sidestart|p1: theyummybagel|move: Aurora Veil\n|move|p2b: FAITH IN THE GHOST|Heat Wave|p1a: Ninetales|[spread] p1a,p1b\n|-supereffective|p1a: Ninetales\n|-damage|p1a: Ninetales|21\/100\n|-damage|p1b: Iron Bundle|0 fnt\n|faint|p1b: Iron Bundle\n|-end|p1b: Iron Bundle|Quark Drive|[silent]\n|\n|-weather|Snow|[upkeep]\n|upkeep\n|inactive|theyummybagel has 270 seconds left.\n|c|\u2606theyummybagel|wow bundle sucks\n|c|\u2606ratpacker|for sure\n|inactive|theyummybagel has 240 seconds left.\n|inactive|theyummybagel has 210 seconds left.\n|\n|t:|1699718165\n|switch|p1b: Metagross|Metagross|100\/100\n|turn|2\n|inactive|theyummybagel has 210 seconds left.\n|inactive|ratpacker has 210 seconds left.\n|\n|t:|1699718195\n|detailschange|p1b: Metagross|Metagross-Mega\n|-mega|p1b: Metagross|Metagross|Metagrossite\n|move|p2a: TIMECOP|Protect|p2a: TIMECOP\n|-singleturn|p2a: TIMECOP|Protect\n|move|p1b: Metagross|Stomping Tantrum|p2b: FAITH IN THE GHOST\n|-supereffective|p2b: FAITH IN THE GHOST\n|-damage|p2b: FAITH IN THE GHOST|46\/100\n|move|p1a: Ninetales|Freeze-Dry|p2b: FAITH IN THE GHOST\n|-damage|p2b: FAITH IN THE GHOST|25\/100\n|move|p2b: FAITH IN THE GHOST|Will-O-Wisp|p1b: Metagross\n|-status|p1b: Metagross|brn\n|\n|-weather|Snow|[upkeep]\n|-damage|p1b: Metagross|95\/100 brn|[from] brn\n|upkeep\n|turn|3\n|inactive|ratpacker has 210 seconds left.\n|\n|t:|1699718228\n|-end|p2a: TIMECOP|Protosynthesis|[silent]\n|switch|p2a: WARREN G.|Metagross|100\/100\n|move|p1b: Metagross|Bullet Punch|p2a: WARREN G.\n|-resisted|p2a: WARREN G.\n|-crit|p2a: WARREN G.\n|-damage|p2a: WARREN G.|90\/100\n|move|p1a: Ninetales|Encore|p2b: FAITH IN THE GHOST\n|-start|p2b: FAITH IN THE GHOST|Encore\n|move|p2b: FAITH IN THE GHOST|Will-O-Wisp|p1b: Metagross\n|-fail|p1b: Metagross|brn\n|\n|-weather|Snow|[upkeep]\n|-damage|p1b: Metagross|89\/100 brn|[from] brn\n|upkeep\n|turn|4\n|inactive|theyummybagel has 240 seconds left.\n|inactive|ratpacker has 210 seconds left.\n|\n|t:|1699718242\n|switch|p1a: Tapu Koko|Tapu Koko|100\/100\n|-fieldstart|move: Electric Terrain|[from] ability: Electric Surge|[of] p1a: Tapu Koko\n|switch|p2b: MOTION CANNON|Salamence, M|100\/100\n|-ability|p2b: MOTION CANNON|Intimidate|boost\n|-unboost|p1a: Tapu Koko|atk|1\n|-unboost|p1b: Metagross|atk|1\n|move|p2a: WARREN G.|Bullet Punch|p1a: Tapu Koko\n|-damage|p1a: Tapu Koko|82\/100\n|move|p1b: Metagross|Stomping Tantrum|p2a: WARREN G.\n|-supereffective|p2a: WARREN G.\n|-damage|p2a: WARREN G.|68\/100\n|\n|-weather|Snow|[upkeep]\n|-damage|p1b: Metagross|83\/100 brn|[from] brn\n|upkeep\n|turn|5\n|\n|t:|1699718262\n|switch|p1b: Chi-Yu|Chi-Yu|100\/100\n|-ability|p1b: Chi-Yu|Beads of Ruin\n|switch|p2a: FUN INCARNATE|Rillaboom, F|100\/100\n|-fieldstart|move: Grassy Terrain|[from] ability: Grassy Surge|[of] p2a: FUN INCARNATE\n|detailschange|p2b: MOTION CANNON|Salamence-Mega, M\n|-mega|p2b: MOTION CANNON|Salamence|Salamencite\n|-terastallize|p1a: Tapu Koko|Electric\n|move|p1a: Tapu Koko|Thunderbolt|p2b: MOTION CANNON\n|-damage|p2b: MOTION CANNON|21\/100\n|move|p2b: MOTION CANNON|Tailwind|p2b: MOTION CANNON\n|-sidestart|p2: ratpacker|move: Tailwind\n|\n|-weather|none\n|-heal|p1a: Tapu Koko|88\/100|[from] Grassy Terrain\n|upkeep\n|turn|6\n|inactive|ratpacker has 240 seconds left.\n|inactive|ratpacker has 210 seconds left.\n|inactive|ratpacker has 180 seconds left.\n|inactive|ratpacker has 150 seconds left.\n|\n|t:|1699718377\n|switch|p1a: Metagross|Metagross-Mega|83\/100 brn\n|move|p2a: FUN INCARNATE|Fake Out|p1b: Chi-Yu\n|-damage|p1b: Chi-Yu|89\/100\n|move|p2b: MOTION CANNON|Roost|p2b: MOTION CANNON\n|-heal|p2b: MOTION CANNON|71\/100\n|-singleturn|p2b: MOTION CANNON|move: Roost\n|cant|p1b: Chi-Yu|flinch\n|\n|-heal|p2b: MOTION CANNON|77\/100|[from] Grassy Terrain\n|-heal|p1a: Metagross|89\/100 brn|[from] Grassy Terrain\n|-heal|p1b: Chi-Yu|95\/100|[from] Grassy Terrain\n|-damage|p1a: Metagross|83\/100 brn|[from] brn\n|upkeep\n|turn|7\n|inactive|ratpacker has 150 seconds left.\n|inactive|theyummybagel has 270 seconds left.\n|inactive|ratpacker has 120 seconds left.\n|inactive|ratpacker has 90 seconds left.\n|\n|t:|1699718446\n|move|p2b: MOTION CANNON|Double-Edge|p1b: Chi-Yu\n|-damage|p1b: Chi-Yu|28\/100\n|-damage|p2b: MOTION CANNON|59\/100|[from] Recoil\n|move|p2a: FUN INCARNATE|U-turn|p1b: Chi-Yu\n|-damage|p1b: Chi-Yu|4\/100\n|inactive|ratpacker has 90 seconds left.\n|\n|t:|1699718455\n|switch|p2a: FAITH IN THE GHOST|Volcanion|25\/100|[from] U-turn\n|move|p1a: Metagross|Stomping Tantrum|p2a: FAITH IN THE GHOST\n|-supereffective|p2a: FAITH IN THE GHOST\n|-damage|p2a: FAITH IN THE GHOST|0 fnt\n|faint|p2a: FAITH IN THE GHOST\n|move|p1b: Chi-Yu|Heat Wave|p2b: MOTION CANNON\n|-resisted|p2b: MOTION CANNON\n|-damage|p2b: MOTION CANNON|37\/100\n|\n|-heal|p1a: Metagross|89\/100 brn|[from] Grassy Terrain\n|-heal|p1b: Chi-Yu|10\/100|[from] Grassy Terrain\n|-damage|p1a: Metagross|83\/100 brn|[from] brn\n|upkeep\n|inactive|ratpacker has 90 seconds left.\n|inactive|ratpacker has 60 seconds left.\n|\n|t:|1699718510\n|switch|p2a: FUN INCARNATE|Rillaboom, F|100\/100\n|turn|8\n|inactive|ratpacker has 60 seconds left.\n|\n|t:|1699718517\n|move|p2a: FUN INCARNATE|Fake Out|p1b: Chi-Yu\n|-damage|p1b: Chi-Yu|0 fnt\n|faint|p1b: Chi-Yu\n|move|p2b: MOTION CANNON|Roost|p2b: MOTION CANNON\n|-heal|p2b: MOTION CANNON|87\/100\n|-singleturn|p2b: MOTION CANNON|move: Roost\n|move|p1a: Metagross|Iron Head|p2b: MOTION CANNON\n|-damage|p2b: MOTION CANNON|65\/100\n|\n|-heal|p2b: MOTION CANNON|71\/100|[from] Grassy Terrain\n|-heal|p1a: Metagross|89\/100 brn|[from] Grassy Terrain\n|-damage|p1a: Metagross|83\/100 brn|[from] brn\n|-sideend|p2: ratpacker|move: Tailwind\n|-sideend|p1: theyummybagel|move: Aurora Veil\n|upkeep\n|\n|t:|1699718522\n|switch|p1b: Tapu Koko|Tapu Koko, tera:Electric|88\/100\n|-fieldstart|move: Electric Terrain|[from] ability: Electric Surge|[of] p1b: Tapu Koko\n|turn|9\n|inactive|ratpacker has 60 seconds left.\n|\n|t:|1699718565\n|switch|p2a: AREA ONE|Zeraora|100\/100\n|move|p2b: MOTION CANNON|Protect|p2b: MOTION CANNON\n|-singleturn|p2b: MOTION CANNON|Protect\n|move|p1b: Tapu Koko|Volt Switch|p2a: AREA ONE\n|-immune|p2a: AREA ONE|[from] ability: Volt Absorb\n|move|p1a: Metagross|Iron Head|p2a: AREA ONE\n|-resisted|p2a: AREA ONE\n|-damage|p2a: AREA ONE|79\/100\n|\n|-damage|p1a: Metagross|77\/100 brn|[from] brn\n|upkeep\n|turn|10\n|\n|t:|1699718577\n|switch|p1b: Zygarde|Zygarde|100\/100\n|-ability|p1b: Zygarde|Aura Break\n|move|p2a: AREA ONE|Fake Out|p1b: Zygarde\n|-damage|p1b: Zygarde|90\/100\n|move|p1a: Metagross|Stomping Tantrum|p2a: AREA ONE\n|-supereffective|p2a: AREA ONE\n|-damage|p2a: AREA ONE|33\/100\n|move|p2b: MOTION CANNON|Tailwind|p2b: MOTION CANNON\n|-sidestart|p2: ratpacker|move: Tailwind\n|\n|-damage|p1a: Metagross|71\/100 brn|[from] brn\n|upkeep\n|turn|11\n|\n|t:|1699718596\n|move|p2a: AREA ONE|Coaching|p2b: MOTION CANNON\n|-boost|p2b: MOTION CANNON|atk|1\n|-boost|p2b: MOTION CANNON|def|1\n|move|p2b: MOTION CANNON|Double-Edge|p1b: Zygarde\n|-damage|p1b: Zygarde|0 fnt\n|faint|p1b: Zygarde\n|-damage|p2b: MOTION CANNON|45\/100|[from] Recoil\n|move|p1a: Metagross|Iron Head|p2a: AREA ONE\n|-resisted|p2a: AREA ONE\n|-damage|p2a: AREA ONE|13\/100\n|\n|-damage|p1a: Metagross|65\/100 brn|[from] brn\n|upkeep\n|\n|t:|1699718608\n|switch|p1b: Ninetales|Ninetales-Alola, M|21\/100\n|-weather|Snow|[from] ability: Snow Warning|[of] p1b: Ninetales\n|turn|12\n|\n|t:|1699718618\n|-zpower|p2a: AREA ONE\n|move|p2a: AREA ONE|Gigavolt Havoc|p1a: Metagross|[zeffect]\n|-damage|p1a: Metagross|0 fnt\n|faint|p1a: Metagross\n|move|p2b: MOTION CANNON|Double-Edge|p1b: Ninetales\n|-damage|p1b: Ninetales|0 fnt\n|faint|p1b: Ninetales\n|-damage|p2b: MOTION CANNON|39\/100|[from] Recoil\n|\n|-weather|Snow|[upkeep]\n|upkeep\n|\n|t:|1699718623\n|switch|p1b: Tapu Koko|Tapu Koko, tera:Electric|88\/100\n|turn|13\n|c|\u2606theyummybagel|ggs\n|\n|t:|1699718632\n|move|p2a: AREA ONE|Plasma Fists|p1b: Tapu Koko\n|-resisted|p1b: Tapu Koko\n|-damage|p1b: Tapu Koko|47\/100\n|-fieldactivate|move: Ion Deluge\n|-hint|Normal-type moves become Electric-type after using Plasma Fists.\n|move|p2b: MOTION CANNON|Roost|p2b: MOTION CANNON\n|-heal|p2b: MOTION CANNON|89\/100\n|-singleturn|p2b: MOTION CANNON|move: Roost\n|move|p1b: Tapu Koko|Thunderbolt|p2b: MOTION CANNON\n|-resisted|p2b: MOTION CANNON\n|-damage|p2b: MOTION CANNON|47\/100\n|\n|-weather|Snow|[upkeep]\n|-sideend|p2: ratpacker|move: Tailwind\n|-fieldend|move: Electric Terrain\n|upkeep\n|turn|14\n|c|\u2606ratpacker|ggs\n|\n|t:|1699718651\n|move|p2a: AREA ONE|Plasma Fists|p1b: Tapu Koko\n|-resisted|p1b: Tapu Koko\n|-damage|p1b: Tapu Koko|14\/100\n|-fieldactivate|move: Ion Deluge\n|-hint|Normal-type moves become Electric-type after using Plasma Fists.\n|move|p1b: Tapu Koko|Thunderbolt|p2b: MOTION CANNON\n|-damage|p2b: MOTION CANNON|0 fnt\n|faint|p2b: MOTION CANNON\n|\n|-weather|Snow|[upkeep]\n|upkeep\n|\n|t:|1699718653\n|switch|p2b: FUN INCARNATE|Rillaboom, F|100\/100\n|-fieldstart|move: Grassy Terrain|[from] ability: Grassy Surge|[of] p2b: FUN INCARNATE\n|turn|15\n|\n|t:|1699718661\n|move|p2b: FUN INCARNATE|Grassy Glide|p1b: Tapu Koko\n|-damage|p1b: Tapu Koko|0 fnt\n|faint|p1b: Tapu Koko\n|\n|win|ratpacker\n","uploadtime":1699718662,"views":64,"p1id":"theyummybagel","p2id":"ratpacker","formatid":"gen9nationaldexdoubles","rating":0,"private":0,"password":""}