{"id":"smogtours-gen9nationaldexdoubles-731325","p1":"Demonlord_001","p2":"JesterArtisticBoi","format":"[Gen 9] National Dex Doubles","log":"|inactive|Battle timer is ON: inactive players will automatically lose when time's up.\n|t:|1700347271\n|gametype|doubles\n|player|p1|Demonlord_001|n|\n|player|p2|JesterArtisticBoi|rocketgrunt|\n|teamsize|p1|6\n|teamsize|p2|6\n|gen|9\n|tier|[Gen 9] National Dex Doubles\n|rule|HP Percentage Mod: HP is shown in percentages\n|rule|Endless Battle Clause: Forcing endless battles is banned\n|rule|OHKO Clause: OHKO moves are banned\n|rule|Evasion Moves Clause: Evasion moves are banned\n|rule|Evasion Abilities Clause: Evasion abilities are banned\n|rule|Species Clause: Limit one of each Pok\u00e9mon\n|rule|Gravity Sleep Clause: The combination of sleep-inducing moves with imperfect accuracy and Gravity or Gigantamax Orbeetle are banned\n|clearpoke\n|poke|p1|Grimmsnarl, M|\n|poke|p1|Snorlax, F|\n|poke|p1|Tornadus, M|\n|poke|p1|Lucario, M|\n|poke|p1|Indeedee-F, F|\n|poke|p1|Sableye, M|\n|poke|p2|Gengar, M|\n|poke|p2|Ursaluna, M|\n|poke|p2|Gardevoir, M|\n|poke|p2|Inteleon, M|\n|poke|p2|Meloetta|\n|poke|p2|Delphox, M|\n|teampreview\n|\n|t:|1700347282\n|start\n|switch|p1a: Indeedee|Indeedee-F, F|100\/100\n|switch|p1b: Snorlax|Snorlax, F|100\/100\n|switch|p2a: Gardevoir|Gardevoir, M, shiny|100\/100\n|switch|p2b: Meloetta|Meloetta|100\/100\n|-fieldstart|move: Psychic Terrain|[from] ability: Psychic Surge|[of] p1a: Indeedee\n|turn|1\n|\n|t:|1700347297\n|move|p2b: Meloetta|Metronome|p2b: Meloetta\n|move|p2b: Meloetta|Confuse Ray|p1a: Indeedee|[from]move: Metronome\n|-start|p1a: Indeedee|confusion\n|-activate|p1a: Indeedee|confusion\n|-damage|p1a: Indeedee|94\/100|[from] confusion\n|move|p2a: Gardevoir|Metronome|p2a: Gardevoir\n|move|p2a: Gardevoir|Struggle Bug|p1b: Snorlax|[from]move: Metronome|[spread] p1a,p1b\n|-supereffective|p1a: Indeedee\n|-damage|p1a: Indeedee|68\/100\n|-damage|p1b: Snorlax|92\/100\n|-unboost|p1a: Indeedee|spa|1\n|-unboost|p1b: Snorlax|spa|1\n|move|p1b: Snorlax|Metronome|p1b: Snorlax\n|move|p1b: Snorlax|Reversal|p2b: Meloetta|[from]move: Metronome\n|-damage|p2b: Meloetta|96\/100\n|\n|upkeep\n|turn|2\n|\n|t:|1700347315\n|move|p2b: Meloetta|Metronome|p2b: Meloetta\n|move|p2b: Meloetta|Coaching|p2a: Gardevoir|[from]move: Metronome\n|-boost|p2a: Gardevoir|atk|1\n|-boost|p2a: Gardevoir|def|1\n|-activate|p1a: Indeedee|confusion\n|-damage|p1a: Indeedee|62\/100|[from] confusion\n|move|p2a: Gardevoir|Metronome|p2a: Gardevoir\n|move|p2a: Gardevoir|Power Whip|p1a: Indeedee|[from]move: Metronome|[miss]\n|-miss|p2a: Gardevoir|p1a: Indeedee\n|move|p1b: Snorlax|Metronome|p1b: Snorlax\n|move|p1b: Snorlax|Lava Plume|p2a: Gardevoir|[from]move: Metronome|[spread] p1a,p2a,p2b\n|-damage|p1a: Indeedee|56\/100\n|-damage|p2a: Gardevoir|94\/100\n|-damage|p2b: Meloetta|91\/100\n|-status|p2b: Meloetta|brn\n|\n|-damage|p2b: Meloetta|85\/100 brn|[from] brn\n|upkeep\n|turn|3\n|\n|t:|1700347338\n|move|p2b: Meloetta|Metronome|p2b: Meloetta\n|move|p2b: Meloetta|Heat Crash|p1a: Indeedee|[from]move: Metronome\n|-damage|p1a: Indeedee|52\/100\n|-end|p1a: Indeedee|confusion\n|move|p1a: Indeedee|Metronome|p1a: Indeedee\n|move|p1a: Indeedee|Icicle Crash|p2a: Gardevoir|[from]move: Metronome\n|-damage|p2a: Gardevoir|83\/100\n|move|p2a: Gardevoir|Metronome|p2a: Gardevoir\n|move|p2a: Gardevoir|Psystrike|p1a: Indeedee|[from]move: Metronome\n|-resisted|p1a: Indeedee\n|-damage|p1a: Indeedee|10\/100\n|move|p1b: Snorlax|Metronome|p1b: Snorlax\n|move|p1b: Snorlax|Hyper Voice|p2a: Gardevoir|[from]move: Metronome|[spread] p2a,p2b\n|-damage|p2a: Gardevoir|74\/100\n|-damage|p2b: Meloetta|76\/100 brn\n|\n|-damage|p2b: Meloetta|70\/100 brn|[from] brn\n|upkeep\n|turn|4\n|\n|t:|1700347361\n|move|p2b: Meloetta|Metronome|p2b: Meloetta\n|move|p2b: Meloetta|Last Respects|p1a: Indeedee|[from]move: Metronome\n|-immune|p1a: Indeedee\n|move|p1a: Indeedee|Metronome|p1a: Indeedee\n|move|p1a: Indeedee|Rock Polish|p1a: Indeedee|[from]move: Metronome\n|-boost|p1a: Indeedee|spe|2\n|move|p2a: Gardevoir|Metronome|p2a: Gardevoir\n|move|p2a: Gardevoir|Wish|p2a: Gardevoir|[from]move: Metronome\n|move|p1b: Snorlax|Metronome|p1b: Snorlax\n|move|p1b: Snorlax|Crabhammer|p2b: Meloetta|[from]move: Metronome\n|-damage|p2b: Meloetta|46\/100 brn\n|\n|-damage|p2b: Meloetta|39\/100 brn|[from] brn\n|upkeep\n|turn|5\n|\n|t:|1700347384\n|move|p1a: Indeedee|Metronome|p1a: Indeedee\n|move|p1a: Indeedee|Absorb|p2b: Meloetta|[from]move: Metronome\n|-damage|p2b: Meloetta|37\/100 brn\n|-heal|p1a: Indeedee|12\/100|[from] drain|[of] p2b: Meloetta\n|move|p2b: Meloetta|Metronome|p2b: Meloetta\n|move|p2b: Meloetta|Metal Claw|p1a: Indeedee|[from]move: Metronome\n|-damage|p1a: Indeedee|7\/100\n|move|p2a: Gardevoir|Metronome|p2a: Gardevoir\n|move|p2a: Gardevoir|Fire Pledge|p1b: Snorlax|[from]move: Metronome\n|-damage|p1b: Snorlax|83\/100\n|move|p1b: Snorlax|Metronome|p1b: Snorlax\n|move|p1b: Snorlax|Thunder Wave|p2a: Gardevoir|[from]move: Metronome\n|-status|p2a: Gardevoir|par\n|\n|-heal|p2a: Gardevoir|100\/100 par|[from] move: Wish|[wisher] Gardevoir\n|-damage|p2b: Meloetta|30\/100 brn|[from] brn\n|-fieldend|move: Psychic Terrain\n|upkeep\n|turn|6\n|\n|t:|1700347408\n|move|p1a: Indeedee|Metronome|p1a: Indeedee\n|move|p1a: Indeedee|Echoed Voice|p2b: Meloetta|[from]move: Metronome\n|-damage|p2b: Meloetta|24\/100 brn\n|move|p2b: Meloetta|Metronome|p2b: Meloetta\n|move|p2b: Meloetta|Leaf Blade|p1a: Indeedee|[from]move: Metronome\n|-damage|p1a: Indeedee|0 fnt\n|faint|p1a: Indeedee\n|move|p2a: Gardevoir|Metronome|p2a: Gardevoir\n|move|p2a: Gardevoir|Shift Gear|p2a: Gardevoir|[from]move: Metronome\n|-boost|p2a: Gardevoir|spe|2\n|-boost|p2a: Gardevoir|atk|1\n|move|p1b: Snorlax|Metronome|p1b: Snorlax\n|move|p1b: Snorlax|Shift Gear|p1b: Snorlax|[from]move: Metronome\n|-boost|p1b: Snorlax|spe|2\n|-boost|p1b: Snorlax|atk|1\n|\n|-damage|p2b: Meloetta|17\/100 brn|[from] brn\n|upkeep\n|inactive|Demonlord_001 has 270 seconds left.\n|\n|t:|1700347432\n|switch|p1a: Lucario|Lucario, M|100\/100\n|turn|7\n|\n|t:|1700347436\n|move|p2b: Meloetta|Metronome|p2b: Meloetta\n|move|p2b: Meloetta|Ice Hammer|p1b: Snorlax|[from]move: Metronome|[miss]\n|-miss|p2b: Meloetta|p1b: Snorlax\n|move|p1a: Lucario|Metronome|p1a: Lucario\n|move|p1a: Lucario|Gust|p2a: Gardevoir|[from]move: Metronome\n|-damage|p2a: Gardevoir|90\/100 par\n|move|p2a: Gardevoir|Metronome|p2a: Gardevoir\n|move|p2a: Gardevoir|Smack Down|p1b: Snorlax|[from]move: Metronome\n|-damage|p1b: Snorlax|72\/100\n|move|p1b: Snorlax|Metronome|p1b: Snorlax\n|move|p1b: Snorlax|Hypnosis||[from]move: Metronome|[still]\n|-fail|p1b: Snorlax\n|\n|-damage|p2b: Meloetta|11\/100 brn|[from] brn\n|upkeep\n|turn|8\n|\n|t:|1700347456\n|move|p2b: Meloetta|Metronome|p2b: Meloetta\n|move|p2b: Meloetta|Gyro Ball|p1b: Snorlax|[from]move: Metronome\n|-damage|p1b: Snorlax|71\/100\n|move|p1a: Lucario|Metronome|p1a: Lucario\n|move|p1a: Lucario|Crunch|p2a: Gardevoir|[from]move: Metronome\n|-damage|p2a: Gardevoir|68\/100 par\n|move|p2a: Gardevoir|Metronome|p2a: Gardevoir\n|move|p2a: Gardevoir|Leech Seed|p1a: Lucario|[from]move: Metronome\n|-start|p1a: Lucario|move: Leech Seed\n|move|p1b: Snorlax|Metronome|p1b: Snorlax\n|move|p1b: Snorlax|Mega Drain|p2a: Gardevoir|[from]move: Metronome\n|-damage|p2a: Gardevoir|64\/100 par\n|-heal|p1b: Snorlax|72\/100|[from] drain|[of] p2a: Gardevoir\n|\n|-damage|p1a: Lucario|88\/100|[from] Leech Seed|[of] p2a: Gardevoir\n|-heal|p2a: Gardevoir|76\/100 par|[silent]\n|-damage|p2b: Meloetta|5\/100 brn|[from] brn\n|upkeep\n|turn|9\n|\n|t:|1700347479\n|switch|p1a: Sableye|Sableye, M|100\/100\n|move|p2b: Meloetta|Metronome|p2b: Meloetta\n|move|p2b: Meloetta|Psyblade|p1a: Sableye|[from]move: Metronome\n|-immune|p1a: Sableye\n|move|p2a: Gardevoir|Metronome|p2a: Gardevoir\n|move|p2a: Gardevoir|Flail|p1b: Snorlax|[from]move: Metronome\n|-damage|p1b: Snorlax|68\/100\n|move|p1b: Snorlax|Metronome|p1b: Snorlax\n|move|p1b: Snorlax|Circle Throw|p2a: Gardevoir|[from]move: Metronome\n|-resisted|p2a: Gardevoir\n|-damage|p2a: Gardevoir|71\/100 par\n|drag|p2a: Inteleon|Inteleon, M|100\/100\n|\n|-damage|p2b: Meloetta|0 fnt|[from] brn\n|faint|p2b: Meloetta\n|upkeep\n|inactive|JesterArtisticBoi has 270 seconds left.\n|\n|t:|1700347500\n|switch|p2b: Gardevoir|Gardevoir, M, shiny|71\/100 par\n|turn|10\n|\n|t:|1700347507\n|move|p1a: Sableye|Metronome|p1a: Sableye\n|move|p1a: Sableye|Shift Gear|p1a: Sableye|[from]move: Metronome\n|-boost|p1a: Sableye|spe|2\n|-boost|p1a: Sableye|atk|1\n|move|p2a: Inteleon|Metronome|p2a: Inteleon\n|move|p2a: Inteleon|Tail Slap|p1b: Snorlax|[from]move: Metronome\n|-damage|p1b: Snorlax|66\/100\n|-damage|p1b: Snorlax|63\/100\n|-damage|p1b: Snorlax|60\/100\n|-hitcount|p1b: Snorlax|3\n|move|p1b: Snorlax|Metronome|p1b: Snorlax\n|move|p1b: Snorlax|Will-O-Wisp||[from]move: Metronome|[still]\n|-fail|p1b: Snorlax\n|cant|p2b: Gardevoir|par\n|\n|upkeep\n|turn|11\n|\n|t:|1700347525\n|move|p1a: Sableye|Metronome|p1a: Sableye\n|move|p1a: Sableye|Trop Kick|p2a: Inteleon|[from]move: Metronome\n|-supereffective|p2a: Inteleon\n|-damage|p2a: Inteleon|16\/100\n|-unboost|p2a: Inteleon|atk|1\n|move|p2a: Inteleon|Metronome|p2a: Inteleon\n|move|p2a: Inteleon|Infestation|p1a: Sableye|[from]move: Metronome\n|-damage|p1a: Sableye|86\/100\n|-activate|p1a: Sableye|move: Infestation|[of] p2a: Inteleon\n|move|p1b: Snorlax|Metronome|p1b: Snorlax\n|move|p1b: Snorlax|Pollen Puff|p2b: Gardevoir|[from]move: Metronome\n|-damage|p2b: Gardevoir|62\/100 par\n|move|p2b: Gardevoir|Metronome|p2b: Gardevoir\n|move|p2b: Gardevoir|Knock Off|p1b: Snorlax|[from]move: Metronome\n|-damage|p1b: Snorlax|51\/100\n|-enditem|p1b: Snorlax|Leppa Berry|[from] move: Knock Off|[of] p2b: Gardevoir\n|\n|-damage|p1a: Sableye|74\/100|[from] move: Infestation|[partiallytrapped]\n|upkeep\n|turn|12\n|\n|t:|1700347549\n|move|p1a: Sableye|Metronome|p1a: Sableye\n|move|p1a: Sableye|Skitter Smack|p2b: Gardevoir|[from]move: Metronome\n|-damage|p2b: Gardevoir|24\/100 par\n|-unboost|p2b: Gardevoir|spa|1\n|move|p2a: Inteleon|Metronome|p2a: Inteleon\n|move|p2a: Inteleon|Glare|p1b: Snorlax|[from]move: Metronome\n|-status|p1b: Snorlax|par\n|move|p2b: Gardevoir|Metronome|p2b: Gardevoir\n|move|p2b: Gardevoir|Spit Up||[from]move: Metronome|[still]\n|-fail|p2b: Gardevoir\n|move|p1b: Snorlax|Metronome|p1b: Snorlax\n|move|p1b: Snorlax|Force Palm|p2b: Gardevoir|[from]move: Metronome\n|-resisted|p2b: Gardevoir\n|-damage|p2b: Gardevoir|16\/100 par\n|\n|-damage|p1a: Sableye|61\/100|[from] move: Infestation|[partiallytrapped]\n|upkeep\n|turn|13\n|\n|t:|1700347571\n|move|p1a: Sableye|Metronome|p1a: Sableye\n|move|p1a: Sableye|Sucker Punch||[from]move: Metronome|[still]\n|-fail|p1a: Sableye\n|move|p2a: Inteleon|Metronome|p2a: Inteleon\n|move|p2a: Inteleon|Low Sweep|p1a: Sableye|[from]move: Metronome\n|-immune|p1a: Sableye\n|move|p2b: Gardevoir|Metronome|p2b: Gardevoir\n|move|p2b: Gardevoir|Slack Off|p2b: Gardevoir|[from]move: Metronome\n|-heal|p2b: Gardevoir|66\/100 par\n|cant|p1b: Snorlax|par\n|\n|-damage|p1a: Sableye|49\/100|[from] move: Infestation|[partiallytrapped]\n|upkeep\n|turn|14\n|\n|t:|1700347588\n|move|p1a: Sableye|Metronome|p1a: Sableye\n|move|p1a: Sableye|Giga Drain|p2a: Inteleon|[from]move: Metronome\n|-supereffective|p2a: Inteleon\n|-damage|p2a: Inteleon|0 fnt\n|-heal|p1a: Sableye|60\/100|[from] drain|[of] p2a: Inteleon\n|faint|p2a: Inteleon\n|move|p2b: Gardevoir|Metronome|p2b: Gardevoir\n|move|p2b: Gardevoir|Corrosive Gas|p1a: Sableye|[from]move: Metronome|[spread] p1a,p1b\n|-enditem|p1a: Sableye|Leppa Berry|[from] move: Corrosive Gas|[of] p2b: Gardevoir\n|-fail|p1b: Snorlax|move: Corrosive Gas\n|move|p1b: Snorlax|Metronome|p1b: Snorlax\n|move|p1b: Snorlax|Role Play|p2b: Gardevoir|[from]move: Metronome\n|-endability|p1b: Snorlax|Thick Fat|[from] move: Role Play\n|-ability|p1b: Snorlax|Telepathy|[from] move: Role Play|[of] p2b: Gardevoir\n|\n|-end|p1a: Sableye|Infestation|[partiallytrapped]|[silent]\n|upkeep\n|\n|t:|1700347604\n|switch|p2a: Delphox|Delphox, M, shiny|100\/100\n|turn|15\n|\n|t:|1700347611\n|move|p1a: Sableye|Metronome|p1a: Sableye\n|move|p1a: Sableye|Sunny Day|p1a: Sableye|[from]move: Metronome\n|-weather|SunnyDay\n|move|p2a: Delphox|Metronome|p2a: Delphox\n|move|p2a: Delphox|Toxic|p1a: Sableye|[from]move: Metronome\n|-status|p1a: Sableye|tox\n|move|p2b: Gardevoir|Metronome|p2b: Gardevoir\n|move|p2b: Gardevoir|Bullet Seed|p1b: Snorlax|[from]move: Metronome\n|-damage|p1b: Snorlax|49\/100 par\n|-crit|p1b: Snorlax\n|-damage|p1b: Snorlax|45\/100 par\n|-damage|p1b: Snorlax|42\/100 par\n|-damage|p1b: Snorlax|40\/100 par\n|-hitcount|p1b: Snorlax|4\n|cant|p1b: Snorlax|par\n|\n|-weather|SunnyDay|[upkeep]\n|-damage|p1a: Sableye|54\/100 tox|[from] psn\n|upkeep\n|turn|16\n|\n|t:|1700347632\n|move|p1a: Sableye|Metronome|p1a: Sableye\n|move|p1a: Sableye|Harden|p1a: Sableye|[from]move: Metronome\n|-boost|p1a: Sableye|def|1\n|move|p2a: Delphox|Metronome|p2a: Delphox\n|move|p2a: Delphox|Shadow Ball|p1a: Sableye|[from]move: Metronome\n|-damage|p1a: Sableye|0 fnt\n|faint|p1a: Sableye\n|move|p2b: Gardevoir|Metronome|p2b: Gardevoir\n|move|p2b: Gardevoir|Double Kick|p1b: Snorlax|[from]move: Metronome\n|-supereffective|p1b: Snorlax\n|-damage|p1b: Snorlax|34\/100 par\n|-supereffective|p1b: Snorlax\n|-damage|p1b: Snorlax|28\/100 par\n|-hitcount|p1b: Snorlax|2\n|move|p1b: Snorlax|Metronome|p1b: Snorlax\n|move|p1b: Snorlax|Present|p2a: Delphox|[from]move: Metronome\n|-damage|p2a: Delphox|44\/100\n|\n|-weather|SunnyDay|[upkeep]\n|upkeep\n|inactive|Demonlord_001 has 270 seconds left.\n|\n|t:|1700347654\n|switch|p1a: Lucario|Lucario, M|88\/100\n|turn|17\n|\n|t:|1700347658\n|move|p2a: Delphox|Metronome|p2a: Delphox\n|move|p2a: Delphox|Dire Claw|p1a: Lucario|[from]move: Metronome\n|-immune|p1a: Lucario\n|move|p1a: Lucario|Metronome|p1a: Lucario\n|move|p1a: Lucario|Mega Kick|p2b: Gardevoir|[from]move: Metronome\n|-damage|p2b: Gardevoir|15\/100 par\n|move|p2b: Gardevoir|Metronome|p2b: Gardevoir\n|move|p2b: Gardevoir|Acid Spray|p1b: Snorlax|[from]move: Metronome\n|-damage|p1b: Snorlax|22\/100 par\n|-unboost|p1b: Snorlax|spd|2\n|-enditem|p2b: Gardevoir|Leppa Berry|[eat]\n|-activate|p2b: Gardevoir|item: Leppa Berry|Metronome|[consumed]\n|move|p1b: Snorlax|Metronome|p1b: Snorlax\n|move|p1b: Snorlax|Withdraw|p1b: Snorlax|[from]move: Metronome\n|-boost|p1b: Snorlax|def|1\n|\n|-weather|SunnyDay|[upkeep]\n|upkeep\n|turn|18\n|\n|t:|1700347680\n|move|p2a: Delphox|Metronome|p2a: Delphox\n|move|p2a: Delphox|Power Whip|p1b: Snorlax|[from]move: Metronome|[miss]\n|-miss|p2a: Delphox|p1b: Snorlax\n|move|p1a: Lucario|Metronome|p1a: Lucario\n|move|p1a: Lucario|Spit Up||[from]move: Metronome|[still]\n|-fail|p1a: Lucario\n|move|p2b: Gardevoir|Metronome|p2b: Gardevoir\n|move|p2b: Gardevoir|Heal Pulse|p1a: Lucario|[from]move: Metronome\n|-heal|p1a: Lucario|100\/100\n|move|p1b: Snorlax|Metronome|p1b: Snorlax\n|move|p1b: Snorlax|Night Shade|p2a: Delphox|[from]move: Metronome\n|-damage|p2a: Delphox|16\/100\n|\n|-weather|SunnyDay|[upkeep]\n|upkeep\n|turn|19\n|\n|t:|1700347701\n|move|p2a: Delphox|Metronome|p2a: Delphox\n|move|p2a: Delphox|Foul Play|p1b: Snorlax|[from]move: Metronome\n|-damage|p1b: Snorlax|8\/100 par\n|move|p1a: Lucario|Metronome|p1a: Lucario\n|move|p1a: Lucario|Bind|p2b: Gardevoir|[from]move: Metronome\n|-damage|p2b: Gardevoir|10\/100 par\n|-activate|p2b: Gardevoir|move: Bind|[of] p1a: Lucario\n|move|p2b: Gardevoir|Metronome|p2b: Gardevoir\n|move|p2b: Gardevoir|Lava Plume|p1a: Lucario|[from]move: Metronome|[spread] p2a,p1a,p1b\n|-resisted|p2a: Delphox\n|-supereffective|p1a: Lucario\n|-damage|p2a: Delphox|5\/100\n|-damage|p1a: Lucario|44\/100\n|-damage|p1b: Snorlax|0 fnt\n|-status|p1a: Lucario|brn\n|faint|p1b: Snorlax\n|\n|-weather|none\n|-damage|p1a: Lucario|38\/100 brn|[from] brn\n|-damage|p2b: Gardevoir|0 fnt|[from] move: Bind|[partiallytrapped]\n|faint|p2b: Gardevoir\n|upkeep\n|\n|t:|1700347724\n|switch|p2b: Gengar|Gengar, M|100\/100\n|switch|p1b: Tornadus|Tornadus, M|100\/100\n|turn|20\n|\n|t:|1700347732\n|move|p1b: Tornadus|Metronome|p1b: Tornadus\n|move|p1b: Tornadus|Confusion|p2b: Gengar|[from]move: Metronome\n|-supereffective|p2b: Gengar\n|-damage|p2b: Gengar|54\/100\n|-start|p1b: Tornadus|Disable|Metronome|[from] ability: Cursed Body|[of] p2b: Gengar\n|move|p2a: Delphox|Metronome|p2a: Delphox\n|move|p2a: Delphox|Reflect Type|p1a: Lucario|[from]move: Metronome\n|-start|p2a: Delphox|typechange|[from] move: Reflect Type|[of] p1a: Lucario\n|move|p2b: Gengar|Metronome|p2b: Gengar\n|move|p2b: Gengar|Accelerock|p1a: Lucario|[from]move: Metronome\n|-resisted|p1a: Lucario\n|-damage|p1a: Lucario|36\/100 brn\n|move|p1a: Lucario|Metronome|p1a: Lucario\n|move|p1a: Lucario|Forest's Curse|p2b: Gengar|[from]move: Metronome\n|-start|p2b: Gengar|typeadd|Grass|[from] move: Forest's Curse\n|\n|-damage|p1a: Lucario|30\/100 brn|[from] brn\n|upkeep\n|-start|p2a: Delphox|typechange|Fighting\/Steel|[silent]\n|turn|21\n|\n|t:|1700347754\n|switch|p1a: Grimmsnarl|Grimmsnarl, M|100\/100\n|-activate|p1b: Tornadus|move: Struggle\n|move|p1b: Tornadus|Struggle|p2b: Gengar\n|-damage|p2b: Gengar|37\/100\n|-damage|p1b: Tornadus|75\/100|[from] recoil\n|move|p2a: Delphox|Metronome|p2a: Delphox\n|move|p2a: Delphox|Dragon Pulse|p1a: Grimmsnarl|[from]move: Metronome\n|-immune|p1a: Grimmsnarl\n|move|p2b: Gengar|Metronome|p2b: Gengar\n|move|p2b: Gengar|Air Cutter|p1b: Tornadus|[from]move: Metronome|[spread] p1a,p1b\n|-damage|p1a: Grimmsnarl|80\/100\n|-damage|p1b: Tornadus|57\/100\n|\n|upkeep\n|turn|22\n|\n|t:|1700347772\n|switch|p1b: Lucario|Lucario, M|30\/100 brn\n|move|p1a: Grimmsnarl|Metronome|p1a: Grimmsnarl\n|move|p1a: Grimmsnarl|Slash|p2a: Delphox|[from]move: Metronome\n|-resisted|p2a: Delphox\n|-damage|p2a: Delphox|0 fnt\n|faint|p2a: Delphox\n|move|p2b: Gengar|Metronome|p2b: Gengar\n|move|p2b: Gengar|Drill Run|p1b: Lucario|[from]move: Metronome\n|-supereffective|p1b: Lucario\n|-damage|p1b: Lucario|0 fnt\n|faint|p1b: Lucario\n|\n|upkeep\n|\n|t:|1700347786\n|switch|p2a: Ursaluna|Ursaluna, M, shiny|100\/100\n|switch|p1b: Tornadus|Tornadus, M|57\/100\n|turn|23\n|\n|t:|1700347792\n|move|p1b: Tornadus|Metronome|p1b: Tornadus\n|move|p1b: Tornadus|Poison Fang|p2b: Gengar|[from]move: Metronome\n|-resisted|p2b: Gengar\n|-damage|p2b: Gengar|27\/100\n|move|p1a: Grimmsnarl|Metronome|p1a: Grimmsnarl\n|move|p1a: Grimmsnarl|Snipe Shot|p2a: Ursaluna|[from]move: Metronome\n|-supereffective|p2a: Ursaluna\n|-damage|p2a: Ursaluna|62\/100\n|move|p2b: Gengar|Metronome|p2b: Gengar\n|move|p2b: Gengar|Stockpile|p2b: Gengar|[from]move: Metronome\n|-start|p2b: Gengar|stockpile1\n|-boost|p2b: Gengar|def|1\n|-boost|p2b: Gengar|spd|1\n|move|p2a: Ursaluna|Metronome|p2a: Ursaluna\n|move|p2a: Ursaluna|Acid Armor|p2a: Ursaluna|[from]move: Metronome\n|-boost|p2a: Ursaluna|def|2\n|\n|upkeep\n|turn|24\n|\n|t:|1700347813\n|move|p1b: Tornadus|Metronome|p1b: Tornadus\n|move|p1b: Tornadus|Water Pulse|p2b: Gengar|[from]move: Metronome\n|-resisted|p2b: Gengar\n|-damage|p2b: Gengar|18\/100\n|-start|p2b: Gengar|confusion\n|-start|p1b: Tornadus|Disable|Metronome|[from] ability: Cursed Body|[of] p2b: Gengar\n|move|p1a: Grimmsnarl|Metronome|p1a: Grimmsnarl\n|move|p1a: Grimmsnarl|Present|p2a: Ursaluna|[from]move: Metronome\n|-heal|p2a: Ursaluna|87\/100\n|-activate|p2b: Gengar|confusion\n|move|p2b: Gengar|Metronome|p2b: Gengar\n|move|p2b: Gengar|Mega Drain|p1a: Grimmsnarl|[from]move: Metronome\n|-damage|p1a: Grimmsnarl|53\/100\n|-heal|p2b: Gengar|34\/100|[from] drain|[of] p1a: Grimmsnarl\n|move|p2a: Ursaluna|Metronome|p2a: Ursaluna\n|move|p2a: Ursaluna|Spacial Rend|p1a: Grimmsnarl|[from]move: Metronome\n|-immune|p1a: Grimmsnarl\n|\n|upkeep\n|turn|25\n|\n|t:|1700347835\n|move|p1a: Grimmsnarl|Metronome|p1a: Grimmsnarl\n|move|p1a: Grimmsnarl|Fury Attack|p2b: Gengar|[from]move: Metronome\n|-immune|p2b: Gengar\n|-activate|p1b: Tornadus|move: Struggle\n|move|p1b: Tornadus|Struggle|p2a: Ursaluna\n|-damage|p2a: Ursaluna|82\/100\n|-damage|p1b: Tornadus|32\/100|[from] recoil\n|-activate|p2b: Gengar|confusion\n|move|p2b: Gengar|Metronome|p2b: Gengar\n|move|p2b: Gengar|Low Kick|p1b: Tornadus|[from]move: Metronome\n|-resisted|p1b: Tornadus\n|-damage|p1b: Tornadus|23\/100\n|move|p2a: Ursaluna|Metronome|p2a: Ursaluna\n|move|p2a: Ursaluna|Block|p1b: Tornadus|[from]move: Metronome\n|-activate|p1b: Tornadus|trapped\n|\n|upkeep\n|turn|26\n|\n|t:|1700347855\n|move|p1a: Grimmsnarl|Metronome|p1a: Grimmsnarl\n|move|p1a: Grimmsnarl|Drain Punch|p2b: Gengar|[from]move: Metronome\n|-immune|p2b: Gengar\n|-activate|p1b: Tornadus|move: Struggle\n|move|p1b: Tornadus|Struggle|p2a: Ursaluna\n|-damage|p2a: Ursaluna|78\/100\n|-damage|p1b: Tornadus|0 fnt|[from] recoil\n|faint|p1b: Tornadus\n|-activate|p2b: Gengar|confusion\n|move|p2b: Gengar|Metronome|p2b: Gengar\n|move|p2b: Gengar|Mystical Power|p1a: Grimmsnarl|[from]move: Metronome\n|-immune|p1a: Grimmsnarl\n|move|p2a: Ursaluna|Metronome|p2a: Ursaluna\n|move|p2a: Ursaluna|Flower Trick|p1a: Grimmsnarl|[from]move: Metronome\n|-crit|p1a: Grimmsnarl\n|-damage|p1a: Grimmsnarl|11\/100\n|\n|upkeep\n|turn|27\n|\n|t:|1700347876\n|move|p1a: Grimmsnarl|Metronome|p1a: Grimmsnarl\n|move|p1a: Grimmsnarl|Lunar Dance||[from]move: Metronome|[still]\n|-fail|p1a: Grimmsnarl\n|-end|p2b: Gengar|confusion\n|move|p2b: Gengar|Metronome|p2b: Gengar\n|move|p2b: Gengar|Confuse Ray|p1a: Grimmsnarl|[from]move: Metronome\n|-start|p1a: Grimmsnarl|confusion\n|move|p2a: Ursaluna|Metronome|p2a: Ursaluna\n|move|p2a: Ursaluna|Icicle Crash|p1a: Grimmsnarl|[from]move: Metronome\n|-damage|p1a: Grimmsnarl|0 fnt\n|faint|p1a: Grimmsnarl\n|\n|win|JesterArtisticBoi\n","uploadtime":1700347877,"views":4,"p1id":"demonlord001","p2id":"jesterartisticboi","formatid":"gen9nationaldexdoubles","rating":0,"private":0,"password":""}