{"id":"smogtours-gen9nationaldexdoubles-722003","p1":"theyummybagel","p2":"Akaru Kokuyo\u3075\u308f","format":"[Gen 9] National Dex Doubles","log":"|inactive|Battle timer is ON: inactive players will automatically lose when time's up.\n|t:|1696647119\n|gametype|doubles\n|player|p1|theyummybagel|#scl3breakers|\n|player|p2|Akaru Kokuyo\u3075\u308f|#scl3foxes|\n|teamsize|p1|6\n|teamsize|p2|6\n|gen|9\n|tier|[Gen 9] National Dex Doubles\n|rule|HP Percentage Mod: HP is shown in percentages\n|rule|Endless Battle Clause: Forcing endless battles is banned\n|rule|OHKO Clause: OHKO moves are banned\n|rule|Evasion Moves Clause: Evasion moves are banned\n|rule|Evasion Abilities Clause: Evasion abilities are banned\n|rule|Species Clause: Limit one of each Pok\u00e9mon\n|rule|Gravity Sleep Clause: The combination of sleep-inducing moves with imperfect accuracy and Gravity or Gigantamax Orbeetle are banned\n|clearpoke\n|poke|p1|Glimmora, F|\n|poke|p1|Chien-Pao|\n|poke|p1|Urshifu-*, M|\n|poke|p1|Rillaboom, F|\n|poke|p1|Tornadus, M|\n|poke|p1|Kingambit, F|\n|poke|p2|Gothitelle, M|\n|poke|p2|Kingambit, F|\n|poke|p2|Landorus-Therian, M|\n|poke|p2|Salamence, F|\n|poke|p2|Volcanion|\n|poke|p2|Marshadow|\n|teampreview\n|inactive|theyummybagel also wants the timer to be on.\n|c|\u2606Akaru Kokuyo\u3075\u308f|hf\n|c|\u2606theyummybagel|u2\n|inactive|theyummybagel has 270 seconds left.\n|inactive|Akaru Kokuyo\u3075\u308f has 270 seconds left.\n|inactive|theyummybagel has 240 seconds left.\n|inactive|Akaru Kokuyo\u3075\u308f has 240 seconds left.\n|\n|t:|1696647204\n|start\n|switch|p1a: Glimmora|Glimmora, F|100\/100\n|switch|p1b: Kingambit|Kingambit, F|100\/100\n|switch|p2a: Landorus|Landorus-Therian, M|100\/100\n|switch|p2b: Marshadow|Marshadow|100\/100\n|-ability|p2a: Landorus|Intimidate|boost\n|-unboost|p1a: Glimmora|atk|1\n|-unboost|p1b: Kingambit|atk|1\n|-ability|p1b: Kingambit|Defiant|boost\n|-boost|p1b: Kingambit|atk|2\n|turn|1\n|\n|t:|1696647228\n|-terastallize|p1b: Kingambit|Fairy\n|move|p2b: Marshadow|Protect|p2b: Marshadow\n|-singleturn|p2b: Marshadow|Protect\n|move|p1a: Glimmora|Stealth Rock|p2a: Landorus\n|-sidestart|p2: Akaru Kokuyo\u3075\u308f|move: Stealth Rock\n|move|p2a: Landorus|Stomping Tantrum|p1a: Glimmora\n|-supereffective|p1a: Glimmora\n|-enditem|p1a: Glimmora|Focus Sash\n|-damage|p1a: Glimmora|1\/100\n|-activate|p1a: Glimmora|ability: Toxic Debris\n|-sidestart|p2: Akaru Kokuyo\u3075\u308f|move: Toxic Spikes\n|move|p1b: Kingambit|Tera Blast|p2b: Marshadow|[anim] Tera Blast Fairy\n|-activate|p2b: Marshadow|move: Protect\n|\n|upkeep\n|turn|2\n|inactive|theyummybagel has 270 seconds left.\n|\n|t:|1696647268\n|switch|p1b: Chien-Pao|Chien-Pao|100\/100\n|-ability|p1b: Chien-Pao|Sword of Ruin\n|move|p2b: Marshadow|Spectral Thief|p1b: Chien-Pao\n|-resisted|p1b: Chien-Pao\n|-damage|p1b: Chien-Pao|59\/100\n|-damage|p2b: Marshadow|91\/100|[from] item: Life Orb\n|move|p1a: Glimmora|Mortal Spin|p2b: Marshadow|[spread] p2a,p2b\n|-resisted|p2a: Landorus\n|-resisted|p2b: Marshadow\n|-damage|p2a: Landorus|99\/100\n|-damage|p2b: Marshadow|88\/100\n|-status|p2b: Marshadow|psn\n|move|p2a: Landorus|Stealth Rock|p1b: Chien-Pao\n|-sidestart|p1: theyummybagel|move: Stealth Rock\n|\n|-damage|p2b: Marshadow|76\/100 psn|[from] psn\n|upkeep\n|turn|3\n|inactive|theyummybagel has 270 seconds left.\n|inactive|Akaru Kokuyo\u3075\u308f has 270 seconds left.\n|\n|t:|1696647314\n|switch|p2a: Kingambit|Kingambit, F|100\/100\n|-damage|p2a: Kingambit|94\/100|[from] Stealth Rock\n|move|p1b: Chien-Pao|Protect|p1b: Chien-Pao\n|-singleturn|p1b: Chien-Pao|Protect\n|move|p2b: Marshadow|Close Combat|p1b: Chien-Pao\n|-activate|p1b: Chien-Pao|move: Protect\n|move|p1a: Glimmora|Mortal Spin|p2a: Kingambit|[spread] p2b\n|-immune|p2a: Kingambit\n|-resisted|p2b: Marshadow\n|-damage|p2b: Marshadow|73\/100 psn\n|-sideend|p1: theyummybagel|Stealth Rock|[from] move: Mortal Spin|[of] p1a: Glimmora\n|\n|-damage|p2b: Marshadow|61\/100 psn|[from] psn\n|upkeep\n|turn|4\n|inactive|Akaru Kokuyo\u3075\u308f has 270 seconds left.\n|\n|t:|1696647346\n|move|p1a: Glimmora|Spiky Shield|p1a: Glimmora\n|-singleturn|p1a: Glimmora|move: Protect\n|move|p2a: Kingambit|Protect|p2a: Kingambit\n|-singleturn|p2a: Kingambit|Protect\n|move|p2b: Marshadow|Shadow Sneak|p1b: Chien-Pao\n|-resisted|p1b: Chien-Pao\n|-damage|p1b: Chien-Pao|31\/100\n|-damage|p2b: Marshadow|51\/100 psn|[from] item: Life Orb\n|move|p1b: Chien-Pao|Icicle Crash|p2b: Marshadow\n|-damage|p2b: Marshadow|0 fnt\n|faint|p2b: Marshadow\n|\n|upkeep\n|inactive|Akaru Kokuyo\u3075\u308f has 240 seconds left.\n|\n|t:|1696647365\n|switch|p2b: Gothitelle|Gothitelle, M|100\/100\n|-damage|p2b: Gothitelle|88\/100|[from] Stealth Rock\n|-status|p2b: Gothitelle|psn\n|turn|5\n|inactive|theyummybagel has 270 seconds left.\n|\n|t:|1696647373\n|move|p2a: Kingambit|Sucker Punch|p1b: Chien-Pao\n|-resisted|p1b: Chien-Pao\n|-damage|p1b: Chien-Pao|1\/100\n|move|p1b: Chien-Pao|Crunch|p2b: Gothitelle\n|-supereffective|p2b: Gothitelle\n|-damage|p2b: Gothitelle|0 fnt\n|faint|p2b: Gothitelle\n|move|p1a: Glimmora|Sludge Bomb|p2a: Kingambit\n|-immune|p2a: Kingambit\n|\n|upkeep\n|\n|t:|1696647397\n|switch|p2b: Salamence|Salamence, F|100\/100\n|-damage|p2b: Salamence|76\/100|[from] Stealth Rock\n|-ability|p2b: Salamence|Intimidate|boost\n|-unboost|p1a: Glimmora|atk|1\n|-unboost|p1b: Chien-Pao|atk|1\n|turn|6\n|\n|t:|1696647409\n|detailschange|p2b: Salamence|Salamence-Mega, F\n|-mega|p2b: Salamence|Salamence|Salamencite\n|move|p1b: Chien-Pao|Sucker Punch|p2a: Kingambit\n|-resisted|p2a: Kingambit\n|-damage|p2a: Kingambit|83\/100\n|move|p2a: Kingambit|Sucker Punch||[still]\n|-fail|p2a: Kingambit\n|move|p2b: Salamence|Tailwind|p2b: Salamence\n|-sidestart|p2: Akaru Kokuyo\u3075\u308f|move: Tailwind\n|move|p1a: Glimmora|Sludge Bomb|p2b: Salamence\n|-damage|p2b: Salamence|19\/100\n|\n|upkeep\n|turn|7\n|\n|t:|1696647422\n|move|p1b: Chien-Pao|Sucker Punch|p2b: Salamence\n|-damage|p2b: Salamence|0 fnt\n|faint|p2b: Salamence\n|move|p1a: Glimmora|Sludge Bomb|p2a: Kingambit\n|-immune|p2a: Kingambit\n|move|p2a: Kingambit|Swords Dance|p2a: Kingambit\n|-boost|p2a: Kingambit|atk|2\n|\n|upkeep\n|inactive|Akaru Kokuyo\u3075\u308f has 270 seconds left.\n|\n|t:|1696647433\n|switch|p2b: Landorus|Landorus-Therian, M|99\/100\n|-damage|p2b: Landorus|87\/100|[from] Stealth Rock\n|-ability|p2b: Landorus|Intimidate|boost\n|-unboost|p1a: Glimmora|atk|1\n|-unboost|p1b: Chien-Pao|atk|1\n|turn|8\n|\n|t:|1696647443\n|move|p2b: Landorus|Stomping Tantrum|p1b: Chien-Pao\n|-damage|p1b: Chien-Pao|0 fnt\n|faint|p1b: Chien-Pao\n|move|p1a: Glimmora|Mortal Spin|p2b: Landorus|[spread] p2b\n|-immune|p2a: Kingambit\n|-resisted|p2b: Landorus\n|-damage|p2b: Landorus|86\/100\n|move|p2a: Kingambit|Swords Dance|p2a: Kingambit\n|-boost|p2a: Kingambit|atk|2\n|\n|upkeep\n|\n|t:|1696647464\n|switch|p1b: Tornadus|Tornadus, M|100\/100\n|turn|9\n|inactive|Akaru Kokuyo\u3075\u308f has 270 seconds left.\n|\n|t:|1696647495\n|move|p1b: Tornadus|Rain Dance|p1b: Tornadus\n|-weather|RainDance\n|move|p2b: Landorus|Stealth Rock|p1a: Glimmora\n|-sidestart|p1: theyummybagel|move: Stealth Rock\n|move|p1a: Glimmora|Sludge Bomb|p2b: Landorus\n|-resisted|p2b: Landorus\n|-damage|p2b: Landorus|61\/100\n|move|p2a: Kingambit|Swords Dance|p2a: Kingambit\n|-boost|p2a: Kingambit|atk|2\n|\n|-weather|RainDance|[upkeep]\n|-sideend|p2: Akaru Kokuyo\u3075\u308f|move: Tailwind\n|upkeep\n|turn|10\n|\n|t:|1696647516\n|move|p1b: Tornadus|Tailwind|p1b: Tornadus\n|-sidestart|p1: theyummybagel|move: Tailwind\n|move|p2a: Kingambit|Sucker Punch||[still]\n|-fail|p2a: Kingambit\n|move|p1a: Glimmora|Mortal Spin|p2a: Kingambit|[spread] p2b\n|-immune|p2a: Kingambit\n|-resisted|p2b: Landorus\n|-damage|p2b: Landorus|60\/100\n|-sideend|p1: theyummybagel|Stealth Rock|[from] move: Mortal Spin|[of] p1a: Glimmora\n|move|p2b: Landorus|Stealth Rock|p1b: Tornadus\n|-sidestart|p1: theyummybagel|move: Stealth Rock\n|\n|-weather|RainDance|[upkeep]\n|upkeep\n|turn|11\n|\n|t:|1696647528\n|move|p2a: Kingambit|Sucker Punch|p1b: Tornadus\n|-damage|p1b: Tornadus|0 fnt\n|faint|p1b: Tornadus\n|move|p1a: Glimmora|Mortal Spin|p2b: Landorus|[spread] p2b\n|-immune|p2a: Kingambit\n|-resisted|p2b: Landorus\n|-damage|p2b: Landorus|59\/100\n|-sideend|p1: theyummybagel|Stealth Rock|[from] move: Mortal Spin|[of] p1a: Glimmora\n|move|p2b: Landorus|Stealth Rock|p1a: Glimmora\n|-sidestart|p1: theyummybagel|move: Stealth Rock\n|\n|-weather|RainDance|[upkeep]\n|upkeep\n|inactive|theyummybagel has 270 seconds left.\n|\n|t:|1696647582\n|switch|p1b: Kingambit|Kingambit, F, tera:Fairy|100\/100\n|-damage|p1b: Kingambit|88\/100|[from] Stealth Rock\n|turn|12\n|inactive|theyummybagel has 270 seconds left.\n|\n|t:|1696647601\n|switch|p1a: Rillaboom|Rillaboom, F|100\/100\n|-damage|p1a: Rillaboom|88\/100|[from] Stealth Rock\n|-fieldstart|move: Grassy Terrain|[from] ability: Grassy Surge|[of] p1a: Rillaboom\n|move|p2a: Kingambit|Protect|p2a: Kingambit\n|-singleturn|p2a: Kingambit|Protect\n|move|p1b: Kingambit|Tera Blast|p2a: Kingambit|[anim] Tera Blast Fairy\n|-activate|p2a: Kingambit|move: Protect\n|move|p2b: Landorus|Stomping Tantrum|p1b: Kingambit\n|-damage|p1b: Kingambit|54\/100\n|\n|-weather|RainDance|[upkeep]\n|-heal|p1a: Rillaboom|94\/100|[from] Grassy Terrain\n|-heal|p1b: Kingambit|60\/100|[from] Grassy Terrain\n|-heal|p2a: Kingambit|89\/100|[from] Grassy Terrain\n|upkeep\n|turn|13\n|\n|t:|1696647623\n|move|p1a: Rillaboom|Fake Out|p2a: Kingambit\n|-resisted|p2a: Kingambit\n|-damage|p2a: Kingambit|84\/100\n|cant|p2a: Kingambit|flinch\n|move|p1b: Kingambit|Tera Blast|p2a: Kingambit|[anim] Tera Blast Fairy\n|-damage|p2a: Kingambit|49\/100\n|move|p2b: Landorus|Stomping Tantrum|p1b: Kingambit\n|-damage|p1b: Kingambit|26\/100\n|\n|-weather|none\n|-heal|p1a: Rillaboom|100\/100|[from] Grassy Terrain\n|-heal|p1b: Kingambit|32\/100|[from] Grassy Terrain\n|-heal|p2a: Kingambit|55\/100|[from] Grassy Terrain\n|-sideend|p1: theyummybagel|move: Tailwind\n|upkeep\n|turn|14\n|inactive|Akaru Kokuyo\u3075\u308f has 270 seconds left.\n|inactive|theyummybagel has 270 seconds left.\n|inactive|Akaru Kokuyo\u3075\u308f has 240 seconds left.\n|\n|t:|1696647701\n|switch|p1a: Glimmora|Glimmora, F|1\/100\n|-damage|p1a: Glimmora|0 fnt|[from] Stealth Rock\n|faint|p1a: Glimmora\n|move|p2b: Landorus|Stomping Tantrum|p1b: Kingambit\n|-damage|p1b: Kingambit|2\/100\n|move|p1b: Kingambit|Tera Blast|p2a: Kingambit|[anim] Tera Blast Fairy\n|-damage|p2a: Kingambit|20\/100\n|move|p2a: Kingambit|Iron Head|p1b: Kingambit\n|-supereffective|p1b: Kingambit\n|-damage|p1b: Kingambit|0 fnt\n|faint|p1b: Kingambit\n|\n|-heal|p2a: Kingambit|26\/100|[from] Grassy Terrain\n|upkeep\n|inactive|theyummybagel has 270 seconds left.\n|\n|t:|1696647712\n|switch|p1a: Rillaboom|Rillaboom, F|100\/100\n|switch|p1b: Urshifu|Urshifu-Rapid-Strike, M|100\/100\n|-damage|p1b: Urshifu|94\/100|[from] Stealth Rock\n|-damage|p1a: Rillaboom|88\/100|[from] Stealth Rock\n|turn|15\n|\n|t:|1696647726\n|move|p1a: Rillaboom|Fake Out|p2a: Kingambit\n|-resisted|p2a: Kingambit\n|-damage|p2a: Kingambit|21\/100\n|cant|p2a: Kingambit|flinch\n|move|p1b: Urshifu|Close Combat|p2a: Kingambit\n|-supereffective|p2a: Kingambit\n|-damage|p2a: Kingambit|0 fnt\n|-unboost|p1b: Urshifu|def|1\n|-unboost|p1b: Urshifu|spd|1\n|faint|p2a: Kingambit\n|move|p2b: Landorus|U-turn|p1a: Rillaboom\n|-supereffective|p1a: Rillaboom\n|-crit|p1a: Rillaboom\n|-damage|p1a: Rillaboom|14\/100\n|\n|t:|1696647737\n|switch|p2b: Volcanion|Volcanion|100\/100|[from] U-turn\n|-damage|p2b: Volcanion|75\/100|[from] Stealth Rock\n|-status|p2b: Volcanion|psn\n|\n|-heal|p1b: Urshifu|100\/100|[from] Grassy Terrain\n|-heal|p1a: Rillaboom|20\/100|[from] Grassy Terrain\n|-heal|p2b: Volcanion|82\/100 psn|[from] Grassy Terrain\n|-damage|p2b: Volcanion|69\/100 psn|[from] psn\n|upkeep\n|\n|t:|1696647740\n|switch|p2a: Landorus|Landorus-Therian, M|59\/100\n|-damage|p2a: Landorus|47\/100|[from] Stealth Rock\n|-ability|p2a: Landorus|Intimidate|boost\n|-unboost|p1a: Rillaboom|atk|1\n|-unboost|p1b: Urshifu|atk|1\n|turn|16\n|inactive|Akaru Kokuyo\u3075\u308f has 270 seconds left.\n|\n|t:|1696647750\n|-terastallize|p2b: Volcanion|Grass\n|move|p1a: Rillaboom|Grassy Glide|p2b: Volcanion\n|-resisted|p2b: Volcanion\n|-damage|p2b: Volcanion|59\/100 psn\n|move|p1b: Urshifu|Close Combat|p2b: Volcanion\n|-damage|p2b: Volcanion|19\/100 psn\n|-unboost|p1b: Urshifu|def|1\n|-unboost|p1b: Urshifu|spd|1\n|move|p2a: Landorus|Stomping Tantrum|p1b: Urshifu\n|-damage|p1b: Urshifu|19\/100\n|move|p2b: Volcanion|Heat Wave|p1a: Rillaboom|[spread] p1b\n|-miss|p2b: Volcanion|p1a: Rillaboom\n|-resisted|p1b: Urshifu\n|-damage|p1b: Urshifu|0 fnt\n|faint|p1b: Urshifu\n|\n|-heal|p1a: Rillaboom|26\/100|[from] Grassy Terrain\n|-heal|p2b: Volcanion|25\/100 psn|[from] Grassy Terrain\n|-damage|p2b: Volcanion|13\/100 psn|[from] psn\n|-fieldend|move: Grassy Terrain\n|upkeep\n|turn|17\n|\n|t:|1696647764\n|move|p2a: Landorus|U-turn|p1a: Rillaboom\n|-supereffective|p1a: Rillaboom\n|-crit|p1a: Rillaboom\n|-damage|p1a: Rillaboom|0 fnt\n|faint|p1a: Rillaboom\n|\n|win|Akaru Kokuyo\u3075\u308f\n|c|\u2606Akaru Kokuyo\u3075\u308f|gg\n|c|\u2606theyummybagel|gg\n","uploadtime":1696647765,"views":107,"p1id":"theyummybagel","p2id":"akarukokuyo","formatid":"gen9nationaldexdoubles","rating":0,"private":0,"password":""}