{"id":"smogtours-gen9nationaldexdoubles-724293","p1":"Spurrific","p2":"zee","format":"[Gen 9] National Dex Doubles","log":"|inactive|Battle timer is ON: inactive players will automatically lose when time's up.\n|t:|1697415517\n|gametype|doubles\n|player|p1|Spurrific|#scl2dynamos|\n|player|p2|zee|#scl3gible2|\n|teamsize|p1|6\n|teamsize|p2|6\n|gen|9\n|tier|[Gen 9] National Dex Doubles\n|rule|HP Percentage Mod: HP is shown in percentages\n|rule|Endless Battle Clause: Forcing endless battles is banned\n|rule|OHKO Clause: OHKO moves are banned\n|rule|Evasion Moves Clause: Evasion moves are banned\n|rule|Evasion Abilities Clause: Evasion abilities are banned\n|rule|Species Clause: Limit one of each Pok\u00e9mon\n|rule|Gravity Sleep Clause: The combination of sleep-inducing moves with imperfect accuracy and Gravity or Gigantamax Orbeetle are banned\n|clearpoke\n|poke|p1|Iron Hands|\n|poke|p1|Indeedee-F, F|\n|poke|p1|Gardevoir, F|\n|poke|p1|Ogerpon-Hearthflame, F|\n|poke|p1|Flutter Mane|\n|poke|p1|Kyurem-Black|\n|poke|p2|Tapu Fini|\n|poke|p2|Salamence, M|\n|poke|p2|Marshadow|\n|poke|p2|Rillaboom, M|\n|poke|p2|Zeraora|\n|poke|p2|Kingambit, F|\n|teampreview\n|c|\u2606zee|hf\n|c|\u2606Spurrific|u2\n|inactive|Spurrific has 270 seconds left.\n|inactive|zee has 270 seconds left.\n|inactive|Spurrific has 240 seconds left.\n|\n|t:|1697415601\n|start\n|switch|p1a: Gardevoir|Gardevoir, F, shiny|100\/100\n|switch|p1b: Ogerpon|Ogerpon-Hearthflame, F|100\/100\n|switch|p2a: Zeraora|Zeraora|100\/100\n|switch|p2b: Kingambit|Kingambit, F|100\/100\n|-ability|p1b: Ogerpon|Mold Breaker\n|turn|1\n|inactive|zee has 270 seconds left.\n|\n|t:|1697415635\n|switch|p2b: Salamence|Salamence, M|100\/100\n|-ability|p2b: Salamence|Intimidate|boost\n|-unboost|p1a: Gardevoir|atk|1\n|-unboost|p1b: Ogerpon|atk|1\n|switch|p1a: Indeedee|Indeedee-F, F|100\/100\n|-fieldstart|move: Psychic Terrain|[from] ability: Psychic Surge|[of] p1a: Indeedee\n|-zpower|p2a: Zeraora\n|move|p2a: Zeraora|Gigavolt Havoc|p1a: Indeedee|[zeffect]\n|-damage|p1a: Indeedee|0 fnt\n|faint|p1a: Indeedee\n|move|p1b: Ogerpon|Ivy Cudgel|p2b: Salamence\n|-resisted|p2b: Salamence\n|-damage|p2b: Salamence|80\/100\n|\n|upkeep\n|\n|t:|1697415642\n|switch|p1a: Gardevoir|Gardevoir, F, shiny|100\/100\n|turn|2\n|\n|t:|1697415666\n|detailschange|p2b: Salamence|Salamence-Mega, M\n|-mega|p2b: Salamence|Salamence|Salamencite\n|detailschange|p1a: Gardevoir|Gardevoir-Mega, F, shiny\n|-mega|p1a: Gardevoir|Gardevoir|Gardevoirite\n|move|p1b: Ogerpon|Follow Me|p1b: Ogerpon\n|-singleturn|p1b: Ogerpon|move: Follow Me\n|move|p2a: Zeraora|Plasma Fists|p1b: Ogerpon\n|-resisted|p1b: Ogerpon\n|-damage|p1b: Ogerpon|73\/100\n|-fieldactivate|move: Ion Deluge\n|-hint|Normal-type moves become Electric-type after using Plasma Fists.\n|move|p2b: Salamence|Return|p1b: Ogerpon\n|-supereffective|p1b: Ogerpon\n|-damage|p1b: Ogerpon|0 fnt\n|faint|p1b: Ogerpon\n|move|p1a: Gardevoir|Hyper Voice|p2a: Zeraora|[spread] p2a,p2b\n|-supereffective|p2b: Salamence\n|-damage|p2a: Zeraora|29\/100\n|-damage|p2b: Salamence|0 fnt\n|faint|p2b: Salamence\n|\n|upkeep\n|\n|t:|1697415695\n|switch|p2b: Tapu Fini|Tapu Fini|100\/100\n|switch|p1b: Kyurem|Kyurem-Black|100\/100\n|-fieldstart|move: Misty Terrain|[from] ability: Misty Surge|[of] p2b: Tapu Fini\n|-ability|p1b: Kyurem|Teravolt\n|turn|3\n|\n|t:|1697415718\n|move|p2a: Zeraora|Low Kick|p1b: Kyurem\n|-supereffective|p1b: Kyurem\n|-damage|p1b: Kyurem|57\/100\n|move|p2b: Tapu Fini|Nature's Madness|p1a: Gardevoir\n|-damage|p1a: Gardevoir|50\/100\n|move|p1b: Kyurem|Fusion Bolt|p2b: Tapu Fini\n|-supereffective|p2b: Tapu Fini\n|-damage|p2b: Tapu Fini|53\/100\n|move|p1a: Gardevoir|Trick Room|p1a: Gardevoir\n|-fieldstart|move: Trick Room|[of] p1a: Gardevoir\n|\n|upkeep\n|turn|4\n|\n|t:|1697415747\n|switch|p1b: Iron Hands|Iron Hands|100\/100\n|switch|p2a: Kingambit|Kingambit, F|100\/100\n|move|p1a: Gardevoir|Hyper Voice|p2a: Kingambit|[spread] p2a,p2b\n|-damage|p2a: Kingambit|60\/100\n|-damage|p2b: Tapu Fini|10\/100\n|-enditem|p2b: Tapu Fini|Sitrus Berry|[eat]\n|-heal|p2b: Tapu Fini|35\/100|[from] item: Sitrus Berry\n|move|p2b: Tapu Fini|Moonblast|p1b: Iron Hands\n|-supereffective|p1b: Iron Hands\n|-damage|p1b: Iron Hands|52\/100\n|\n|upkeep\n|turn|5\n|inactive|zee has 270 seconds left.\n|\n|t:|1697415794\n|switch|p1a: Kyurem|Kyurem-Black|57\/100\n|-ability|p1a: Kyurem|Teravolt\n|switch|p2b: Rillaboom|Rillaboom, M|100\/100\n|-fieldstart|move: Grassy Terrain|[from] ability: Grassy Surge|[of] p2b: Rillaboom\n|-terastallize|p2a: Kingambit|Fairy\n|move|p1b: Iron Hands|Swords Dance|p1b: Iron Hands\n|-boost|p1b: Iron Hands|atk|2\n|move|p2a: Kingambit|Tera Blast|p1a: Kyurem|[anim] Tera Blast Fairy\n|-supereffective|p1a: Kyurem\n|-damage|p1a: Kyurem|6\/100\n|\n|-heal|p1b: Iron Hands|59\/100|[from] Grassy Terrain\n|-heal|p2a: Kingambit|66\/100|[from] Grassy Terrain\n|-heal|p1a: Kyurem|12\/100|[from] Grassy Terrain\n|upkeep\n|turn|6\n|inactive|zee has 270 seconds left.\n|\n|t:|1697415827\n|switch|p2a: Zeraora|Zeraora|29\/100\n|move|p1b: Iron Hands|Protect|p1b: Iron Hands\n|-singleturn|p1b: Iron Hands|Protect\n|move|p1a: Kyurem|Ice Beam|p2b: Rillaboom\n|-supereffective|p2b: Rillaboom\n|-damage|p2b: Rillaboom|45\/100\n|move|p2b: Rillaboom|U-turn|p1a: Kyurem\n|-damage|p1a: Kyurem|0 fnt\n|faint|p1a: Kyurem\n|\n|t:|1697415838\n|switch|p2b: Marshadow|Marshadow|100\/100|[from] U-turn\n|\n|-heal|p1b: Iron Hands|65\/100|[from] Grassy Terrain\n|-heal|p2a: Zeraora|35\/100|[from] Grassy Terrain\n|upkeep\n|\n|t:|1697415841\n|switch|p1a: Gardevoir|Gardevoir-Mega, F, shiny|50\/100\n|turn|7\n|\n|t:|1697415849\n|move|p2a: Zeraora|Fake Out|p1b: Iron Hands\n|-damage|p1b: Iron Hands|57\/100\n|move|p2b: Marshadow|Shadow Sneak|p1a: Gardevoir\n|-supereffective|p1a: Gardevoir\n|-damage|p1a: Gardevoir|0 fnt\n|faint|p1a: Gardevoir\n|-damage|p2b: Marshadow|91\/100|[from] item: Life Orb\n|cant|p1b: Iron Hands|flinch\n|\n|-heal|p1b: Iron Hands|63\/100|[from] Grassy Terrain\n|-heal|p2b: Marshadow|97\/100|[from] Grassy Terrain\n|-heal|p2a: Zeraora|41\/100|[from] Grassy Terrain\n|-fieldend|move: Trick Room\n|upkeep\n|\n|t:|1697415853\n|switch|p1a: Flutter Mane|Flutter Mane|100\/100\n|-enditem|p1a: Flutter Mane|Booster Energy\n|-activate|p1a: Flutter Mane|ability: Protosynthesis|[fromitem]\n|-start|p1a: Flutter Mane|protosynthesisspe\n|turn|8\n|\n|t:|1697415859\n|-terastallize|p1a: Flutter Mane|Fairy\n|move|p2b: Marshadow|Protect|p2b: Marshadow\n|-singleturn|p2b: Marshadow|Protect\n|move|p1a: Flutter Mane|Dazzling Gleam|p2a: Zeraora|[spread] p2a\n|-activate|p2b: Marshadow|move: Protect\n|-damage|p2a: Zeraora|0 fnt\n|faint|p2a: Zeraora\n|move|p1b: Iron Hands|Drain Punch|p2b: Marshadow\n|-activate|p2b: Marshadow|move: Protect\n|\n|-heal|p2b: Marshadow|100\/100|[from] Grassy Terrain\n|-heal|p1b: Iron Hands|70\/100|[from] Grassy Terrain\n|upkeep\n|\n|t:|1697415871\n|switch|p2a: Rillaboom|Rillaboom, M|45\/100\n|turn|9\n|\n|t:|1697415874\n|move|p1a: Flutter Mane|Protect|p1a: Flutter Mane\n|-singleturn|p1a: Flutter Mane|Protect\n|move|p1b: Iron Hands|Protect|p1b: Iron Hands\n|-singleturn|p1b: Iron Hands|Protect\n|move|p2a: Rillaboom|Fake Out|p1a: Flutter Mane\n|-activate|p1a: Flutter Mane|move: Protect\n|move|p2b: Marshadow|Spectral Thief|p1b: Iron Hands\n|-activate|p1b: Iron Hands|move: Protect\n|\n|-heal|p2a: Rillaboom|51\/100|[from] Grassy Terrain\n|-heal|p1b: Iron Hands|76\/100|[from] Grassy Terrain\n|-fieldend|move: Grassy Terrain\n|upkeep\n|turn|10\n|\n|t:|1697415892\n|switch|p2a: Tapu Fini|Tapu Fini|35\/100\n|-fieldstart|move: Misty Terrain|[from] ability: Misty Surge|[of] p2a: Tapu Fini\n|move|p2b: Marshadow|Protect|p2b: Marshadow\n|-singleturn|p2b: Marshadow|Protect\n|move|p1a: Flutter Mane|Dazzling Gleam|p2b: Marshadow|[spread] p2a\n|-activate|p2b: Marshadow|move: Protect\n|-damage|p2a: Tapu Fini|4\/100\n|move|p1b: Iron Hands|Drain Punch|p2a: Tapu Fini\n|-resisted|p2a: Tapu Fini\n|-damage|p2a: Tapu Fini|0 fnt\n|-heal|p1b: Iron Hands|77\/100|[from] drain|[of] p2a: Tapu Fini\n|faint|p2a: Tapu Fini\n|\n|upkeep\n|\n|t:|1697415904\n|switch|p2a: Rillaboom|Rillaboom, M|51\/100\n|-fieldstart|move: Grassy Terrain|[from] ability: Grassy Surge|[of] p2a: Rillaboom\n|turn|11\n|\n|t:|1697415919\n|move|p1a: Flutter Mane|Protect|p1a: Flutter Mane\n|-singleturn|p1a: Flutter Mane|Protect\n|move|p1b: Iron Hands|Protect|p1b: Iron Hands\n|-singleturn|p1b: Iron Hands|Protect\n|move|p2a: Rillaboom|Fake Out|p1a: Flutter Mane\n|-activate|p1a: Flutter Mane|move: Protect\n|move|p2b: Marshadow|Spectral Thief|p1b: Iron Hands\n|-activate|p1b: Iron Hands|move: Protect\n|\n|-heal|p2a: Rillaboom|57\/100|[from] Grassy Terrain\n|-heal|p1b: Iron Hands|84\/100|[from] Grassy Terrain\n|upkeep\n|turn|12\n|\n|t:|1697415948\n|move|p2b: Marshadow|Shadow Sneak|p1a: Flutter Mane\n|-damage|p1a: Flutter Mane|26\/100\n|-damage|p2b: Marshadow|91\/100|[from] item: Life Orb\n|move|p2a: Rillaboom|Grassy Glide|p1a: Flutter Mane\n|-damage|p1a: Flutter Mane|0 fnt\n|faint|p1a: Flutter Mane\n|-end|p1a: Flutter Mane|Protosynthesis|[silent]\n|move|p1b: Iron Hands|Thunder Punch|p2b: Marshadow\n|-damage|p2b: Marshadow|0 fnt\n|faint|p2b: Marshadow\n|\n|-heal|p2a: Rillaboom|63\/100|[from] Grassy Terrain\n|-heal|p1b: Iron Hands|90\/100|[from] Grassy Terrain\n|upkeep\n|\n|t:|1697415959\n|switch|p2b: Kingambit|Kingambit, F, tera:Fairy|66\/100\n|turn|13\n|\n|t:|1697415964\n|move|p1b: Iron Hands|Protect|p1b: Iron Hands\n|-singleturn|p1b: Iron Hands|Protect\n|move|p2a: Rillaboom|High Horsepower|p1b: Iron Hands\n|-activate|p1b: Iron Hands|move: Protect\n|move|p2b: Kingambit|Tera Blast|p1b: Iron Hands|[anim] Tera Blast Fairy\n|-activate|p1b: Iron Hands|move: Protect\n|\n|-heal|p2a: Rillaboom|70\/100|[from] Grassy Terrain\n|-heal|p2b: Kingambit|73\/100|[from] Grassy Terrain\n|-heal|p1b: Iron Hands|96\/100|[from] Grassy Terrain\n|upkeep\n|turn|14\n|\n|t:|1697415968\n|move|p2a: Rillaboom|High Horsepower|p1b: Iron Hands\n|-supereffective|p1b: Iron Hands\n|-damage|p1b: Iron Hands|54\/100\n|move|p2b: Kingambit|Tera Blast|p1b: Iron Hands|[anim] Tera Blast Fairy\n|-supereffective|p1b: Iron Hands\n|-damage|p1b: Iron Hands|0 fnt\n|faint|p1b: Iron Hands\n|-end|p1b: Iron Hands|Quark Drive|[silent]\n|\n|win|zee\n|c|\u2606Spurrific|gg\n|c|\u2606zee|gg\n","uploadtime":1697415969,"views":68,"p1id":"spurrific","p2id":"zee","formatid":"gen9nationaldexdoubles","rating":0,"private":0,"password":""}