{"id":"smogtours-gen9nationaldexdoubles-732562","p1":"xqiht","p2":"ratpacker","format":"[Gen 9] National Dex Doubles","log":"|inactive|Battle timer is ON: inactive players will automatically lose when time's up.\n|t:|1700991714\n|gametype|doubles\n|player|p1|xqiht|#scl3shoguns|\n|player|p2|ratpacker|twins|\n|teamsize|p1|6\n|teamsize|p2|6\n|gen|9\n|tier|[Gen 9] National Dex Doubles\n|rule|HP Percentage Mod: HP is shown in percentages\n|rule|Endless Battle Clause: Forcing endless battles is banned\n|rule|OHKO Clause: OHKO moves are banned\n|rule|Evasion Moves Clause: Evasion moves are banned\n|rule|Evasion Abilities Clause: Evasion abilities are banned\n|rule|Species Clause: Limit one of each Pok\u00e9mon\n|rule|Gravity Sleep Clause: The combination of sleep-inducing moves with imperfect accuracy and Gravity or Gigantamax Orbeetle are banned\n|clearpoke\n|poke|p1|Charizard, F|\n|poke|p1|Kingambit, M|\n|poke|p1|Flutter Mane|\n|poke|p1|Zygarde|\n|poke|p1|Rillaboom, M|\n|poke|p1|Ogerpon-Hearthflame, F|\n|poke|p2|Zamazenta-*|\n|poke|p2|Salamence, F|\n|poke|p2|Rillaboom, F|\n|poke|p2|Chi-Yu|\n|poke|p2|Flutter Mane|\n|poke|p2|Glimmora, F|\n|teampreview\n|c|\u2606xqiht|glhf\n|c|\u2606ratpacker|glhf\n|inactive|xqiht has 270 seconds left.\n|inactive|ratpacker has 270 seconds left.\n|inactive|ratpacker has 240 seconds left.\n|inactive|ratpacker has 210 seconds left.\n|c|\u2606xqiht|r u on\uff1f\n|c|\u2606ratpacker|y\n|inactive|ratpacker has 180 seconds left.\n|\n|t:|1700991840\n|start\n|switch|p1a: Flutter Mane|Flutter Mane|100\/100\n|switch|p1b: Charizard|Charizard, F|100\/100\n|switch|p2a: MOTHER FLAME|Flutter Mane|100\/100\n|switch|p2b: DIAMOND EYES|Chi-Yu|100\/100\n|-ability|p2b: DIAMOND EYES|Beads of Ruin\n|-enditem|p2a: MOTHER FLAME|Booster Energy\n|-activate|p2a: MOTHER FLAME|ability: Protosynthesis|[fromitem]\n|-start|p2a: MOTHER FLAME|protosynthesisspe\n|turn|1\n|inactive|ratpacker has 240 seconds left.\n|inactive|xqiht has 270 seconds left.\n|\n|t:|1700991889\n|detailschange|p1b: Charizard|Charizard-Mega-Y, F\n|-mega|p1b: Charizard|Charizard|Charizardite Y\n|-weather|SunnyDay|[from] ability: Drought|[of] p1b: Charizard\n|-activate|p1a: Flutter Mane|ability: Protosynthesis\n|-start|p1a: Flutter Mane|protosynthesisspe\n|move|p1b: Charizard|Protect|p1b: Charizard\n|-singleturn|p1b: Charizard|Protect\n|move|p1a: Flutter Mane|Icy Wind|p2b: DIAMOND EYES|[spread] p2a,p2b\n|-resisted|p2b: DIAMOND EYES\n|-damage|p2a: MOTHER FLAME|81\/100\n|-damage|p2b: DIAMOND EYES|95\/100\n|-unboost|p2a: MOTHER FLAME|spe|1\n|-unboost|p2b: DIAMOND EYES|spe|1\n|move|p2a: MOTHER FLAME|Icy Wind|p1a: Flutter Mane|[spread] p1a\n|-activate|p1b: Charizard|move: Protect\n|-damage|p1a: Flutter Mane|85\/100\n|-unboost|p1a: Flutter Mane|spe|1\n|move|p2b: DIAMOND EYES|Heat Wave|p1a: Flutter Mane|[spread] p1a\n|-activate|p1b: Charizard|move: Protect\n|-damage|p1a: Flutter Mane|11\/100\n|\n|-weather|SunnyDay|[upkeep]\n|upkeep\n|turn|2\n|inactive|ratpacker has 240 seconds left.\n|\n|t:|1700991911\n|move|p2a: MOTHER FLAME|Protect|p2a: MOTHER FLAME\n|-singleturn|p2a: MOTHER FLAME|Protect\n|move|p1a: Flutter Mane|Icy Wind|p2b: DIAMOND EYES|[spread] \n|-activate|p2a: MOTHER FLAME|move: Protect\n|-miss|p1a: Flutter Mane|p2b: DIAMOND EYES\n|move|p1b: Charizard|Heat Wave|p2b: DIAMOND EYES|[spread] p2b\n|-activate|p2a: MOTHER FLAME|move: Protect\n|-resisted|p2b: DIAMOND EYES\n|-damage|p2b: DIAMOND EYES|75\/100\n|move|p2b: DIAMOND EYES|Snarl|p1b: Charizard|[spread] p1a,p1b\n|-damage|p1a: Flutter Mane|0 fnt\n|-damage|p1b: Charizard|72\/100\n|-unboost|p1b: Charizard|spa|1\n|faint|p1a: Flutter Mane\n|-end|p1a: Flutter Mane|Protosynthesis|[silent]\n|\n|-weather|SunnyDay|[upkeep]\n|upkeep\n|inactive|xqiht has 270 seconds left.\n|\n|t:|1700991935\n|switch|p1a: Zygarde|Zygarde|100\/100\n|-ability|p1a: Zygarde|Aura Break\n|turn|3\n|\n|t:|1700991948\n|move|p1a: Zygarde|Protect|p1a: Zygarde\n|-singleturn|p1a: Zygarde|Protect\n|move|p2a: MOTHER FLAME|Icy Wind|p1b: Charizard|[spread] p1b\n|-activate|p1a: Zygarde|move: Protect\n|-damage|p1b: Charizard|54\/100\n|-unboost|p1b: Charizard|spe|1\n|move|p1b: Charizard|Tailwind|p1b: Charizard\n|-sidestart|p1: xqiht|move: Tailwind\n|move|p2b: DIAMOND EYES|Dark Pulse|p1a: Zygarde\n|-activate|p1a: Zygarde|move: Protect\n|\n|-weather|SunnyDay|[upkeep]\n|upkeep\n|turn|4\n|inactive|ratpacker has 270 seconds left.\n|inactive|xqiht has 270 seconds left.\n|inactive|ratpacker has 240 seconds left.\n|inactive|xqiht has 240 seconds left.\n|\n|t:|1700992010\n|switch|p2b: LEELA|Glimmora, F|100\/100\n|-terastallize|p1a: Zygarde|Normal\n|move|p1a: Zygarde|Thousand Arrows|p2a: MOTHER FLAME|[spread] p2a,p2b\n|-supereffective|p2b: LEELA\n|-damage|p2a: MOTHER FLAME|24\/100\n|-enditem|p2b: LEELA|Focus Sash\n|-damage|p2b: LEELA|1\/100\n|-activate|p2b: LEELA|ability: Toxic Debris\n|-sidestart|p1: xqiht|move: Toxic Spikes\n|move|p1b: Charizard|Heat Wave|p2b: LEELA|[spread] p2a,p2b\n|-resisted|p2b: LEELA\n|-damage|p2a: MOTHER FLAME|0 fnt\n|-damage|p2b: LEELA|0 fnt\n|faint|p2a: MOTHER FLAME\n|-end|p2a: MOTHER FLAME|Protosynthesis|[silent]\n|faint|p2b: LEELA\n|\n|-weather|SunnyDay|[upkeep]\n|upkeep\n|inactive|ratpacker has 210 seconds left.\n|inactive|ratpacker has 180 seconds left.\n|inactive|ratpacker has 150 seconds left.\n|\n|t:|1700992102\n|switch|p2a: NOUGATINE|Salamence, F|100\/100\n|switch|p2b: UK CENTRAL|Rillaboom, F|100\/100\n|-ability|p2a: NOUGATINE|Intimidate|boost\n|-fail|p1a: Zygarde|unboost|[from] item: Clear Amulet|[of] p1a: Zygarde\n|-unboost|p1b: Charizard|atk|1\n|-fieldstart|move: Grassy Terrain|[from] ability: Grassy Surge|[of] p2b: UK CENTRAL\n|turn|5\n|\n|t:|1700992112\n|switch|p1b: Kingambit|Kingambit, M|100\/100\n|detailschange|p2a: NOUGATINE|Salamence-Mega, F\n|-mega|p2a: NOUGATINE|Salamence|Salamencite\n|move|p1a: Zygarde|Dragon Dance|p1a: Zygarde\n|-boost|p1a: Zygarde|atk|1\n|-boost|p1a: Zygarde|spe|1\n|move|p2a: NOUGATINE|Tailwind|p2a: NOUGATINE\n|-sidestart|p2: ratpacker|move: Tailwind\n|move|p2b: UK CENTRAL|U-turn|p1b: Kingambit\n|-damage|p1b: Kingambit|84\/100\n|\n|t:|1700992120\n|switch|p2b: RATCRACKER FRIES|Zamazenta|100\/100|[from] U-turn\n|-ability|p2b: RATCRACKER FRIES|Dauntless Shield|boost\n|-boost|p2b: RATCRACKER FRIES|def|1\n|\n|-weather|none\n|-heal|p1b: Kingambit|90\/100|[from] Grassy Terrain\n|upkeep\n|turn|6\n|inactive|ratpacker has 180 seconds left.\n|\n|t:|1700992141\n|move|p1a: Zygarde|Thousand Arrows|p2a: NOUGATINE|[spread] p2a,p2b\n|-damage|p2a: NOUGATINE|58\/100\n|-damage|p2b: RATCRACKER FRIES|74\/100\n|-start|p2a: NOUGATINE|Smack Down\n|move|p2b: RATCRACKER FRIES|Iron Defense|p2b: RATCRACKER FRIES\n|-boost|p2b: RATCRACKER FRIES|def|2\n|move|p2a: NOUGATINE|Hyper Voice|p1b: Kingambit|[spread] p1a,p1b\n|-resisted|p1b: Kingambit\n|-damage|p1a: Zygarde|65\/100\n|-damage|p1b: Kingambit|78\/100\n|move|p1b: Kingambit|Knock Off|p2b: RATCRACKER FRIES\n|-resisted|p2b: RATCRACKER FRIES\n|-crit|p2b: RATCRACKER FRIES\n|-damage|p2b: RATCRACKER FRIES|38\/100\n|-enditem|p2b: RATCRACKER FRIES|Leftovers|[from] move: Knock Off|[of] p1b: Kingambit\n|\n|-heal|p1a: Zygarde|71\/100|[from] Grassy Terrain\n|-heal|p2b: RATCRACKER FRIES|44\/100|[from] Grassy Terrain\n|-heal|p2a: NOUGATINE|64\/100|[from] Grassy Terrain\n|-heal|p1b: Kingambit|85\/100|[from] Grassy Terrain\n|-sideend|p1: xqiht|move: Tailwind\n|upkeep\n|turn|7\n|inactive|ratpacker has 180 seconds left.\n|inactive|xqiht has 270 seconds left.\n|\n|t:|1700992182\n|move|p1a: Zygarde|Protect|p1a: Zygarde\n|-singleturn|p1a: Zygarde|Protect\n|move|p1b: Kingambit|Sucker Punch|p2a: NOUGATINE\n|-damage|p2a: NOUGATINE|26\/100\n|move|p2b: RATCRACKER FRIES|Body Press|p1a: Zygarde\n|-activate|p1a: Zygarde|move: Protect\n|move|p2a: NOUGATINE|Hyper Voice|p1a: Zygarde|[spread] p1b\n|-activate|p1a: Zygarde|move: Protect\n|-resisted|p1b: Kingambit\n|-damage|p1b: Kingambit|74\/100\n|\n|-heal|p2b: RATCRACKER FRIES|50\/100|[from] Grassy Terrain\n|-heal|p2a: NOUGATINE|32\/100|[from] Grassy Terrain\n|-heal|p1a: Zygarde|77\/100|[from] Grassy Terrain\n|-heal|p1b: Kingambit|80\/100|[from] Grassy Terrain\n|upkeep\n|turn|8\n|inactive|ratpacker has 180 seconds left.\n|inactive|xqiht has 270 seconds left.\n|inactive|ratpacker has 150 seconds left.\n|inactive|ratpacker has 120 seconds left.\n|\n|t:|1700992274\n|move|p2a: NOUGATINE|Protect|p2a: NOUGATINE\n|-singleturn|p2a: NOUGATINE|Protect\n|move|p1a: Zygarde|Extreme Speed|p2a: NOUGATINE\n|-activate|p2a: NOUGATINE|move: Protect\n|move|p2b: RATCRACKER FRIES|Body Press|p1a: Zygarde\n|-supereffective|p1a: Zygarde\n|-damage|p1a: Zygarde|0 fnt\n|faint|p1a: Zygarde\n|move|p1b: Kingambit|Iron Head|p2b: RATCRACKER FRIES\n|-damage|p2b: RATCRACKER FRIES|36\/100\n|\n|-heal|p2b: RATCRACKER FRIES|42\/100|[from] Grassy Terrain\n|-heal|p2a: NOUGATINE|38\/100|[from] Grassy Terrain\n|-heal|p1b: Kingambit|87\/100|[from] Grassy Terrain\n|-sideend|p2: ratpacker|move: Tailwind\n|upkeep\n|inactive|xqiht has 270 seconds left.\n|\n|t:|1700992286\n|switch|p1a: Charizard|Charizard-Mega-Y, F|54\/100\n|-weather|SunnyDay|[from] ability: Drought|[of] p1a: Charizard\n|turn|9\n|inactive|ratpacker has 120 seconds left.\n|inactive|ratpacker has 90 seconds left.\n|\n|t:|1700992348\n|move|p1a: Charizard|Protect|p1a: Charizard\n|-singleturn|p1a: Charizard|Protect\n|move|p1b: Kingambit|Sucker Punch||[still]\n|-fail|p1b: Kingambit\n|move|p2b: RATCRACKER FRIES|Body Press|p1b: Kingambit\n|-supereffective|p1b: Kingambit\n|-damage|p1b: Kingambit|0 fnt\n|faint|p1b: Kingambit\n|move|p2a: NOUGATINE|Tailwind|p2a: NOUGATINE\n|-sidestart|p2: ratpacker|move: Tailwind\n|\n|-weather|SunnyDay|[upkeep]\n|-heal|p2b: RATCRACKER FRIES|48\/100|[from] Grassy Terrain\n|-heal|p2a: NOUGATINE|44\/100|[from] Grassy Terrain\n|-fieldend|move: Grassy Terrain\n|upkeep\n|\n|t:|1700992361\n|switch|p1b: Rillaboom|Rillaboom, M|100\/100\n|-status|p1b: Rillaboom|psn\n|-fieldstart|move: Grassy Terrain|[from] ability: Grassy Surge|[of] p1b: Rillaboom\n|turn|10\n|inactive|ratpacker has 90 seconds left.\n|\n|t:|1700992377\n|move|p1b: Rillaboom|Fake Out|p2a: NOUGATINE\n|-damage|p2a: NOUGATINE|29\/100\n|move|p2b: RATCRACKER FRIES|Body Press|p1a: Charizard\n|-resisted|p1a: Charizard\n|-damage|p1a: Charizard|0 fnt\n|faint|p1a: Charizard\n|cant|p2a: NOUGATINE|flinch\n|\n|-weather|SunnyDay|[upkeep]\n|-heal|p2b: RATCRACKER FRIES|55\/100|[from] Grassy Terrain\n|-heal|p2a: NOUGATINE|35\/100|[from] Grassy Terrain\n|-damage|p1b: Rillaboom|88\/100 psn|[from] psn\n|upkeep\n|c|\u2606xqiht|gg\n|c|\u2606ratpacker|gg\n|-message|xqiht forfeited.\n|\n|win|ratpacker\n","uploadtime":1700992395,"views":33,"p1id":"xqiht","p2id":"ratpacker","formatid":"gen9nationaldexdoubles","rating":0,"private":0,"password":""}