{"id":"smogtours-gen9nationaldexdoubles-731322","p1":"Demonlord_001","p2":"JesterArtisticBoi","format":"[Gen 9] National Dex Doubles","log":"|inactive|Battle timer is ON: inactive players will automatically lose when time's up.\n|t:|1700346840\n|gametype|doubles\n|player|p1|Demonlord_001|n|\n|player|p2|JesterArtisticBoi|rocketgrunt|\n|teamsize|p1|6\n|teamsize|p2|6\n|gen|9\n|tier|[Gen 9] National Dex Doubles\n|rule|HP Percentage Mod: HP is shown in percentages\n|rule|Endless Battle Clause: Forcing endless battles is banned\n|rule|OHKO Clause: OHKO moves are banned\n|rule|Evasion Moves Clause: Evasion moves are banned\n|rule|Evasion Abilities Clause: Evasion abilities are banned\n|rule|Species Clause: Limit one of each Pok\u00e9mon\n|rule|Gravity Sleep Clause: The combination of sleep-inducing moves with imperfect accuracy and Gravity or Gigantamax Orbeetle are banned\n|clearpoke\n|poke|p1|Grimmsnarl, M|\n|poke|p1|Snorlax, F|\n|poke|p1|Tornadus, M|\n|poke|p1|Lucario, F|\n|poke|p1|Indeedee-F, F|\n|poke|p1|Sableye, M|\n|poke|p2|Gengar, M|\n|poke|p2|Ursaluna, M|\n|poke|p2|Gardevoir, M|\n|poke|p2|Inteleon, M|\n|poke|p2|Meloetta|\n|poke|p2|Delphox, M|\n|teampreview\n|\n|t:|1700346849\n|start\n|switch|p1a: Grimmsnarl|Grimmsnarl, M|100\/100\n|switch|p1b: Snorlax|Snorlax, F|100\/100\n|switch|p2a: Gengar|Gengar, M|100\/100\n|switch|p2b: Delphox|Delphox, M, shiny|100\/100\n|turn|1\n|\n|t:|1700346861\n|move|p1a: Grimmsnarl|Metronome|p1a: Grimmsnarl\n|move|p1a: Grimmsnarl|Aromatic Mist|p1b: Snorlax|[from]move: Metronome\n|-boost|p1b: Snorlax|spd|1\n|move|p2b: Delphox|Metronome|p2b: Delphox\n|move|p2b: Delphox|Spacial Rend|p1b: Snorlax|[from]move: Metronome\n|-damage|p1b: Snorlax|87\/100\n|move|p2a: Gengar|Metronome|p2a: Gengar\n|move|p2a: Gengar|Aura Sphere|p1a: Grimmsnarl|[from]move: Metronome\n|-damage|p1a: Grimmsnarl|67\/100\n|move|p1b: Snorlax|Metronome|p1b: Snorlax\n|move|p1b: Snorlax|Shadow Sneak|p2a: Gengar|[from]move: Metronome\n|-supereffective|p2a: Gengar\n|-damage|p2a: Gengar|70\/100\n|\n|upkeep\n|turn|2\n|\n|t:|1700346879\n|move|p1a: Grimmsnarl|Metronome|p1a: Grimmsnarl\n|move|p1a: Grimmsnarl|Tail Glow|p1a: Grimmsnarl|[from]move: Metronome\n|-boost|p1a: Grimmsnarl|spa|3\n|move|p2b: Delphox|Metronome|p2b: Delphox\n|move|p2b: Delphox|Esper Wing|p1b: Snorlax|[from]move: Metronome\n|-crit|p1b: Snorlax\n|-damage|p1b: Snorlax|49\/100\n|-boost|p2b: Delphox|spe|1\n|move|p2a: Gengar|Metronome|p2a: Gengar\n|move|p2a: Gengar|Chloroblast|p1a: Grimmsnarl|[from]move: Metronome\n|-damage|p1a: Grimmsnarl|7\/100\n|-damage|p2a: Gengar|20\/100|[from] Recoil\n|move|p1b: Snorlax|Metronome|p1b: Snorlax\n|move|p1b: Snorlax|X-Scissor|p2b: Delphox|[from]move: Metronome\n|-damage|p2b: Delphox|77\/100\n|\n|upkeep\n|turn|3\n|\n|t:|1700346901\n|move|p1a: Grimmsnarl|Metronome|p1a: Grimmsnarl\n|move|p1a: Grimmsnarl|Flamethrower|p2a: Gengar|[from]move: Metronome\n|-damage|p2a: Gengar|0 fnt\n|-start|p1a: Grimmsnarl|Disable|Metronome|[from] ability: Cursed Body|[of] p2a: Gengar\n|faint|p2a: Gengar\n|move|p2b: Delphox|Metronome|p2b: Delphox\n|move|p2b: Delphox|Quick Attack|p1a: Grimmsnarl|[from]move: Metronome\n|-damage|p1a: Grimmsnarl|0 fnt\n|faint|p1a: Grimmsnarl\n|move|p1b: Snorlax|Metronome|p1b: Snorlax\n|move|p1b: Snorlax|Poison Gas|p2b: Delphox|[from]move: Metronome\n|-status|p2b: Delphox|psn\n|\n|-damage|p2b: Delphox|64\/100 psn|[from] psn\n|upkeep\n|\n|t:|1700346922\n|switch|p2a: Gardevoir|Gardevoir, M, shiny|100\/100\n|switch|p1a: Lucario|Lucario, F|100\/100\n|turn|4\n|\n|t:|1700346929\n|move|p2b: Delphox|Metronome|p2b: Delphox\n|move|p2b: Delphox|Roar of Time|p1b: Snorlax|[from]move: Metronome\n|-crit|p1b: Snorlax\n|-damage|p1b: Snorlax|0 fnt\n|-mustrecharge|p2b: Delphox\n|faint|p1b: Snorlax\n|move|p1a: Lucario|Metronome|p1a: Lucario\n|move|p1a: Lucario|Razor Leaf|p2a: Gardevoir|[from]move: Metronome|[spread] p2a,p2b\n|-resisted|p2b: Delphox\n|-damage|p2a: Gardevoir|85\/100\n|-damage|p2b: Delphox|56\/100 psn\n|move|p2a: Gardevoir|Metronome|p2a: Gardevoir\n|move|p2a: Gardevoir|Spite|p1a: Lucario|[from]move: Metronome\n|-activate|p1a: Lucario|move: Spite|Metronome|4\n|\n|-damage|p2b: Delphox|44\/100 psn|[from] psn\n|upkeep\n|\n|t:|1700346948\n|switch|p1b: Indeedee|Indeedee-F, F|100\/100\n|-fieldstart|move: Psychic Terrain|[from] ability: Psychic Surge|[of] p1b: Indeedee\n|turn|5\n|\n|t:|1700346954\n|cant|p2b: Delphox|recharge\n|move|p1a: Lucario|Metronome|p1a: Lucario\n|move|p1a: Lucario|Curse|p1a: Lucario|[from]move: Metronome\n|-unboost|p1a: Lucario|spe|1\n|-boost|p1a: Lucario|atk|1\n|-boost|p1a: Lucario|def|1\n|move|p1b: Indeedee|Metronome|p1b: Indeedee\n|move|p1b: Indeedee|Ice Beam|p2a: Gardevoir|[from]move: Metronome\n|-damage|p2a: Gardevoir|64\/100\n|move|p2a: Gardevoir|Metronome|p2a: Gardevoir\n|move|p2a: Gardevoir|Recycle||[from]move: Metronome|[still]\n|-fail|p2a: Gardevoir\n|\n|-damage|p2b: Delphox|32\/100 psn|[from] psn\n|upkeep\n|turn|6\n|\n|t:|1700346973\n|move|p2b: Delphox|Metronome|p2b: Delphox\n|move|p2b: Delphox|X-Scissor|p1b: Indeedee|[from]move: Metronome\n|-supereffective|p1b: Indeedee\n|-damage|p1b: Indeedee|67\/100\n|move|p1b: Indeedee|Metronome|p1b: Indeedee\n|move|p1b: Indeedee|Poison Sting|p2b: Delphox|[from]move: Metronome\n|-damage|p2b: Delphox|29\/100 psn\n|move|p2a: Gardevoir|Metronome|p2a: Gardevoir\n|move|p2a: Gardevoir|Sand Tomb|p1b: Indeedee|[from]move: Metronome\n|-damage|p1b: Indeedee|60\/100\n|-activate|p1b: Indeedee|move: Sand Tomb|[of] p2a: Gardevoir\n|move|p1a: Lucario|Metronome|p1a: Lucario\n|move|p1a: Lucario|Overheat|p2a: Gardevoir|[from]move: Metronome|[miss]\n|-miss|p1a: Lucario|p2a: Gardevoir\n|\n|-damage|p2b: Delphox|17\/100 psn|[from] psn\n|-damage|p1b: Indeedee|48\/100|[from] move: Sand Tomb|[partiallytrapped]\n|upkeep\n|turn|7\n|\n|t:|1700346996\n|move|p2b: Delphox|Metronome|p2b: Delphox\n|move|p2b: Delphox|Drain Punch|p1a: Lucario|[from]move: Metronome\n|-supereffective|p1a: Lucario\n|-damage|p1a: Lucario|75\/100\n|-heal|p2b: Delphox|29\/100 psn|[from] drain|[of] p1a: Lucario\n|move|p1b: Indeedee|Metronome|p1b: Indeedee\n|move|p1b: Indeedee|Hammer Arm|p2b: Delphox|[from]move: Metronome\n|-resisted|p2b: Delphox\n|-damage|p2b: Delphox|21\/100 psn\n|-unboost|p1b: Indeedee|spe|1\n|move|p2a: Gardevoir|Metronome|p2a: Gardevoir\n|move|p2a: Gardevoir|Moonblast|p1b: Indeedee|[from]move: Metronome\n|-damage|p1b: Indeedee|3\/100\n|move|p1a: Lucario|Metronome|p1a: Lucario\n|move|p1a: Lucario|Retaliate|p2a: Gardevoir|[from]move: Metronome\n|-damage|p2a: Gardevoir|22\/100\n|\n|-damage|p2b: Delphox|8\/100 psn|[from] psn\n|-damage|p1b: Indeedee|0 fnt|[from] move: Sand Tomb|[partiallytrapped]\n|faint|p1b: Indeedee\n|upkeep\n|inactive|Demonlord_001 has 270 seconds left.\n|\n|t:|1700347023\n|switch|p1b: Tornadus|Tornadus, M|100\/100\n|turn|8\n|\n|t:|1700347029\n|move|p1b: Tornadus|Metronome|p1b: Tornadus\n|move|p1b: Tornadus|Psystrike|p2b: Delphox|[from]move: Metronome\n|-activate|p2b: Delphox|move: Psychic Terrain\n|move|p2b: Delphox|Metronome|p2b: Delphox\n|move|p2b: Delphox|Screech|p1a: Lucario|[from]move: Metronome\n|-unboost|p1a: Lucario|def|2\n|move|p2a: Gardevoir|Metronome|p2a: Gardevoir\n|move|p2a: Gardevoir|Knock Off|p1a: Lucario|[from]move: Metronome\n|-resisted|p1a: Lucario\n|-damage|p1a: Lucario|59\/100\n|-enditem|p1a: Lucario|Leppa Berry|[from] move: Knock Off|[of] p2a: Gardevoir\n|move|p1a: Lucario|Metronome|p1a: Lucario\n|move|p1a: Lucario|Rock Slide|p2b: Delphox|[from]move: Metronome|[spread] p2a,p2b\n|-supereffective|p2b: Delphox\n|-damage|p2a: Gardevoir|0 fnt\n|-damage|p2b: Delphox|0 fnt\n|faint|p2a: Gardevoir\n|faint|p2b: Delphox\n|\n|upkeep\n|\n|t:|1700347052\n|switch|p2b: Meloetta|Meloetta|100\/100\n|switch|p2a: Ursaluna|Ursaluna, M, shiny|100\/100\n|turn|9\n|\n|t:|1700347058\n|move|p1b: Tornadus|Metronome|p1b: Tornadus\n|move|p1b: Tornadus|Thunder Shock|p2a: Ursaluna|[from]move: Metronome\n|-activate|p2a: Ursaluna|move: Psychic Terrain\n|move|p2b: Meloetta|Metronome|p2b: Meloetta\n|move|p2b: Meloetta|Shell Smash|p2b: Meloetta|[from]move: Metronome\n|-unboost|p2b: Meloetta|def|1\n|-unboost|p2b: Meloetta|spd|1\n|-boost|p2b: Meloetta|atk|2\n|-boost|p2b: Meloetta|spa|2\n|-boost|p2b: Meloetta|spe|2\n|move|p2a: Ursaluna|Metronome|p2a: Ursaluna\n|move|p2a: Ursaluna|Acrobatics|p1a: Lucario|[from]move: Metronome\n|-damage|p1a: Lucario|24\/100\n|move|p1a: Lucario|Metronome|p1a: Lucario\n|move|p1a: Lucario|Scald|p2b: Meloetta|[from]move: Metronome\n|-damage|p2b: Meloetta|73\/100\n|\n|-fieldend|move: Psychic Terrain\n|upkeep\n|turn|10\n|\n|t:|1700347080\n|move|p1b: Tornadus|Metronome|p1b: Tornadus\n|move|p1b: Tornadus|Thunder Punch|p2a: Ursaluna|[from]move: Metronome\n|-immune|p2a: Ursaluna\n|move|p2b: Meloetta|Metronome|p2b: Meloetta\n|move|p2b: Meloetta|Sunny Day|p2b: Meloetta|[from]move: Metronome\n|-weather|SunnyDay\n|move|p2a: Ursaluna|Metronome|p2a: Ursaluna\n|move|p2a: Ursaluna|Powder Snow|p1a: Lucario|[from]move: Metronome|[spread] p1a,p1b\n|-resisted|p1a: Lucario\n|-supereffective|p1b: Tornadus\n|-damage|p1a: Lucario|20\/100\n|-damage|p1b: Tornadus|88\/100\n|move|p1a: Lucario|Metronome|p1a: Lucario\n|move|p1a: Lucario|Strength Sap|p2b: Meloetta|[from]move: Metronome\n|-unboost|p2b: Meloetta|atk|1\n|-heal|p1a: Lucario|100\/100\n|\n|-weather|SunnyDay|[upkeep]\n|upkeep\n|turn|11\n|\n|t:|1700347102\n|move|p1b: Tornadus|Metronome|p1b: Tornadus\n|move|p1b: Tornadus|Slash|p2a: Ursaluna|[from]move: Metronome\n|-crit|p2a: Ursaluna\n|-damage|p2a: Ursaluna|80\/100\n|move|p2b: Meloetta|Metronome|p2b: Meloetta\n|move|p2b: Meloetta|Darkest Lariat|p1a: Lucario|[from]move: Metronome\n|-resisted|p1a: Lucario\n|-damage|p1a: Lucario|84\/100\n|move|p2a: Ursaluna|Metronome|p2a: Ursaluna\n|move|p2a: Ursaluna|Cotton Spore|p1b: Tornadus|[from]move: Metronome|[spread] p1a,p1b\n|-unboost|p1a: Lucario|spe|2\n|-unboost|p1b: Tornadus|spe|2\n|move|p1a: Lucario|Metronome|p1a: Lucario\n|move|p1a: Lucario|Powder Snow|p2b: Meloetta|[from]move: Metronome|[spread] p2a,p2b\n|-supereffective|p2a: Ursaluna\n|-damage|p2a: Ursaluna|63\/100\n|-damage|p2b: Meloetta|63\/100\n|\n|-weather|SunnyDay|[upkeep]\n|upkeep\n|turn|12\n|\n|t:|1700347124\n|move|p1b: Tornadus|Metronome|p1b: Tornadus\n|move|p1b: Tornadus|Screech|p2a: Ursaluna|[from]move: Metronome|[miss]\n|-miss|p1b: Tornadus|p2a: Ursaluna\n|move|p2b: Meloetta|Metronome|p2b: Meloetta\n|move|p2b: Meloetta|Coaching|p2a: Ursaluna|[from]move: Metronome\n|-boost|p2a: Ursaluna|atk|1\n|-boost|p2a: Ursaluna|def|1\n|move|p2a: Ursaluna|Metronome|p2a: Ursaluna\n|move|p2a: Ursaluna|Tar Shot|p1a: Lucario|[from]move: Metronome\n|-unboost|p1a: Lucario|spe|1\n|-start|p1a: Lucario|Tar Shot\n|move|p1a: Lucario|Metronome|p1a: Lucario\n|move|p1a: Lucario|Hyper Voice|p2b: Meloetta|[from]move: Metronome|[spread] p2a,p2b\n|-damage|p2a: Ursaluna|41\/100\n|-damage|p2b: Meloetta|41\/100\n|\n|-weather|SunnyDay|[upkeep]\n|upkeep\n|turn|13\n|\n|t:|1700347148\n|move|p1b: Tornadus|Metronome|p1b: Tornadus\n|move|p1b: Tornadus|Imprison|p1b: Tornadus|[from]move: Metronome\n|-start|p1b: Tornadus|move: Imprison\n|cant|p2b: Meloetta|move: Imprison|Metronome\n|cant|p2a: Ursaluna|move: Imprison|Metronome\n|move|p1a: Lucario|Metronome|p1a: Lucario\n|move|p1a: Lucario|Psych Up|p2b: Meloetta|[from]move: Metronome\n|-copyboost|p1a: Lucario|p2b: Meloetta|[from] move: Psych Up\n|\n|-weather|SunnyDay|[upkeep]\n|upkeep\n|turn|14\n|\n|t:|1700347163\n|switch|p1b: Sableye|Sableye, M|100\/100\n|-activate|p2b: Meloetta|move: Struggle\n|move|p2b: Meloetta|Struggle|p1b: Sableye\n|-damage|p1b: Sableye|74\/100\n|-damage|p2b: Meloetta|16\/100|[from] recoil\n|move|p1a: Lucario|Metronome|p1a: Lucario\n|move|p1a: Lucario|Nuzzle|p2b: Meloetta|[from]move: Metronome\n|-crit|p2b: Meloetta\n|-damage|p2b: Meloetta|0 fnt\n|faint|p2b: Meloetta\n|-activate|p2a: Ursaluna|move: Struggle\n|move|p2a: Ursaluna|Struggle|p1a: Lucario\n|-damage|p1a: Lucario|35\/100\n|-damage|p2a: Ursaluna|16\/100|[from] recoil\n|\n|-weather|none\n|upkeep\n|\n|t:|1700347181\n|switch|p2b: Inteleon|Inteleon, M|100\/100\n|turn|15\n|\n|t:|1700347185\n|move|p1b: Sableye|Metronome|p1b: Sableye\n|move|p1b: Sableye|Magic Powder|p2a: Ursaluna|[from]move: Metronome\n|-start|p2a: Ursaluna|typechange|Psychic\n|move|p1a: Lucario|Metronome|p1a: Lucario\n|move|p1a: Lucario|Curse|p1a: Lucario|[from]move: Metronome\n|-unboost|p1a: Lucario|spe|1\n|-boost|p1a: Lucario|atk|1\n|-boost|p1a: Lucario|def|1\n|move|p2b: Inteleon|Metronome|p2b: Inteleon\n|move|p2b: Inteleon|Matcha Gotcha|p1b: Sableye|[from]move: Metronome|[spread] p1b\n|-miss|p2b: Inteleon|p1a: Lucario\n|-damage|p1b: Sableye|32\/100\n|move|p2a: Ursaluna|Metronome|p2a: Ursaluna\n|move|p2a: Ursaluna|Venoshock|p1b: Sableye|[from]move: Metronome\n|-resisted|p1b: Sableye\n|-damage|p1b: Sableye|18\/100\n|\n|upkeep\n|turn|16\n|\n|t:|1700347208\n|move|p1b: Sableye|Metronome|p1b: Sableye\n|move|p1b: Sableye|Poison Fang|p2b: Inteleon|[from]move: Metronome\n|-damage|p2b: Inteleon|81\/100\n|-activate|p1a: Lucario|move: Struggle\n|move|p1a: Lucario|Struggle|p2a: Ursaluna\n|-damage|p2a: Ursaluna|0 fnt\n|faint|p2a: Ursaluna\n|-damage|p1a: Lucario|10\/100|[from] recoil\n|move|p2b: Inteleon|Metronome|p2b: Inteleon\n|move|p2b: Inteleon|Curse|p2b: Inteleon|[from]move: Metronome\n|-unboost|p2b: Inteleon|spe|1\n|-boost|p2b: Inteleon|atk|1\n|-boost|p2b: Inteleon|def|1\n|\n|upkeep\n|turn|17\n|\n|t:|1700347224\n|move|p1b: Sableye|Metronome|p1b: Sableye\n|move|p1b: Sableye|Thunder|p2b: Inteleon|[from]move: Metronome|[miss]\n|-miss|p1b: Sableye|p2b: Inteleon\n|-activate|p1a: Lucario|move: Struggle\n|move|p1a: Lucario|Struggle|p2b: Inteleon\n|-damage|p2b: Inteleon|52\/100\n|-damage|p1a: Lucario|0 fnt|[from] recoil\n|faint|p1a: Lucario\n|move|p2b: Inteleon|Metronome|p2b: Inteleon\n|move|p2b: Inteleon|Double Team|p2b: Inteleon|[from]move: Metronome\n|-boost|p2b: Inteleon|evasion|1\n|\n|upkeep\n|\n|t:|1700347238\n|switch|p1a: Tornadus|Tornadus, M|88\/100\n|turn|18\n|\n|t:|1700347242\n|move|p1a: Tornadus|Metronome|p1a: Tornadus\n|move|p1a: Tornadus|Mountain Gale|p2b: Inteleon|[from]move: Metronome\n|-resisted|p2b: Inteleon\n|-damage|p2b: Inteleon|42\/100\n|move|p1b: Sableye|Metronome|p1b: Sableye\n|move|p1b: Sableye|Cotton Spore|p2b: Inteleon|[from]move: Metronome\n|-unboost|p2b: Inteleon|spe|2\n|move|p2b: Inteleon|Metronome|p2b: Inteleon\n|move|p2b: Inteleon|False Swipe|p1a: Tornadus|[from]move: Metronome\n|-damage|p1a: Tornadus|75\/100\n|\n|upkeep\n|turn|19\n|\n|t:|1700347256\n|move|p1a: Tornadus|Metronome|p1a: Tornadus\n|move|p1a: Tornadus|Attack Order|p2b: Inteleon|[from]move: Metronome\n|-damage|p2b: Inteleon|24\/100\n|move|p1b: Sableye|Metronome|p1b: Sableye\n|move|p1b: Sableye|Dark Pulse|p2b: Inteleon|[from]move: Metronome\n|-damage|p2b: Inteleon|0 fnt\n|faint|p2b: Inteleon\n|\n|win|Demonlord_001\n","uploadtime":1700347257,"views":4,"p1id":"demonlord001","p2id":"jesterartisticboi","formatid":"gen9nationaldexdoubles","rating":0,"private":0,"password":""}