{"id":"smogtours-gen9nationaldexdoubles-720595","p1":"Akaru Kokuyo\u3075\u308f","p2":"Spurrific","format":"[Gen 9] National Dex Doubles","log":"|inactive|Battle timer is ON: inactive players will automatically lose when time's up.\n|t:|1696115026\n|gametype|doubles\n|player|p1|Akaru Kokuyo\u3075\u308f|#scl3foxes|\n|player|p2|Spurrific|#scl2dynamos|\n|teamsize|p1|6\n|teamsize|p2|6\n|gen|9\n|tier|[Gen 9] National Dex Doubles\n|rule|HP Percentage Mod: HP is shown in percentages\n|rule|Endless Battle Clause: Forcing endless battles is banned\n|rule|OHKO Clause: OHKO moves are banned\n|rule|Evasion Moves Clause: Evasion moves are banned\n|rule|Evasion Abilities Clause: Evasion abilities are banned\n|rule|Species Clause: Limit one of each Pok\u00e9mon\n|rule|Gravity Sleep Clause: The combination of sleep-inducing moves with imperfect accuracy and Gravity or Gigantamax Orbeetle are banned\n|clearpoke\n|poke|p1|Gardevoir, F|\n|poke|p1|Indeedee-F, F|\n|poke|p1|Marshadow|\n|poke|p1|Kartana|\n|poke|p1|Tornadus, M|\n|poke|p1|Zygarde|\n|poke|p2|Gothitelle, F|\n|poke|p2|Diancie|\n|poke|p2|Chi-Yu|\n|poke|p2|Rillaboom, M|\n|poke|p2|Salamence, F|\n|poke|p2|Tapu Fini|\n|teampreview\n|c|\u2606Spurrific|glhf\n|c|\u2606Akaru Kokuyo\u3075\u308f|glhf\n|inactive|Akaru Kokuyo\u3075\u308f has 270 seconds left.\n|inactive|Spurrific has 270 seconds left.\n|\n|t:|1696115073\n|start\n|switch|p1a: Marshadow|Marshadow|100\/100\n|switch|p1b: Tornadus|Tornadus, M|100\/100\n|switch|p2a: Rillaboom|Rillaboom, M|100\/100\n|switch|p2b: Salamence|Salamence, F|100\/100\n|-ability|p2b: Salamence|Intimidate|boost\n|-fail|p1a: Marshadow|unboost|[from] item: Clear Amulet|[of] p1a: Marshadow\n|-unboost|p1b: Tornadus|atk|1\n|-fieldstart|move: Grassy Terrain|[from] ability: Grassy Surge|[of] p2a: Rillaboom\n|turn|1\n|\n|t:|1696115093\n|detailschange|p2b: Salamence|Salamence-Mega, F\n|-mega|p2b: Salamence|Salamence|Salamencite\n|move|p1a: Marshadow|Ice Punch|p2b: Salamence\n|-supereffective|p2b: Salamence\n|-damage|p2b: Salamence|9\/100\n|move|p2b: Salamence|Tailwind|p2b: Salamence\n|-sidestart|p2: Spurrific|move: Tailwind\n|move|p2a: Rillaboom|Wood Hammer|p1a: Marshadow\n|-damage|p1a: Marshadow|0 fnt\n|faint|p1a: Marshadow\n|-damage|p2a: Rillaboom|74\/100|[from] Recoil\n|-zpower|p1b: Tornadus\n|move|p1b: Tornadus|Supersonic Skystrike|p2a: Rillaboom|[zeffect]\n|-supereffective|p2a: Rillaboom\n|-damage|p2a: Rillaboom|0 fnt\n|faint|p2a: Rillaboom\n|\n|upkeep\n|\n|t:|1696115112\n|switch|p1a: Zygarde|Zygarde|100\/100\n|switch|p2a: Chi-Yu|Chi-Yu|100\/100\n|-ability|p2a: Chi-Yu|Beads of Ruin\n|-ability|p1a: Zygarde|Aura Break\n|turn|2\n|\n|t:|1696115133\n|switch|p2b: Gothitelle|Gothitelle, F|100\/100\n|move|p1a: Zygarde|Extreme Speed|p2a: Chi-Yu\n|-damage|p2a: Chi-Yu|50\/100\n|move|p1b: Tornadus|Tailwind|p1b: Tornadus\n|-sidestart|p1: Akaru Kokuyo\u3075\u308f|move: Tailwind\n|move|p2a: Chi-Yu|Dark Pulse|p1a: Zygarde\n|-damage|p1a: Zygarde|15\/100\n|\n|-heal|p1a: Zygarde|21\/100|[from] Grassy Terrain\n|-heal|p2a: Chi-Yu|56\/100|[from] Grassy Terrain\n|upkeep\n|turn|3\n|\n|t:|1696115150\n|move|p1a: Zygarde|Extreme Speed|p2a: Chi-Yu\n|-damage|p2a: Chi-Yu|9\/100\n|move|p1b: Tornadus|Bleakwind Storm|p2b: Gothitelle|[spread] p2a\n|-miss|p1b: Tornadus|p2b: Gothitelle\n|-damage|p2a: Chi-Yu|0 fnt\n|faint|p2a: Chi-Yu\n|move|p2b: Gothitelle|Trick Room|p2b: Gothitelle\n|-fieldstart|move: Trick Room|[of] p2b: Gothitelle\n|\n|-heal|p1a: Zygarde|27\/100|[from] Grassy Terrain\n|upkeep\n|\n|t:|1696115157\n|switch|p2a: Diancie|Diancie|100\/100\n|turn|4\n|\n|t:|1696115174\n|move|p1a: Zygarde|Extreme Speed|p2b: Gothitelle\n|-damage|p2b: Gothitelle|69\/100\n|move|p1b: Tornadus|Taunt|p2a: Diancie\n|-start|p2a: Diancie|move: Taunt\n|move|p2a: Diancie|Diamond Storm|p1b: Tornadus|[spread] p1a,p1b\n|-resisted|p1a: Zygarde\n|-supereffective|p1b: Tornadus\n|-damage|p1a: Zygarde|16\/100\n|-damage|p1b: Tornadus|15\/100\n|move|p2b: Gothitelle|Psychic|p1a: Zygarde\n|-damage|p1a: Zygarde|0 fnt\n|faint|p1a: Zygarde\n|\n|-heal|p2b: Gothitelle|75\/100|[from] Grassy Terrain\n|-sideend|p2: Spurrific|move: Tailwind\n|upkeep\n|\n|t:|1696115188\n|switch|p1a: Kartana|Kartana|100\/100\n|turn|5\n|\n|t:|1696115203\n|-terastallize|p2a: Diancie|Grass\n|move|p2a: Diancie|Diamond Storm|p1a: Kartana|[spread] p1a,p1b\n|-resisted|p1a: Kartana\n|-supereffective|p1b: Tornadus\n|-damage|p1a: Kartana|84\/100\n|-damage|p1b: Tornadus|0 fnt\n|faint|p1b: Tornadus\n|move|p2b: Gothitelle|Psychic|p1a: Kartana\n|-resisted|p1a: Kartana\n|-damage|p1a: Kartana|37\/100\n|-unboost|p1a: Kartana|spd|1\n|move|p1a: Kartana|Smart Strike|p2a: Diancie\n|-damage|p2a: Diancie|65\/100\n|\n|-heal|p2a: Diancie|71\/100|[from] Grassy Terrain\n|-heal|p2b: Gothitelle|82\/100|[from] Grassy Terrain\n|-heal|p1a: Kartana|43\/100|[from] Grassy Terrain\n|-sideend|p1: Akaru Kokuyo\u3075\u308f|move: Tailwind\n|-fieldend|move: Grassy Terrain\n|upkeep\n|\n|t:|1696115211\n|switch|p1b: Indeedee|Indeedee-F, F|100\/100\n|-fieldstart|move: Psychic Terrain|[from] ability: Psychic Surge|[of] p1b: Indeedee\n|turn|6\n|inactive|Akaru Kokuyo\u3075\u308f has 270 seconds left.\n|\n|t:|1696115242\n|move|p1a: Kartana|Protect|p1a: Kartana\n|-singleturn|p1a: Kartana|Protect\n|move|p2a: Diancie|Diamond Storm|p1a: Kartana|[spread] p1b\n|-activate|p1a: Kartana|move: Protect\n|-damage|p1b: Indeedee|64\/100\n|-boost|p2a: Diancie|def|2\n|-enditem|p1b: Indeedee|Eject Button\n|inactive|Akaru Kokuyo\u3075\u308f has 270 seconds left.\n|\n|t:|1696115247\n|switch|p1b: Gardevoir|Gardevoir, F|100\/100\n|-ability|p1b: Gardevoir|Clear Body|[from] ability: Trace|[of] p2a: Diancie\n|move|p2b: Gothitelle|Psychic|p1a: Kartana\n|-activate|p1a: Kartana|move: Protect\n|\n|-end|p2a: Diancie|move: Taunt\n|upkeep\n|turn|7\n|inactive|Akaru Kokuyo\u3075\u308f has 270 seconds left.\n|\n|t:|1696115273\n|detailschange|p1b: Gardevoir|Gardevoir-Mega, F\n|-mega|p1b: Gardevoir|Gardevoir|Gardevoirite\n|move|p2a: Diancie|Protect|p2a: Diancie\n|-singleturn|p2a: Diancie|Protect\n|move|p1a: Kartana|Protect||[still]\n|-fail|p1a: Kartana\n|move|p2b: Gothitelle|Psychic|p1a: Kartana\n|-resisted|p1a: Kartana\n|-damage|p1a: Kartana|0 fnt\n|faint|p1a: Kartana\n|move|p1b: Gardevoir|Expanding Force|p2a: Diancie|[spread] p2b\n|-activate|p2a: Diancie|move: Protect\n|-resisted|p2b: Gothitelle\n|-damage|p2b: Gothitelle|52\/100\n|\n|-fieldend|move: Trick Room\n|upkeep\n|\n|t:|1696115278\n|switch|p1a: Indeedee|Indeedee-F, F|64\/100\n|turn|8\n|\n|t:|1696115287\n|switch|p2b: Tapu Fini|Tapu Fini|100\/100\n|-fieldstart|move: Misty Terrain|[from] ability: Misty Surge|[of] p2b: Tapu Fini\n|move|p1a: Indeedee|Helping Hand|p1b: Gardevoir\n|-singleturn|p1b: Gardevoir|Helping Hand|[of] p1a: Indeedee\n|move|p1b: Gardevoir|Hyper Voice|p2b: Tapu Fini|[spread] p2a,p2b\n|-damage|p2a: Diancie|15\/100\n|-damage|p2b: Tapu Fini|37\/100\n|move|p2a: Diancie|Diamond Storm|p1a: Indeedee|[spread] p1a,p1b\n|-damage|p1a: Indeedee|30\/100\n|-damage|p1b: Gardevoir|41\/100\n|-boost|p2a: Diancie|def|2\n|\n|upkeep\n|turn|9\n|\n|t:|1696115310\n|move|p1a: Indeedee|Helping Hand|p1b: Gardevoir\n|-singleturn|p1b: Gardevoir|Helping Hand|[of] p1a: Indeedee\n|move|p2a: Diancie|Protect|p2a: Diancie\n|-singleturn|p2a: Diancie|Protect\n|move|p1b: Gardevoir|Hyper Voice|p2a: Diancie|[spread] p2b\n|-activate|p2a: Diancie|move: Protect\n|-damage|p2b: Tapu Fini|0 fnt\n|faint|p2b: Tapu Fini\n|\n|upkeep\n|\n|t:|1696115315\n|switch|p2b: Salamence|Salamence-Mega, F|9\/100\n|turn|10\n|\n|t:|1696115322\n|switch|p2a: Gothitelle|Gothitelle, F|52\/100\n|move|p1a: Indeedee|Follow Me|p1a: Indeedee\n|-singleturn|p1a: Indeedee|move: Follow Me\n|move|p2b: Salamence|Double-Edge|p1a: Indeedee\n|-damage|p1a: Indeedee|0 fnt\n|faint|p1a: Indeedee\n|-damage|p2b: Salamence|0 fnt|[from] Recoil\n|faint|p2b: Salamence\n|move|p1b: Gardevoir|Hyper Voice|p2a: Gothitelle\n|-damage|p2a: Gothitelle|0 fnt\n|faint|p2a: Gothitelle\n|\n|upkeep\n|\n|t:|1696115328\n|switch|p2b: Diancie|Diancie, tera:Grass|15\/100\n|turn|11\n|c|\u2606Spurrific|gg\n|\n|t:|1696115334\n|move|p1b: Gardevoir|Hyper Voice|p2b: Diancie\n|-damage|p2b: Diancie|0 fnt\n|faint|p2b: Diancie\n|\n|win|Akaru Kokuyo\u3075\u308f\n|c|\u2606Akaru Kokuyo\u3075\u308f|gg\n","uploadtime":1696115335,"views":101,"p1id":"akarukokuyo","p2id":"spurrific","formatid":"gen9nationaldexdoubles","rating":0,"private":0,"password":""}