{"id":"smogtours-gen9nationaldexdoubles-731332","p1":"JesterArtisticBoi","p2":"Demonlord_001","format":"[Gen 9] National Dex Doubles","log":"|inactive|Battle timer is ON: inactive players will automatically lose when time's up.\n|t:|1700348976\n|gametype|doubles\n|player|p1|JesterArtisticBoi|rocketgrunt|\n|player|p2|Demonlord_001|n|\n|teamsize|p1|6\n|teamsize|p2|6\n|gen|9\n|tier|[Gen 9] National Dex Doubles\n|rule|HP Percentage Mod: HP is shown in percentages\n|rule|Endless Battle Clause: Forcing endless battles is banned\n|rule|OHKO Clause: OHKO moves are banned\n|rule|Evasion Moves Clause: Evasion moves are banned\n|rule|Evasion Abilities Clause: Evasion abilities are banned\n|rule|Species Clause: Limit one of each Pok\u00e9mon\n|rule|Gravity Sleep Clause: The combination of sleep-inducing moves with imperfect accuracy and Gravity or Gigantamax Orbeetle are banned\n|clearpoke\n|poke|p1|Gengar, M|\n|poke|p1|Ursaluna, M|\n|poke|p1|Gardevoir, M|\n|poke|p1|Inteleon, M|\n|poke|p1|Meloetta|\n|poke|p1|Delphox, M|\n|poke|p2|Grimmsnarl, M|\n|poke|p2|Snorlax, M|\n|poke|p2|Tornadus, M|\n|poke|p2|Lucario, M|\n|poke|p2|Indeedee-F, F|\n|poke|p2|Sableye, F|\n|teampreview\n|\n|t:|1700348981\n|start\n|switch|p1a: Delphox|Delphox, M, shiny|100\/100\n|switch|p1b: Gardevoir|Gardevoir, M, shiny|100\/100\n|switch|p2a: Indeedee|Indeedee-F, F|100\/100\n|switch|p2b: Snorlax|Snorlax, M|100\/100\n|-fieldstart|move: Psychic Terrain|[from] ability: Psychic Surge|[of] p2a: Indeedee\n|turn|1\n|\n|t:|1700348993\n|move|p1a: Delphox|Metronome|p1a: Delphox\n|move|p1a: Delphox|Skitter Smack|p2b: Snorlax|[from]move: Metronome\n|-damage|p2b: Snorlax|94\/100\n|-unboost|p2b: Snorlax|spa|1\n|move|p2a: Indeedee|Metronome|p2a: Indeedee\n|move|p2a: Indeedee|Magical Leaf|p1a: Delphox|[from]move: Metronome\n|-resisted|p1a: Delphox\n|-damage|p1a: Delphox|92\/100\n|move|p1b: Gardevoir|Metronome|p1b: Gardevoir\n|move|p1b: Gardevoir|Aqua Tail|p2a: Indeedee|[from]move: Metronome\n|-damage|p2a: Indeedee|85\/100\n|move|p2b: Snorlax|Metronome|p2b: Snorlax\n|move|p2b: Snorlax|Thunder Fang|p1b: Gardevoir|[from]move: Metronome\n|-damage|p1b: Gardevoir|77\/100\n|\n|upkeep\n|turn|2\n|inactive|Demonlord_001 has 270 seconds left.\n|\n|t:|1700349025\n|move|p1a: Delphox|Metronome|p1a: Delphox\n|move|p1a: Delphox|Grass Knot|p2b: Snorlax|[from]move: Metronome\n|-damage|p2b: Snorlax|68\/100\n|move|p2a: Indeedee|Metronome|p2a: Indeedee\n|move|p2a: Indeedee|Drill Peck|p1b: Gardevoir|[from]move: Metronome\n|-damage|p1b: Gardevoir|61\/100\n|move|p1b: Gardevoir|Metronome|p1b: Gardevoir\n|move|p1b: Gardevoir|Entrainment|p2b: Snorlax|[from]move: Metronome\n|-endability|p2b: Snorlax|Thick Fat|[from] move: Entrainment\n|-ability|p2b: Snorlax|Telepathy|[from] move: Entrainment\n|move|p2b: Snorlax|Metronome|p2b: Snorlax\n|move|p2b: Snorlax|Phantom Force||[from]move: Metronome|[still]\n|-prepare|p2b: Snorlax|Phantom Force\n|\n|upkeep\n|turn|3\n|\n|t:|1700349048\n|move|p1a: Delphox|Metronome|p1a: Delphox\n|move|p1a: Delphox|Aqua Ring|p1a: Delphox|[from]move: Metronome\n|-start|p1a: Delphox|Aqua Ring\n|move|p2a: Indeedee|Metronome|p2a: Indeedee\n|move|p2a: Indeedee|Dazzling Gleam|p1b: Gardevoir|[from]move: Metronome|[spread] p1a,p1b\n|-resisted|p1a: Delphox\n|-damage|p1a: Delphox|84\/100\n|-damage|p1b: Gardevoir|48\/100\n|move|p1b: Gardevoir|Metronome|p1b: Gardevoir\n|move|p1b: Gardevoir|Magma Storm|p2a: Indeedee|[from]move: Metronome|[miss]\n|-miss|p1b: Gardevoir|p2a: Indeedee\n|move|p2b: Snorlax|Phantom Force|p1b: Gardevoir|[from]lockedmove\n|-supereffective|p1b: Gardevoir\n|-damage|p1b: Gardevoir|0 fnt\n|faint|p1b: Gardevoir\n|\n|-heal|p1a: Delphox|91\/100|[from] Aqua Ring\n|upkeep\n|inactive|JesterArtisticBoi has 270 seconds left.\n|\n|t:|1700349069\n|switch|p1b: Meloetta|Meloetta|100\/100\n|turn|4\n|\n|t:|1700349077\n|move|p1a: Delphox|Metronome|p1a: Delphox\n|move|p1a: Delphox|Sunny Day|p1a: Delphox|[from]move: Metronome\n|-weather|SunnyDay\n|move|p1b: Meloetta|Metronome|p1b: Meloetta\n|move|p1b: Meloetta|Toxic Thread|p2a: Indeedee|[from]move: Metronome\n|-unboost|p2a: Indeedee|spe|1\n|-status|p2a: Indeedee|psn\n|move|p2a: Indeedee|Metronome|p2a: Indeedee\n|move|p2a: Indeedee|Beat Up|p1b: Meloetta|[from]move: Metronome\n|-supereffective|p1b: Meloetta\n|-damage|p1b: Meloetta|98\/100\n|-supereffective|p1b: Meloetta\n|-damage|p1b: Meloetta|93\/100\n|-supereffective|p1b: Meloetta\n|-damage|p1b: Meloetta|88\/100\n|-supereffective|p1b: Meloetta\n|-damage|p1b: Meloetta|83\/100\n|-supereffective|p1b: Meloetta\n|-damage|p1b: Meloetta|78\/100\n|-supereffective|p1b: Meloetta\n|-damage|p1b: Meloetta|75\/100\n|-hitcount|p1b: Meloetta|6\n|move|p2b: Snorlax|Metronome|p2b: Snorlax\n|move|p2b: Snorlax|Dark Void|p1a: Delphox|[from]move: Metronome\n|-fail|p2b: Snorlax|move: Dark Void\n|-hint|Only a Pokemon whose form is Darkrai can use this move.\n|\n|-weather|SunnyDay|[upkeep]\n|-heal|p1a: Delphox|97\/100|[from] Aqua Ring\n|-damage|p2a: Indeedee|72\/100 psn|[from] psn\n|upkeep\n|turn|5\n|\n|t:|1700349107\n|move|p1a: Delphox|Metronome|p1a: Delphox\n|move|p1a: Delphox|Magical Leaf|p2b: Snorlax|[from]move: Metronome\n|-damage|p2b: Snorlax|55\/100\n|move|p1b: Meloetta|Metronome|p1b: Meloetta\n|move|p1b: Meloetta|Headlong Rush|p2b: Snorlax|[from]move: Metronome\n|-damage|p2b: Snorlax|42\/100\n|-unboost|p1b: Meloetta|def|1\n|-unboost|p1b: Meloetta|spd|1\n|move|p2a: Indeedee|Metronome|p2a: Indeedee\n|move|p2a: Indeedee|Sheer Cold|p1a: Delphox|[from]move: Metronome|[miss]\n|-miss|p2a: Indeedee|p1a: Delphox\n|move|p2b: Snorlax|Metronome|p2b: Snorlax\n|move|p2b: Snorlax|Fury Swipes|p1b: Meloetta|[from]move: Metronome\n|-damage|p1b: Meloetta|64\/100\n|-damage|p1b: Meloetta|52\/100\n|-hitcount|p1b: Meloetta|2\n|\n|-weather|SunnyDay|[upkeep]\n|-heal|p1a: Delphox|100\/100|[from] Aqua Ring\n|-damage|p2a: Indeedee|60\/100 psn|[from] psn\n|-fieldend|move: Psychic Terrain\n|upkeep\n|turn|6\n|inactive|JesterArtisticBoi has 270 seconds left.\n|\n|t:|1700349140\n|move|p1a: Delphox|Metronome|p1a: Delphox\n|move|p1a: Delphox|Tar Shot|p2a: Indeedee|[from]move: Metronome\n|-unboost|p2a: Indeedee|spe|1\n|-start|p2a: Indeedee|Tar Shot\n|move|p1b: Meloetta|Metronome|p1b: Meloetta\n|move|p1b: Meloetta|Fairy Wind|p2b: Snorlax|[from]move: Metronome\n|-damage|p2b: Snorlax|32\/100\n|move|p2a: Indeedee|Metronome|p2a: Indeedee\n|move|p2a: Indeedee|Horn Leech|p1a: Delphox|[from]move: Metronome\n|-resisted|p1a: Delphox\n|-damage|p1a: Delphox|95\/100\n|-heal|p2a: Indeedee|62\/100 psn|[from] drain|[of] p1a: Delphox\n|move|p2b: Snorlax|Metronome|p2b: Snorlax\n|move|p2b: Snorlax|Uproar|p1a: Delphox|[from]move: Metronome\n|-damage|p1a: Delphox|78\/100\n|-start|p2b: Snorlax|Uproar\n|\n|-weather|SunnyDay|[upkeep]\n|-heal|p1a: Delphox|84\/100|[from] Aqua Ring\n|-damage|p2a: Indeedee|50\/100 psn|[from] psn\n|-start|p2b: Snorlax|Uproar|[upkeep]\n|upkeep\n|turn|7\n|inactive|JesterArtisticBoi has 270 seconds left.\n|\n|t:|1700349171\n|move|p1a: Delphox|Metronome|p1a: Delphox\n|move|p1a: Delphox|Swallow||[from]move: Metronome|[still]\n|-fail|p1a: Delphox\n|move|p1b: Meloetta|Metronome|p1b: Meloetta\n|move|p1b: Meloetta|Eruption|p2a: Indeedee|[from]move: Metronome|[spread] p2a,p2b\n|-supereffective|p2a: Indeedee\n|-damage|p2a: Indeedee|0 fnt\n|-damage|p2b: Snorlax|12\/100\n|faint|p2a: Indeedee\n|move|p2b: Snorlax|Uproar|p1a: Delphox|[from]lockedmove\n|-damage|p1a: Delphox|69\/100\n|\n|-weather|SunnyDay|[upkeep]\n|-heal|p1a: Delphox|75\/100|[from] Aqua Ring\n|-start|p2b: Snorlax|Uproar|[upkeep]\n|upkeep\n|inactive|Demonlord_001 has 270 seconds left.\n|\n|t:|1700349191\n|switch|p2a: Lucario|Lucario, M|100\/100\n|turn|8\n|\n|t:|1700349196\n|move|p1a: Delphox|Metronome|p1a: Delphox\n|move|p1a: Delphox|Circle Throw|p2b: Snorlax|[from]move: Metronome\n|-supereffective|p2b: Snorlax\n|-damage|p2b: Snorlax|1\/100\n|drag|p2b: Sableye|Sableye, F|100\/100\n|move|p1b: Meloetta|Metronome|p1b: Meloetta\n|move|p1b: Meloetta|Brine|p2a: Lucario|[from]move: Metronome\n|-damage|p2a: Lucario|84\/100\n|move|p2a: Lucario|Metronome|p2a: Lucario\n|move|p2a: Lucario|Spark|p1a: Delphox|[from]move: Metronome\n|-damage|p1a: Delphox|53\/100\n|\n|-weather|none\n|-heal|p1a: Delphox|59\/100|[from] Aqua Ring\n|upkeep\n|turn|9\n|\n|t:|1700349221\n|move|p2b: Sableye|Metronome|p2b: Sableye\n|move|p2b: Sableye|Steel Wing|p1b: Meloetta|[from]move: Metronome\n|-damage|p1b: Meloetta|23\/100\n|move|p1a: Delphox|Metronome|p1a: Delphox\n|move|p1a: Delphox|Night Slash|p2b: Sableye|[from]move: Metronome\n|-damage|p2b: Sableye|80\/100\n|move|p1b: Meloetta|Metronome|p1b: Meloetta\n|move|p1b: Meloetta|Crush Claw|p2b: Sableye|[from]move: Metronome\n|-immune|p2b: Sableye\n|move|p2a: Lucario|Metronome|p2a: Lucario\n|move|p2a: Lucario|Acid|p1b: Meloetta|[from]move: Metronome|[spread] p1a,p1b\n|-damage|p1a: Delphox|49\/100\n|-damage|p1b: Meloetta|13\/100\n|\n|-heal|p1a: Delphox|56\/100|[from] Aqua Ring\n|upkeep\n|turn|10\n|\n|t:|1700349243\n|move|p2b: Sableye|Metronome|p2b: Sableye\n|move|p2b: Sableye|Inferno|p1b: Meloetta|[from]move: Metronome|[miss]\n|-miss|p2b: Sableye|p1b: Meloetta\n|move|p1a: Delphox|Metronome|p1a: Delphox\n|move|p1a: Delphox|Round|p2a: Lucario|[from]move: Metronome\n|-resisted|p2a: Lucario\n|-damage|p2a: Lucario|72\/100\n|move|p1b: Meloetta|Metronome|p1b: Meloetta\n|move|p1b: Meloetta|Focus Energy|p1b: Meloetta|[from]move: Metronome\n|-start|p1b: Meloetta|move: Focus Energy\n|move|p2a: Lucario|Metronome|p2a: Lucario\n|move|p2a: Lucario|Spark|p1a: Delphox|[from]move: Metronome\n|-damage|p1a: Delphox|33\/100\n|\n|-heal|p1a: Delphox|39\/100|[from] Aqua Ring\n|upkeep\n|turn|11\n|\n|t:|1700349264\n|move|p2b: Sableye|Metronome|p2b: Sableye\n|move|p2b: Sableye|Revelation Dance|p1b: Meloetta|[from]move: Metronome\n|-supereffective|p1b: Meloetta\n|-damage|p1b: Meloetta|0 fnt\n|faint|p1b: Meloetta\n|move|p1a: Delphox|Metronome|p1a: Delphox\n|move|p1a: Delphox|Pin Missile|p2a: Lucario|[from]move: Metronome\n|-resisted|p2a: Lucario\n|-damage|p2a: Lucario|70\/100\n|-resisted|p2a: Lucario\n|-damage|p2a: Lucario|69\/100\n|-hitcount|p2a: Lucario|2\n|move|p2a: Lucario|Metronome|p2a: Lucario\n|move|p2a: Lucario|Leech Seed|p1a: Delphox|[from]move: Metronome\n|-start|p1a: Delphox|move: Leech Seed\n|\n|-heal|p1a: Delphox|45\/100|[from] Aqua Ring\n|-damage|p1a: Delphox|33\/100|[from] Leech Seed|[of] p2a: Lucario\n|-heal|p2a: Lucario|82\/100|[silent]\n|upkeep\n|inactive|JesterArtisticBoi has 270 seconds left.\n|\n|t:|1700349285\n|switch|p1b: Inteleon|Inteleon, M|100\/100\n|turn|12\n|\n|t:|1700349293\n|move|p2b: Sableye|Metronome|p2b: Sableye\n|move|p2b: Sableye|Magic Room|p2b: Sableye|[from]move: Metronome\n|-fieldstart|move: Magic Room|[of] p2b: Sableye\n|move|p1b: Inteleon|Metronome|p1b: Inteleon\n|move|p1b: Inteleon|Noble Roar|p2b: Sableye|[from]move: Metronome\n|-unboost|p2b: Sableye|atk|1\n|-unboost|p2b: Sableye|spa|1\n|move|p1a: Delphox|Metronome|p1a: Delphox\n|move|p1a: Delphox|Recycle||[from]move: Metronome|[still]\n|-fail|p1a: Delphox\n|move|p2a: Lucario|Metronome|p2a: Lucario\n|move|p2a: Lucario|Wild Charge|p1a: Delphox|[from]move: Metronome\n|-damage|p1a: Delphox|1\/100\n|-damage|p2a: Lucario|73\/100|[from] Recoil\n|\n|-heal|p1a: Delphox|7\/100|[from] Aqua Ring\n|-damage|p1a: Delphox|0 fnt|[from] Leech Seed|[of] p2a: Lucario\n|-heal|p2a: Lucario|80\/100|[silent]\n|faint|p1a: Delphox\n|upkeep\n|inactive|JesterArtisticBoi has 270 seconds left.\n|\n|t:|1700349314\n|switch|p1a: Ursaluna|Ursaluna, M, shiny|100\/100\n|turn|13\n|\n|t:|1700349330\n|move|p2b: Sableye|Metronome|p2b: Sableye\n|move|p2b: Sableye|Yawn|p1a: Ursaluna|[from]move: Metronome\n|-start|p1a: Ursaluna|move: Yawn|[of] p2b: Sableye\n|move|p1b: Inteleon|Metronome|p1b: Inteleon\n|move|p1b: Inteleon|Play Nice|p2a: Lucario|[from]move: Metronome\n|-unboost|p2a: Lucario|atk|1\n|move|p2a: Lucario|Metronome|p2a: Lucario\n|move|p2a: Lucario|Rapid Spin|p1a: Ursaluna|[from]move: Metronome\n|-damage|p1a: Ursaluna|93\/100\n|-boost|p2a: Lucario|spe|1\n|move|p1a: Ursaluna|Metronome|p1a: Ursaluna\n|move|p1a: Ursaluna|Arm Thrust|p2b: Sableye|[from]move: Metronome\n|-immune|p2b: Sableye\n|\n|upkeep\n|turn|14\n|\n|t:|1700349350\n|move|p2b: Sableye|Metronome|p2b: Sableye\n|move|p2b: Sableye|Mist|p2b: Sableye|[from]move: Metronome\n|-sidestart|p2: Demonlord_001|Mist\n|move|p2a: Lucario|Metronome|p2a: Lucario\n|move|p2a: Lucario|Water Pulse|p1a: Ursaluna|[from]move: Metronome\n|-supereffective|p1a: Ursaluna\n|-damage|p1a: Ursaluna|60\/100\n|move|p1b: Inteleon|Metronome|p1b: Inteleon\n|move|p1b: Inteleon|Tri Attack|p2b: Sableye|[from]move: Metronome\n|-immune|p2b: Sableye\n|move|p1a: Ursaluna|Metronome|p1a: Ursaluna\n|move|p1a: Ursaluna|Spore|p2b: Sableye|[from]move: Metronome\n|-status|p2b: Sableye|slp|[from] move: Spore\n|\n|-end|p1a: Ursaluna|move: Yawn|[silent]\n|-status|p1a: Ursaluna|slp\n|upkeep\n|turn|15\n|\n|t:|1700349371\n|cant|p2b: Sableye|slp\n|move|p2a: Lucario|Metronome|p2a: Lucario\n|move|p2a: Lucario|Sucker Punch||[from]move: Metronome|[still]\n|-fail|p2a: Lucario\n|move|p1b: Inteleon|Metronome|p1b: Inteleon\n|move|p1b: Inteleon|Baby-Doll Eyes|p2b: Sableye|[from]move: Metronome\n|-activate|p2b: Sableye|move: Mist\n|cant|p1a: Ursaluna|slp\n|\n|upkeep\n|turn|16\n|\n|t:|1700349388\n|cant|p2b: Sableye|slp\n|move|p2a: Lucario|Metronome|p2a: Lucario\n|move|p2a: Lucario|Moonlight|p2a: Lucario|[from]move: Metronome\n|-heal|p2a: Lucario|100\/100\n|move|p1b: Inteleon|Metronome|p1b: Inteleon\n|move|p1b: Inteleon|Dragon Pulse|p2a: Lucario|[from]move: Metronome\n|-resisted|p2a: Lucario\n|-damage|p2a: Lucario|80\/100\n|cant|p1a: Ursaluna|slp\n|\n|-fieldend|move: Magic Room|[of] p2b: Sableye\n|upkeep\n|turn|17\n|\n|t:|1700349416\n|-curestatus|p2b: Sableye|slp|[msg]\n|move|p2b: Sableye|Metronome|p2b: Sableye\n|move|p2b: Sableye|Acid Armor|p2b: Sableye|[from]move: Metronome\n|-boost|p2b: Sableye|def|2\n|move|p2a: Lucario|Metronome|p2a: Lucario\n|move|p2a: Lucario|Body Slam|p1a: Ursaluna|[from]move: Metronome\n|-damage|p1a: Ursaluna|48\/100 slp\n|move|p1b: Inteleon|Metronome|p1b: Inteleon\n|move|p1b: Inteleon|Facade|p2a: Lucario|[from]move: Metronome\n|-resisted|p2a: Lucario\n|-damage|p2a: Lucario|71\/100\n|-curestatus|p1a: Ursaluna|slp|[msg]\n|move|p1a: Ursaluna|Metronome|p1a: Ursaluna\n|move|p1a: Ursaluna|Retaliate|p2b: Sableye|[from]move: Metronome\n|-immune|p2b: Sableye\n|\n|upkeep\n|turn|18\n|\n|t:|1700349439\n|move|p2b: Sableye|Metronome|p2b: Sableye\n|move|p2b: Sableye|String Shot|p1b: Inteleon|[from]move: Metronome|[spread] p1a,p1b\n|-unboost|p1a: Ursaluna|spe|2\n|-unboost|p1b: Inteleon|spe|2\n|move|p2a: Lucario|Metronome|p2a: Lucario\n|move|p2a: Lucario|Dragon Dance|p2a: Lucario|[from]move: Metronome\n|-boost|p2a: Lucario|atk|1\n|-boost|p2a: Lucario|spe|1\n|move|p1b: Inteleon|Metronome|p1b: Inteleon\n|move|p1b: Inteleon|Weather Ball|p2b: Sableye|[from]move: Metronome\n|-immune|p2b: Sableye\n|move|p1a: Ursaluna|Metronome|p1a: Ursaluna\n|move|p1a: Ursaluna|Tri Attack|p2b: Sableye|[from]move: Metronome\n|-immune|p2b: Sableye\n|\n|-sideend|p2: Demonlord_001|Mist\n|upkeep\n|turn|19\n|\n|t:|1700349464\n|move|p2b: Sableye|Metronome|p2b: Sableye\n|move|p2b: Sableye|Hex|p1a: Ursaluna|[from]move: Metronome\n|-immune|p1a: Ursaluna\n|move|p2a: Lucario|Metronome|p2a: Lucario\n|move|p2a: Lucario|Metal Claw|p1a: Ursaluna|[from]move: Metronome\n|-damage|p1a: Ursaluna|32\/100\n|move|p1b: Inteleon|Metronome|p1b: Inteleon\n|move|p1b: Inteleon|Dark Pulse|p2b: Sableye|[from]move: Metronome\n|-damage|p2b: Sableye|15\/100\n|move|p1a: Ursaluna|Metronome|p1a: Ursaluna\n|move|p1a: Ursaluna|Whirlwind|p2a: Lucario|[from]move: Metronome\n|drag|p2a: Grimmsnarl|Grimmsnarl, M|100\/100\n|\n|upkeep\n|turn|20\n|\n|t:|1700349492\n|move|p2a: Grimmsnarl|Metronome|p2a: Grimmsnarl\n|move|p2a: Grimmsnarl|Wood Hammer|p1a: Ursaluna|[from]move: Metronome\n|-supereffective|p1a: Ursaluna\n|-damage|p1a: Ursaluna|0 fnt\n|faint|p1a: Ursaluna\n|-damage|p2a: Grimmsnarl|90\/100|[from] Recoil\n|move|p2b: Sableye|Metronome|p2b: Sableye\n|move|p2b: Sableye|Clear Smog|p1b: Inteleon|[from]move: Metronome\n|-damage|p1b: Inteleon|91\/100\n|-clearboost|p1b: Inteleon\n|move|p1b: Inteleon|Metronome|p1b: Inteleon\n|move|p1b: Inteleon|Power Trip|p2a: Grimmsnarl|[from]move: Metronome\n|-resisted|p2a: Grimmsnarl\n|-damage|p2a: Grimmsnarl|89\/100\n|\n|upkeep\n|inactive|JesterArtisticBoi has 270 seconds left.\n|\n|t:|1700349510\n|switch|p1a: Gengar|Gengar, M|100\/100\n|turn|21\n|\n|t:|1700349522\n|move|p2a: Grimmsnarl|Metronome|p2a: Grimmsnarl\n|move|p2a: Grimmsnarl|Defog|p1b: Inteleon|[from]move: Metronome\n|-unboost|p1b: Inteleon|evasion|1\n|move|p2b: Sableye|Metronome|p2b: Sableye\n|move|p2b: Sableye|Ice Hammer|p1a: Gengar|[from]move: Metronome\n|-damage|p1a: Gengar|73\/100\n|-unboost|p2b: Sableye|spe|1\n|move|p1b: Inteleon|Metronome|p1b: Inteleon\n|move|p1b: Inteleon|Pin Missile|p2b: Sableye|[from]move: Metronome\n|-damage|p2b: Sableye|11\/100\n|-damage|p2b: Sableye|7\/100\n|-damage|p2b: Sableye|2\/100\n|-hitcount|p2b: Sableye|3\n|move|p1a: Gengar|Metronome|p1a: Gengar\n|move|p1a: Gengar|Role Play|p2a: Grimmsnarl|[from]move: Metronome\n|-endability|p1a: Gengar|Cursed Body|[from] move: Role Play\n|-ability|p1a: Gengar|Prankster|[from] move: Role Play|[of] p2a: Grimmsnarl\n|\n|upkeep\n|turn|22\n|\n|t:|1700349546\n|move|p1a: Gengar|Metronome|p1a: Gengar\n|move|p1a: Gengar|Dragon Darts|p2b: Sableye|[from]move: Metronome\n|-hint|Since gen 7, Dark is immune to Prankster moves.\n|-immune|p2b: Sableye\n|move|p2a: Grimmsnarl|Metronome|p2a: Grimmsnarl\n|move|p2a: Grimmsnarl|Skill Swap|p1a: Gengar|[from]move: Metronome\n|-activate|p2a: Grimmsnarl|move: Skill Swap|Prankster|Prankster|[of] p1a: Gengar\n|move|p2b: Sableye|Metronome|p2b: Sableye\n|move|p2b: Sableye|Speed Swap|p1a: Gengar|[from]move: Metronome\n|-activate|p2b: Sableye|move: Speed Swap|[of] p1a: Gengar\n|move|p1b: Inteleon|Metronome|p1b: Inteleon\n|move|p1b: Inteleon|Flail|p2b: Sableye|[from]move: Metronome\n|-immune|p2b: Sableye\n|\n|upkeep\n|turn|23\n|inactive|Demonlord_001 has 270 seconds left.\n|\n|t:|1700349580\n|move|p2b: Sableye|Metronome|p2b: Sableye\n|move|p2b: Sableye|Power Gem|p1a: Gengar|[from]move: Metronome\n|-damage|p1a: Gengar|55\/100\n|move|p2a: Grimmsnarl|Metronome|p2a: Grimmsnarl\n|move|p2a: Grimmsnarl|Aromatic Mist|p2b: Sableye|[from]move: Metronome\n|-boost|p2b: Sableye|spd|1\n|move|p1a: Gengar|Metronome|p1a: Gengar\n|move|p1a: Gengar|Tail Glow|p1a: Gengar|[from]move: Metronome\n|-boost|p1a: Gengar|spa|3\n|move|p1b: Inteleon|Metronome|p1b: Inteleon\n|move|p1b: Inteleon|Sticky Web|p2b: Sableye|[from]move: Metronome\n|-sidestart|p2: Demonlord_001|move: Sticky Web\n|\n|upkeep\n|turn|24\n|\n|t:|1700349597\n|move|p2b: Sableye|Metronome|p2b: Sableye\n|move|p2b: Sableye|Absorb|p1b: Inteleon|[from]move: Metronome\n|-supereffective|p1b: Inteleon\n|-damage|p1b: Inteleon|82\/100\n|-heal|p2b: Sableye|8\/100|[from] drain|[of] p1b: Inteleon\n|move|p2a: Grimmsnarl|Metronome|p2a: Grimmsnarl\n|move|p2a: Grimmsnarl|Circle Throw|p1a: Gengar|[from]move: Metronome\n|-immune|p1a: Gengar\n|move|p1a: Gengar|Metronome|p1a: Gengar\n|move|p1a: Gengar|Burning Jealousy|p2b: Sableye|[from]move: Metronome|[spread] \n|-hint|Since gen 7, Dark is immune to Prankster moves.\n|-immune|p2a: Grimmsnarl\n|-hint|Since gen 7, Dark is immune to Prankster moves.\n|-immune|p2b: Sableye\n|move|p1b: Inteleon|Metronome|p1b: Inteleon\n|move|p1b: Inteleon|Double Team|p1b: Inteleon|[from]move: Metronome\n|-boost|p1b: Inteleon|evasion|1\n|\n|upkeep\n|turn|25\n|\n|t:|1700349620\n|move|p2b: Sableye|Metronome|p2b: Sableye\n|move|p2b: Sableye|Aqua Jet|p1b: Inteleon|[from]move: Metronome\n|-resisted|p1b: Inteleon\n|-crit|p1b: Inteleon\n|-damage|p1b: Inteleon|72\/100\n|move|p2a: Grimmsnarl|Metronome|p2a: Grimmsnarl\n|move|p2a: Grimmsnarl|Poltergeist|p1a: Gengar|[from]move: Metronome\n|-activate|p1a: Gengar|move: Poltergeist|Leppa Berry\n|-supereffective|p1a: Gengar\n|-crit|p1a: Gengar\n|-damage|p1a: Gengar|0 fnt\n|faint|p1a: Gengar\n|move|p1b: Inteleon|Metronome|p1b: Inteleon\n|move|p1b: Inteleon|Minimize|p1b: Inteleon|[from]move: Metronome\n|-boost|p1b: Inteleon|evasion|2\n|\n|upkeep\n|turn|26\n|\n|t:|1700349641\n|move|p2b: Sableye|Metronome|p2b: Sableye\n|move|p2b: Sableye|Coaching|p2a: Grimmsnarl|[from]move: Metronome\n|-boost|p2a: Grimmsnarl|atk|1\n|-boost|p2a: Grimmsnarl|def|1\n|-enditem|p2b: Sableye|Leppa Berry|[eat]\n|-activate|p2b: Sableye|item: Leppa Berry|Metronome|[consumed]\n|move|p2a: Grimmsnarl|Metronome|p2a: Grimmsnarl\n|move|p2a: Grimmsnarl|Last Resort||[from]move: Metronome|[still]\n|-fail|p2a: Grimmsnarl\n|move|p1b: Inteleon|Metronome|p1b: Inteleon\n|move|p1b: Inteleon|Shock Wave|p2b: Sableye|[from]move: Metronome\n|-damage|p2b: Sableye|0 fnt\n|faint|p2b: Sableye\n|\n|upkeep\n|\n|t:|1700349654\n|switch|p2b: Tornadus|Tornadus, M|100\/100\n|turn|27\n|\n|t:|1700349658\n|move|p2b: Tornadus|Metronome|p2b: Tornadus\n|move|p2b: Tornadus|Fly||[from]move: Metronome|[still]\n|-prepare|p2b: Tornadus|Fly\n|move|p2a: Grimmsnarl|Metronome|p2a: Grimmsnarl\n|move|p2a: Grimmsnarl|Lumina Crash|p1b: Inteleon|[from]move: Metronome|[miss]\n|-miss|p2a: Grimmsnarl|p1b: Inteleon\n|move|p1b: Inteleon|Metronome|p1b: Inteleon\n|move|p1b: Inteleon|Dragon Rush|p2a: Grimmsnarl|[from]move: Metronome\n|-immune|p2a: Grimmsnarl\n|-enditem|p1b: Inteleon|Leppa Berry|[eat]\n|-activate|p1b: Inteleon|item: Leppa Berry|Metronome|[consumed]\n|\n|upkeep\n|turn|28\n|\n|t:|1700349673\n|move|p2a: Grimmsnarl|Metronome|p2a: Grimmsnarl\n|move|p2a: Grimmsnarl|Calm Mind|p2a: Grimmsnarl|[from]move: Metronome\n|-boost|p2a: Grimmsnarl|spa|1\n|-boost|p2a: Grimmsnarl|spd|1\n|move|p1b: Inteleon|Metronome|p1b: Inteleon\n|move|p1b: Inteleon|Meteor Mash|p2a: Grimmsnarl|[from]move: Metronome\n|-supereffective|p2a: Grimmsnarl\n|-damage|p2a: Grimmsnarl|64\/100\n|move|p2b: Tornadus|Fly|p1b: Inteleon|[from]lockedmove|[miss]\n|-miss|p2b: Tornadus|p1b: Inteleon\n|\n|upkeep\n|turn|29\n|\n|t:|1700349686\n|move|p2b: Tornadus|Metronome|p2b: Tornadus\n|move|p2b: Tornadus|Thrash|p1b: Inteleon|[from]move: Metronome|[miss]\n|-miss|p2b: Tornadus|p1b: Inteleon\n|move|p2a: Grimmsnarl|Metronome|p2a: Grimmsnarl\n|move|p2a: Grimmsnarl|Sunny Day|p2a: Grimmsnarl|[from]move: Metronome\n|-weather|SunnyDay\n|move|p1b: Inteleon|Metronome|p1b: Inteleon\n|move|p1b: Inteleon|Flower Trick|p2a: Grimmsnarl|[from]move: Metronome\n|-crit|p2a: Grimmsnarl\n|-damage|p2a: Grimmsnarl|29\/100\n|\n|-weather|SunnyDay|[upkeep]\n|upkeep\n|turn|30\n|\n|t:|1700349704\n|move|p2b: Tornadus|Metronome|p2b: Tornadus\n|move|p2b: Tornadus|Liquidation|p1b: Inteleon|[from]move: Metronome|[miss]\n|-miss|p2b: Tornadus|p1b: Inteleon\n|move|p2a: Grimmsnarl|Metronome|p2a: Grimmsnarl\n|move|p2a: Grimmsnarl|Ceaseless Edge|p1b: Inteleon|[from]move: Metronome|[miss]\n|-miss|p2a: Grimmsnarl|p1b: Inteleon\n|move|p1b: Inteleon|Metronome|p1b: Inteleon\n|move|p1b: Inteleon|Skill Swap|p2b: Tornadus|[from]move: Metronome\n|-activate|p1b: Inteleon|move: Skill Swap|Prankster|Sniper|[of] p2b: Tornadus\n|\n|-weather|SunnyDay|[upkeep]\n|upkeep\n|turn|31\n|\n|t:|1700349730\n|move|p1b: Inteleon|Metronome|p1b: Inteleon\n|move|p1b: Inteleon|Volt Tackle|p2a: Grimmsnarl|[from]move: Metronome\n|-hint|Since gen 7, Dark is immune to Prankster moves.\n|-immune|p2a: Grimmsnarl\n|move|p2a: Grimmsnarl|Metronome|p2a: Grimmsnarl\n|move|p2a: Grimmsnarl|Drill Peck|p1b: Inteleon|[from]move: Metronome|[miss]\n|-miss|p2a: Grimmsnarl|p1b: Inteleon\n|move|p2b: Tornadus|Metronome|p2b: Tornadus\n|move|p2b: Tornadus|Thunder Shock|p1b: Inteleon|[from]move: Metronome|[miss]\n|-miss|p2b: Tornadus|p1b: Inteleon\n|\n|-weather|SunnyDay|[upkeep]\n|upkeep\n|turn|32\n|\n|t:|1700349745\n|move|p1b: Inteleon|Metronome|p1b: Inteleon\n|move|p1b: Inteleon|Razor Leaf|p2a: Grimmsnarl|[from]move: Metronome|[spread] p2b\n|-hint|Since gen 7, Dark is immune to Prankster moves.\n|-immune|p2a: Grimmsnarl\n|-resisted|p2b: Tornadus\n|-crit|p2b: Tornadus\n|-damage|p2b: Tornadus|94\/100\n|move|p2a: Grimmsnarl|Metronome|p2a: Grimmsnarl\n|move|p2a: Grimmsnarl|Lunar Dance|p2a: Grimmsnarl|[from]move: Metronome\n|faint|p2a: Grimmsnarl\n|move|p2b: Tornadus|Metronome|p2b: Tornadus\n|move|p2b: Tornadus|Crabhammer|p1b: Inteleon|[from]move: Metronome|[miss]\n|-miss|p2b: Tornadus|p1b: Inteleon\n|\n|-weather|SunnyDay|[upkeep]\n|upkeep\n|\n|t:|1700349763\n|switch|p2a: Snorlax|Snorlax, M|1\/100\n|-heal|p2a: Snorlax|100\/100|[from] move: Lunar Dance\n|-activate|p2a: Snorlax|move: Sticky Web\n|-unboost|p2a: Snorlax|spe|1\n|turn|33\n|\n|t:|1700349769\n|move|p1b: Inteleon|Metronome|p1b: Inteleon\n|move|p1b: Inteleon|Cut|p2b: Tornadus|[from]move: Metronome\n|-damage|p2b: Tornadus|83\/100\n|move|p2b: Tornadus|Metronome|p2b: Tornadus\n|move|p2b: Tornadus|Tail Whip|p1b: Inteleon|[from]move: Metronome\n|-unboost|p1b: Inteleon|def|1\n|move|p2a: Snorlax|Metronome|p2a: Snorlax\n|move|p2a: Snorlax|Feather Dance|p1b: Inteleon|[from]move: Metronome\n|-unboost|p1b: Inteleon|atk|2\n|\n|-weather|none\n|upkeep\n|turn|34\n|\n|t:|1700349783\n|move|p1b: Inteleon|Metronome|p1b: Inteleon\n|move|p1b: Inteleon|Weather Ball|p2b: Tornadus|[from]move: Metronome\n|-damage|p2b: Tornadus|60\/100\n|move|p2b: Tornadus|Metronome|p2b: Tornadus\n|move|p2b: Tornadus|Double-Edge|p1b: Inteleon|[from]move: Metronome\n|-damage|p1b: Inteleon|12\/100\n|-damage|p2b: Tornadus|41\/100|[from] Recoil\n|move|p2a: Snorlax|Metronome|p2a: Snorlax\n|move|p2a: Snorlax|Grassy Terrain|p2a: Snorlax|[from]move: Metronome\n|-fieldstart|move: Grassy Terrain\n|\n|-heal|p1b: Inteleon|18\/100|[from] Grassy Terrain\n|upkeep\n|turn|35\n|\n|t:|1700349799\n|move|p1b: Inteleon|Metronome|p1b: Inteleon\n|move|p1b: Inteleon|Shock Wave|p2a: Snorlax|[from]move: Metronome\n|-damage|p2a: Snorlax|87\/100\n|move|p2b: Tornadus|Metronome|p2b: Tornadus\n|move|p2b: Tornadus|Ceaseless Edge|p1b: Inteleon|[from]move: Metronome\n|-crit|p1b: Inteleon\n|-damage|p1b: Inteleon|0 fnt\n|-sidestart|p1: JesterArtisticBoi|Spikes\n|faint|p1b: Inteleon\n|\n|win|Demonlord_001\n","uploadtime":1700349800,"views":5,"p1id":"jesterartisticboi","p2id":"demonlord001","formatid":"gen9nationaldexdoubles","rating":0,"private":0,"password":""}