{"id":"smogtours-gen9nationaldexdoubles-729871","p1":"theyummybagel","p2":"ratpacker","format":"[Gen 9] National Dex Doubles","log":"|inactive|Battle timer is ON: inactive players will automatically lose when time's up.\n|t:|1699717223\n|gametype|doubles\n|player|p1|theyummybagel|#scl3breakers|\n|player|p2|ratpacker|twins|\n|teamsize|p1|6\n|teamsize|p2|6\n|gen|9\n|tier|[Gen 9] National Dex Doubles\n|rule|HP Percentage Mod: HP is shown in percentages\n|rule|Endless Battle Clause: Forcing endless battles is banned\n|rule|OHKO Clause: OHKO moves are banned\n|rule|Evasion Moves Clause: Evasion moves are banned\n|rule|Evasion Abilities Clause: Evasion abilities are banned\n|rule|Species Clause: Limit one of each Pok\u00e9mon\n|rule|Gravity Sleep Clause: The combination of sleep-inducing moves with imperfect accuracy and Gravity or Gigantamax Orbeetle are banned\n|clearpoke\n|poke|p1|Glimmora, M|\n|poke|p1|Chien-Pao|\n|poke|p1|Urshifu-*, M|\n|poke|p1|Rillaboom, M|\n|poke|p1|Tornadus, M|\n|poke|p1|Metagross|\n|poke|p2|Ninetales-Alola, M|\n|poke|p2|Kyurem-Black|\n|poke|p2|Tornadus, M|\n|poke|p2|Amoonguss, M|\n|poke|p2|Kangaskhan, F|\n|poke|p2|Landorus, M|\n|teampreview\n|inactive|theyummybagel also wants the timer to be on.\n|inactive|theyummybagel has 270 seconds left.\n|inactive|ratpacker has 270 seconds left.\n|\n|t:|1699717281\n|start\n|switch|p1a: Chien-Pao|Chien-Pao|100\/100\n|switch|p1b: Tornadus|Tornadus, M|100\/100\n|switch|p2a: REGINALD|Tornadus, M|100\/100\n|switch|p2b: A SECOND GUESS|Landorus, M|100\/100\n|-ability|p1a: Chien-Pao|Sword of Ruin\n|turn|1\n|\n|t:|1699717310\n|switch|p2b: COMMANDER|Ninetales-Alola, M|100\/100\n|-weather|Snow|[from] ability: Snow Warning|[of] p2b: COMMANDER\n|move|p2a: REGINALD|Tailwind|p2a: REGINALD\n|-sidestart|p2: ratpacker|move: Tailwind\n|move|p1b: Tornadus|Tailwind|p1b: Tornadus\n|-sidestart|p1: theyummybagel|move: Tailwind\n|move|p1a: Chien-Pao|Icicle Crash|p2a: REGINALD\n|-supereffective|p2a: REGINALD\n|-damage|p2a: REGINALD|0 fnt\n|faint|p2a: REGINALD\n|\n|-weather|Snow|[upkeep]\n|upkeep\n|inactive|ratpacker has 270 seconds left.\n|\n|t:|1699717327\n|switch|p2a: BLACK SNOW|Kyurem-Black|100\/100\n|-ability|p2a: BLACK SNOW|Teravolt\n|turn|2\n|\n|t:|1699717354\n|switch|p1a: Glimmora|Glimmora, M|100\/100\n|move|p1b: Tornadus|Rain Dance|p1b: Tornadus\n|-weather|RainDance\n|move|p2b: COMMANDER|Moonblast|p1a: Glimmora\n|-resisted|p1a: Glimmora\n|-damage|p1a: Glimmora|77\/100\n|move|p2a: BLACK SNOW|Icicle Spear|p1b: Tornadus\n|-supereffective|p1b: Tornadus\n|-damage|p1b: Tornadus|73\/100\n|-supereffective|p1b: Tornadus\n|-damage|p1b: Tornadus|45\/100\n|-supereffective|p1b: Tornadus\n|-damage|p1b: Tornadus|19\/100\n|-supereffective|p1b: Tornadus\n|-damage|p1b: Tornadus|0 fnt\n|faint|p1b: Tornadus\n|-hitcount|p1: Tornadus|4\n|\n|-weather|RainDance|[upkeep]\n|upkeep\n|inactive|theyummybagel has 270 seconds left.\n|\n|t:|1699717370\n|switch|p1b: Metagross|Metagross|100\/100\n|turn|3\n|inactive|ratpacker has 270 seconds left.\n|\n|t:|1699717411\n|switch|p2b: JIM|Kangaskhan, F|100\/100\n|detailschange|p1b: Metagross|Metagross-Mega\n|-mega|p1b: Metagross|Metagross|Metagrossite\n|-terastallize|p2a: BLACK SNOW|Poison\n|move|p1b: Metagross|Iron Head|p2b: JIM\n|-damage|p2b: JIM|55\/100\n|move|p1a: Glimmora|Stealth Rock|p2b: JIM\n|-sidestart|p2: ratpacker|move: Stealth Rock\n|move|p2a: BLACK SNOW|Icicle Spear|p1a: Glimmora\n|-damage|p1a: Glimmora|57\/100\n|-activate|p1a: Glimmora|ability: Toxic Debris\n|-sidestart|p2: ratpacker|move: Toxic Spikes\n|-damage|p1a: Glimmora|37\/100\n|-activate|p1a: Glimmora|ability: Toxic Debris\n|-sidestart|p2: ratpacker|move: Toxic Spikes\n|-damage|p1a: Glimmora|16\/100\n|-damage|p1a: Glimmora|0 fnt\n|faint|p1a: Glimmora\n|-hitcount|p1: Glimmora|4\n|\n|-weather|RainDance|[upkeep]\n|upkeep\n|\n|t:|1699717429\n|switch|p1a: Rillaboom|Rillaboom, M|100\/100\n|-fieldstart|move: Grassy Terrain|[from] ability: Grassy Surge|[of] p1a: Rillaboom\n|turn|4\n|inactive|ratpacker has 270 seconds left.\n|\n|t:|1699717458\n|detailschange|p2b: JIM|Kangaskhan-Mega, F\n|-mega|p2b: JIM|Kangaskhan|Kangaskhanite\n|move|p2b: JIM|Fake Out|p1b: Metagross\n|-resisted|p1b: Metagross\n|-damage|p1b: Metagross|94\/100\n|-resisted|p1b: Metagross\n|-damage|p1b: Metagross|92\/100\n|-hitcount|p1b: Metagross|2\n|move|p1a: Rillaboom|Fake Out|p2a: BLACK SNOW\n|-crit|p2a: BLACK SNOW\n|-damage|p2a: BLACK SNOW|82\/100\n|cant|p1b: Metagross|flinch\n|cant|p2a: BLACK SNOW|flinch\n|\n|-weather|RainDance|[upkeep]\n|-heal|p1b: Metagross|98\/100|[from] Grassy Terrain\n|-heal|p2b: JIM|61\/100|[from] Grassy Terrain\n|-heal|p2a: BLACK SNOW|88\/100|[from] Grassy Terrain\n|-sideend|p1: theyummybagel|move: Tailwind\n|-sideend|p2: ratpacker|move: Tailwind\n|upkeep\n|turn|5\n|inactive|ratpacker has 270 seconds left.\n|inactive|theyummybagel has 270 seconds left.\n|\n|t:|1699717511\n|move|p2a: BLACK SNOW|Protect|p2a: BLACK SNOW\n|-singleturn|p2a: BLACK SNOW|Protect\n|move|p1b: Metagross|Stomping Tantrum|p2a: BLACK SNOW\n|-activate|p2a: BLACK SNOW|move: Protect\n|move|p2b: JIM|Seismic Toss|p1b: Metagross\n|-damage|p1b: Metagross|65\/100\n|-damage|p1b: Metagross|32\/100\n|-hitcount|p1b: Metagross|2\n|move|p1a: Rillaboom|U-turn|p2b: JIM\n|-damage|p2b: JIM|41\/100\n|\n|t:|1699717518\n|switch|p1a: Urshifu|Urshifu-Rapid-Strike, M|100\/100|[from] U-turn\n|\n|-weather|RainDance|[upkeep]\n|-heal|p1b: Metagross|38\/100|[from] Grassy Terrain\n|-heal|p2b: JIM|47\/100|[from] Grassy Terrain\n|-heal|p2a: BLACK SNOW|94\/100|[from] Grassy Terrain\n|upkeep\n|turn|6\n|inactive|theyummybagel has 270 seconds left.\n|inactive|ratpacker has 270 seconds left.\n|inactive|ratpacker has 240 seconds left.\n|\n|t:|1699717581\n|switch|p1b: Chien-Pao|Chien-Pao|100\/100\n|-ability|p1b: Chien-Pao|Sword of Ruin\n|switch|p2a: RUSTY ARMOR|Amoonguss, M|100\/100\n|-damage|p2a: RUSTY ARMOR|88\/100|[from] Stealth Rock\n|-sideend|p2: ratpacker|move: Toxic Spikes|[of] p2a: RUSTY ARMOR\n|-terastallize|p1a: Urshifu|Water\n|move|p1a: Urshifu|Surging Strikes|p2a: RUSTY ARMOR\n|-resisted|p2a: RUSTY ARMOR\n|-crit|p2a: RUSTY ARMOR\n|-damage|p2a: RUSTY ARMOR|65\/100\n|-resisted|p2a: RUSTY ARMOR\n|-crit|p2a: RUSTY ARMOR\n|-damage|p2a: RUSTY ARMOR|42\/100\n|-enditem|p2a: RUSTY ARMOR|Sitrus Berry|[eat]\n|-heal|p2a: RUSTY ARMOR|67\/100|[from] item: Sitrus Berry\n|-resisted|p2a: RUSTY ARMOR\n|-crit|p2a: RUSTY ARMOR\n|-damage|p2a: RUSTY ARMOR|44\/100\n|-hitcount|p2a: RUSTY ARMOR|3\n|move|p2b: JIM|Seismic Toss|p1b: Chien-Pao\n|-damage|p1b: Chien-Pao|67\/100\n|-damage|p1b: Chien-Pao|34\/100\n|-hitcount|p1b: Chien-Pao|2\n|\n|-weather|none\n|-heal|p1b: Chien-Pao|40\/100|[from] Grassy Terrain\n|-heal|p2b: JIM|53\/100|[from] Grassy Terrain\n|-heal|p2a: RUSTY ARMOR|50\/100|[from] Grassy Terrain\n|upkeep\n|turn|7\n|inactive|ratpacker has 240 seconds left.\n|inactive|theyummybagel has 270 seconds left.\n|inactive|ratpacker has 210 seconds left.\n|inactive|ratpacker has 180 seconds left.\n|\n|t:|1699717665\n|switch|p2a: COMMANDER|Ninetales-Alola, M|100\/100\n|-damage|p2a: COMMANDER|76\/100|[from] Stealth Rock\n|-weather|Snow|[from] ability: Snow Warning|[of] p2a: COMMANDER\n|move|p1b: Chien-Pao|Protect|p1b: Chien-Pao\n|-singleturn|p1b: Chien-Pao|Protect\n|move|p1a: Urshifu|Surging Strikes|p2b: JIM\n|-crit|p2b: JIM\n|-damage|p2b: JIM|25\/100\n|-crit|p2b: JIM\n|-damage|p2b: JIM|0 fnt\n|faint|p2b: JIM\n|-hitcount|p2: JIM|2\n|\n|-weather|Snow|[upkeep]\n|-heal|p1b: Chien-Pao|46\/100|[from] Grassy Terrain\n|-heal|p2a: COMMANDER|82\/100|[from] Grassy Terrain\n|upkeep\n|inactive|ratpacker has 150 seconds left.\n|\n|t:|1699717722\n|switch|p2b: A SECOND GUESS|Landorus, M|100\/100\n|-damage|p2b: A SECOND GUESS|88\/100|[from] Stealth Rock\n|turn|8\n|\n|t:|1699717750\n|move|p1a: Urshifu|Surging Strikes|p2a: COMMANDER\n|-crit|p2a: COMMANDER\n|-damage|p2a: COMMANDER|48\/100\n|-crit|p2a: COMMANDER\n|-damage|p2a: COMMANDER|12\/100\n|-crit|p2a: COMMANDER\n|-damage|p2a: COMMANDER|0 fnt\n|faint|p2a: COMMANDER\n|-hitcount|p2: COMMANDER|3\n|move|p1b: Chien-Pao|Icicle Crash|p2b: A SECOND GUESS\n|-supereffective|p2b: A SECOND GUESS\n|-damage|p2b: A SECOND GUESS|0 fnt\n|faint|p2b: A SECOND GUESS\n|\n|-weather|Snow|[upkeep]\n|-heal|p1b: Chien-Pao|52\/100|[from] Grassy Terrain\n|-fieldend|move: Grassy Terrain\n|upkeep\n|\n|t:|1699717754\n|switch|p2a: BLACK SNOW|Kyurem-Black, tera:Poison|94\/100\n|switch|p2b: RUSTY ARMOR|Amoonguss, M|83\/100\n|-damage|p2a: BLACK SNOW|82\/100|[from] Stealth Rock\n|-ability|p2a: BLACK SNOW|Teravolt\n|-damage|p2b: RUSTY ARMOR|71\/100|[from] Stealth Rock\n|turn|9\n|inactive|ratpacker has 150 seconds left.\n|\n|t:|1699717770\n|move|p2b: RUSTY ARMOR|Rage Powder|p2b: RUSTY ARMOR\n|-singleturn|p2b: RUSTY ARMOR|move: Rage Powder\n|move|p1a: Urshifu|Surging Strikes|p2b: RUSTY ARMOR\n|-resisted|p2b: RUSTY ARMOR\n|-crit|p2b: RUSTY ARMOR\n|-damage|p2b: RUSTY ARMOR|56\/100\n|-resisted|p2b: RUSTY ARMOR\n|-crit|p2b: RUSTY ARMOR\n|-damage|p2b: RUSTY ARMOR|40\/100\n|-resisted|p2b: RUSTY ARMOR\n|-crit|p2b: RUSTY ARMOR\n|-damage|p2b: RUSTY ARMOR|24\/100\n|-hitcount|p2b: RUSTY ARMOR|3\n|move|p1b: Chien-Pao|Icicle Crash|p2b: RUSTY ARMOR\n|-supereffective|p2b: RUSTY ARMOR\n|-damage|p2b: RUSTY ARMOR|0 fnt\n|faint|p2b: RUSTY ARMOR\n|move|p2a: BLACK SNOW|Dragon Dance|p2a: BLACK SNOW\n|-boost|p2a: BLACK SNOW|atk|1\n|-boost|p2a: BLACK SNOW|spe|1\n|\n|-weather|Snow|[upkeep]\n|upkeep\n|turn|10\n|inactive|ratpacker has 150 seconds left.\n|\n|t:|1699717803\n|move|p1a: Urshifu|Surging Strikes|p2a: BLACK SNOW\n|-crit|p2a: BLACK SNOW\n|-damage|p2a: BLACK SNOW|53\/100\n|-crit|p2a: BLACK SNOW\n|-damage|p2a: BLACK SNOW|24\/100\n|-crit|p2a: BLACK SNOW\n|-damage|p2a: BLACK SNOW|0 fnt\n|faint|p2a: BLACK SNOW\n|-hitcount|p2: BLACK SNOW|3\n|\n|win|theyummybagel\n|c|\u2606theyummybagel|gg\n|c|\u2606ratpacker|gg\n","uploadtime":1699717804,"views":52,"p1id":"theyummybagel","p2id":"ratpacker","formatid":"gen9nationaldexdoubles","rating":0,"private":0,"password":""}