{"id":"smogtours-gen9nationaldexdoubles-732406","p1":"Ryuji","p2":"BriefMarigold4","format":"[Gen 9] National Dex Doubles","log":"|inactive|Battle timer is ON: inactive players will automatically lose when time's up.\n|t:|1700936425\n|gametype|doubles\n|player|p1|Ryuji|#ndpliiigalarianphoenix|\n|player|p2|BriefMarigold4|2|\n|teamsize|p1|6\n|teamsize|p2|6\n|gen|9\n|tier|[Gen 9] National Dex Doubles\n|rule|HP Percentage Mod: HP is shown in percentages\n|rule|Endless Battle Clause: Forcing endless battles is banned\n|rule|OHKO Clause: OHKO moves are banned\n|rule|Evasion Moves Clause: Evasion moves are banned\n|rule|Evasion Abilities Clause: Evasion abilities are banned\n|rule|Species Clause: Limit one of each Pok\u00e9mon\n|rule|Gravity Sleep Clause: The combination of sleep-inducing moves with imperfect accuracy and Gravity or Gigantamax Orbeetle are banned\n|clearpoke\n|poke|p1|Stakataka|\n|poke|p1|Tapu Fini|\n|poke|p1|Rillaboom, M|\n|poke|p1|Marshadow|\n|poke|p1|Incineroar, M|\n|poke|p1|Flutter Mane|\n|poke|p2|Tapu Fini|\n|poke|p2|Flutter Mane|\n|poke|p2|Sinistcha-Masterpiece|\n|poke|p2|Snorlax, M|\n|poke|p2|Charizard, F|\n|poke|p2|Landorus-Therian, M|\n|teampreview\n|\n|t:|1700936444\n|start\n|switch|p1a: MR. KRABS|Incineroar, M|100\/100\n|switch|p1b: MS. PUFF|Tapu Fini|100\/100\n|switch|p2a: Flutter Mane|Flutter Mane|100\/100\n|switch|p2b: Sinistcha|Sinistcha-Masterpiece|100\/100\n|-fieldstart|move: Misty Terrain|[from] ability: Misty Surge|[of] p1b: MS. PUFF\n|-ability|p1a: MR. KRABS|Intimidate|boost\n|-unboost|p2a: Flutter Mane|atk|1\n|-unboost|p2b: Sinistcha|atk|1\n|turn|1\n|\n|t:|1700936470\n|switch|p2b: Landorus|Landorus-Therian, M|100\/100\n|-ability|p2b: Landorus|Intimidate|boost\n|-unboost|p1a: MR. KRABS|atk|1\n|-unboost|p1b: MS. PUFF|atk|1\n|move|p1b: MS. PUFF|Ice Beam|p2b: Landorus\n|-supereffective|p2b: Landorus\n|-damage|p2b: Landorus|5\/100\n|-enditem|p2b: Landorus|Sitrus Berry|[eat]\n|-heal|p2b: Landorus|30\/100|[from] item: Sitrus Berry\n|move|p2a: Flutter Mane|Moonblast|p1a: MR. KRABS\n|-damage|p1a: MR. KRABS|42\/100\n|move|p1a: MR. KRABS|Knock Off|p2b: Landorus\n|-damage|p2b: Landorus|14\/100\n|\n|upkeep\n|turn|2\n|c|\u2606BriefMarigold4|ow\n|\n|t:|1700936495\n|-end|p2a: Flutter Mane|Protosynthesis|[silent]\n|switch|p2a: Tapu Fini|Tapu Fini|100\/100\n|switch|p2b: Snorlax|Snorlax, M|100\/100\n|switch|p1a: PATRICK|Rillaboom, M|100\/100\n|-fieldstart|move: Grassy Terrain|[from] ability: Grassy Surge|[of] p1a: PATRICK\n|move|p1b: MS. PUFF|Ice Beam|p2b: Snorlax\n|-damage|p2b: Snorlax|93\/100\n|\n|-heal|p2b: Snorlax|99\/100|[from] Grassy Terrain\n|-heal|p2b: Snorlax|100\/100|[from] item: Leftovers\n|upkeep\n|turn|3\n|\n|t:|1700936515\n|switch|p1b: THE CHUM BUCKET|Stakataka|100\/100\n|switch|p2a: Flutter Mane|Flutter Mane|100\/100\n|move|p1a: PATRICK|U-turn|p2a: Flutter Mane\n|-resisted|p2a: Flutter Mane\n|-damage|p2a: Flutter Mane|89\/100\n|\n|t:|1700936525\n|switch|p1a: SANDY|Flutter Mane|100\/100|[from] U-turn\n|move|p2b: Snorlax|Curse|p2b: Snorlax\n|-unboost|p2b: Snorlax|spe|1\n|-boost|p2b: Snorlax|atk|1\n|-boost|p2b: Snorlax|def|1\n|\n|-heal|p2a: Flutter Mane|95\/100|[from] Grassy Terrain\n|upkeep\n|turn|4\n|\n|t:|1700936544\n|-end|p1a: SANDY|Protosynthesis|[silent]\n|switch|p1a: MS. PUFF|Tapu Fini|100\/100\n|-fieldstart|move: Misty Terrain|[from] ability: Misty Surge|[of] p1a: MS. PUFF\n|switch|p1b: PATRICK|Rillaboom, M|100\/100\n|-fieldstart|move: Grassy Terrain|[from] ability: Grassy Surge|[of] p1b: PATRICK\n|move|p2a: Flutter Mane|Shadow Ball|p1b: PATRICK\n|-damage|p1b: PATRICK|55\/100\n|move|p2b: Snorlax|High Horsepower|p1b: PATRICK\n|-resisted|p1b: PATRICK\n|-damage|p1b: PATRICK|38\/100\n|\n|-heal|p2a: Flutter Mane|100\/100|[from] Grassy Terrain\n|-heal|p1b: PATRICK|45\/100|[from] Grassy Terrain\n|upkeep\n|turn|5\n|c|\u2606BriefMarigold4|oh god i can never read the chum bucked right\n|\n|t:|1700936565\n|-end|p2a: Flutter Mane|Protosynthesis|[silent]\n|switch|p2a: Sinistcha|Sinistcha-Masterpiece|100\/100\n|move|p2b: Snorlax|Protect|p2b: Snorlax\n|-singleturn|p2b: Snorlax|Protect\n|move|p1b: PATRICK|Grassy Glide|p2a: Sinistcha\n|-resisted|p2a: Sinistcha\n|-damage|p2a: Sinistcha|85\/100\n|move|p1a: MS. PUFF|Trick|p2b: Snorlax\n|-activate|p2b: Snorlax|move: Protect\n|\n|-heal|p1b: PATRICK|51\/100|[from] Grassy Terrain\n|-heal|p2a: Sinistcha|91\/100|[from] Grassy Terrain\n|upkeep\n|turn|6\n|\n|t:|1700936581\n|switch|p1a: MR. KRABS|Incineroar, M|42\/100\n|-ability|p1a: MR. KRABS|Intimidate|boost\n|-unboost|p2a: Sinistcha|atk|1\n|-unboost|p2b: Snorlax|atk|1\n|move|p2a: Sinistcha|Rage Powder|p2a: Sinistcha\n|-singleturn|p2a: Sinistcha|move: Rage Powder\n|move|p1b: PATRICK|U-turn|p2b: Snorlax\n|-damage|p2b: Snorlax|87\/100\n|\n|t:|1700936587\n|switch|p1b: MS. PUFF|Tapu Fini|100\/100|[from] U-turn\n|-fieldstart|move: Misty Terrain|[from] ability: Misty Surge|[of] p1b: MS. PUFF\n|move|p2b: Snorlax|Curse|p2b: Snorlax\n|-unboost|p2b: Snorlax|spe|1\n|-boost|p2b: Snorlax|atk|1\n|-boost|p2b: Snorlax|def|1\n|\n|-heal|p2b: Snorlax|94\/100|[from] item: Leftovers\n|upkeep\n|turn|7\n|\n|t:|1700936599\n|switch|p1b: PATRICK|Rillaboom, M|51\/100\n|-fieldstart|move: Grassy Terrain|[from] ability: Grassy Surge|[of] p1b: PATRICK\n|move|p2a: Sinistcha|Rage Powder|p2a: Sinistcha\n|-singleturn|p2a: Sinistcha|move: Rage Powder\n|-zpower|p1a: MR. KRABS\n|move|p1a: MR. KRABS|Black Hole Eclipse|p2a: Sinistcha|[zeffect]\n|-supereffective|p2a: Sinistcha\n|-damage|p2a: Sinistcha|18\/100\n|move|p2b: Snorlax|Return|p1a: MR. KRABS\n|-damage|p1a: MR. KRABS|0 fnt\n|faint|p1a: MR. KRABS\n|\n|-heal|p1b: PATRICK|57\/100|[from] Grassy Terrain\n|-heal|p2a: Sinistcha|24\/100|[from] Grassy Terrain\n|-heal|p2b: Snorlax|99\/100|[from] Grassy Terrain\n|-heal|p2b: Snorlax|100\/100|[from] item: Leftovers\n|upkeep\n|\n|t:|1700936610\n|switch|p1a: SANDY|Flutter Mane|100\/100\n|turn|8\n|\n|t:|1700936632\n|switch|p2a: Charizard|Charizard, F|100\/100\n|move|p2b: Snorlax|Protect|p2b: Snorlax\n|-singleturn|p2b: Snorlax|Protect\n|move|p1a: SANDY|Shadow Ball|p2a: Charizard\n|-damage|p2a: Charizard|50\/100\n|move|p1b: PATRICK|U-turn|p2b: Snorlax\n|-activate|p2b: Snorlax|move: Protect\n|\n|-heal|p1b: PATRICK|63\/100|[from] Grassy Terrain\n|upkeep\n|turn|9\n|\n|t:|1700936648\n|detailschange|p2a: Charizard|Charizard-Mega-Y, F\n|-mega|p2a: Charizard|Charizard|Charizardite Y\n|-weather|SunnyDay|[from] ability: Drought|[of] p2a: Charizard\n|-activate|p1a: SANDY|ability: Protosynthesis\n|-start|p1a: SANDY|protosynthesisspe\n|move|p1a: SANDY|Shadow Ball|p2a: Charizard\n|-damage|p2a: Charizard|10\/100\n|move|p2a: Charizard|Heat Wave|p1b: PATRICK|[spread] p1a,p1b\n|-supereffective|p1b: PATRICK\n|-damage|p1a: SANDY|48\/100\n|-damage|p1b: PATRICK|0 fnt\n|-enditem|p1a: SANDY|Sitrus Berry|[eat]\n|-heal|p1a: SANDY|72\/100|[from] item: Sitrus Berry\n|faint|p1b: PATRICK\n|move|p2b: Snorlax|High Horsepower|p1a: SANDY\n|-damage|p1a: SANDY|22\/100\n|\n|-weather|SunnyDay|[upkeep]\n|-heal|p1a: SANDY|29\/100|[from] Grassy Terrain\n|upkeep\n|\n|t:|1700936653\n|switch|p1b: MS. PUFF|Tapu Fini|100\/100\n|-fieldstart|move: Misty Terrain|[from] ability: Misty Surge|[of] p1b: MS. PUFF\n|turn|10\n|\n|t:|1700936682\n|move|p1a: SANDY|Dazzling Gleam|p2a: Charizard|[spread] p2a,p2b\n|-resisted|p2a: Charizard\n|-damage|p2a: Charizard|0 fnt\n|-damage|p2b: Snorlax|85\/100\n|faint|p2a: Charizard\n|move|p1b: MS. PUFF|Trick|p2b: Snorlax\n|-activate|p1b: MS. PUFF|move: Trick|[of] p2b: Snorlax\n|-item|p2b: Snorlax|Choice Scarf|[from] move: Trick\n|-item|p1b: MS. PUFF|Leftovers|[from] move: Trick\n|move|p2b: Snorlax|High Horsepower|p1a: SANDY\n|-damage|p1a: SANDY|0 fnt\n|faint|p1a: SANDY\n|-end|p1a: SANDY|Protosynthesis|[silent]\n|\n|-weather|SunnyDay|[upkeep]\n|upkeep\n|\n|t:|1700936700\n|switch|p1a: THE CHUM BUCKET|Stakataka|100\/100\n|switch|p2a: Flutter Mane|Flutter Mane|100\/100\n|-activate|p2a: Flutter Mane|ability: Protosynthesis\n|-start|p2a: Flutter Mane|protosynthesisspe\n|turn|11\n|\n|t:|1700936721\n|-terastallize|p2a: Flutter Mane|Fairy\n|move|p2a: Flutter Mane|Moonblast|p1a: THE CHUM BUCKET\n|-resisted|p1a: THE CHUM BUCKET\n|-damage|p1a: THE CHUM BUCKET|47\/100\n|move|p1b: MS. PUFF|Moonblast|p2b: Snorlax\n|-damage|p2b: Snorlax|64\/100\n|move|p2b: Snorlax|High Horsepower|p1a: THE CHUM BUCKET\n|-supereffective|p1a: THE CHUM BUCKET\n|-damage|p1a: THE CHUM BUCKET|0 fnt\n|faint|p1a: THE CHUM BUCKET\n|\n|-weather|SunnyDay|[upkeep]\n|upkeep\n|\n|t:|1700936724\n|switch|p1a: SPONGEBOB|Marshadow|100\/100\n|turn|12\n|\n|t:|1700936734\n|move|p2a: Flutter Mane|Moonblast|p1a: SPONGEBOB\n|-supereffective|p1a: SPONGEBOB\n|-damage|p1a: SPONGEBOB|0 fnt\n|faint|p1a: SPONGEBOB\n|move|p1b: MS. PUFF|Moonblast|p2a: Flutter Mane\n|-damage|p2a: Flutter Mane|55\/100\n|-unboost|p2a: Flutter Mane|spa|1\n|move|p2b: Snorlax|High Horsepower|p1b: MS. PUFF\n|-damage|p1b: MS. PUFF|59\/100\n|\n|-weather|SunnyDay|[upkeep]\n|-heal|p1b: MS. PUFF|65\/100|[from] item: Leftovers\n|upkeep\n|turn|13\n|-message|Ryuji forfeited.\n|\n|win|BriefMarigold4\n","uploadtime":1700936740,"views":5,"p1id":"ryuji","p2id":"briefmarigold4","formatid":"gen9nationaldexdoubles","rating":0,"private":0,"password":""}