{"id":"smogtours-gen9nationaldexdoubles-732563","p1":"xqiht","p2":"ratpacker","format":"[Gen 9] National Dex Doubles","log":"|inactive|Battle timer is ON: inactive players will automatically lose when time's up.\n|t:|1700992482\n|gametype|doubles\n|player|p1|xqiht|#scl3shoguns|\n|player|p2|ratpacker|twins|\n|teamsize|p1|6\n|teamsize|p2|6\n|gen|9\n|tier|[Gen 9] National Dex Doubles\n|rule|HP Percentage Mod: HP is shown in percentages\n|rule|Endless Battle Clause: Forcing endless battles is banned\n|rule|OHKO Clause: OHKO moves are banned\n|rule|Evasion Moves Clause: Evasion moves are banned\n|rule|Evasion Abilities Clause: Evasion abilities are banned\n|rule|Species Clause: Limit one of each Pok\u00e9mon\n|rule|Gravity Sleep Clause: The combination of sleep-inducing moves with imperfect accuracy and Gravity or Gigantamax Orbeetle are banned\n|clearpoke\n|poke|p1|Chien-Pao|\n|poke|p1|Tapu Fini|\n|poke|p1|Metagross|\n|poke|p1|Rillaboom, F|\n|poke|p1|Zapdos|\n|poke|p1|Diancie|\n|poke|p2|Ninetales-Alola, F|\n|poke|p2|Kyurem-Black|\n|poke|p2|Tornadus, M|\n|poke|p2|Gholdengo|\n|poke|p2|Kangaskhan, F|\n|poke|p2|Ogerpon-Wellspring, F|\n|teampreview\n|c|\u2606xqiht|glhf\n|c|\u2606ratpacker|glhf\n|inactive|xqiht has 270 seconds left.\n|inactive|ratpacker has 270 seconds left.\n|\n|t:|1700992522\n|start\n|switch|p1a: Rillaboom|Rillaboom, F|100\/100\n|switch|p1b: Metagross|Metagross|100\/100\n|switch|p2a: COMMANDER|Ninetales-Alola, F|100\/100\n|switch|p2b: BLACK AND YELLOW|Tornadus, M|100\/100\n|-weather|Snow|[from] ability: Snow Warning|[of] p2a: COMMANDER\n|-fieldstart|move: Grassy Terrain|[from] ability: Grassy Surge|[of] p1a: Rillaboom\n|turn|1\n|\n|t:|1700992552\n|detailschange|p1b: Metagross|Metagross-Mega\n|-mega|p1b: Metagross|Metagross|Metagrossite\n|move|p2b: BLACK AND YELLOW|Protect|p2b: BLACK AND YELLOW\n|-singleturn|p2b: BLACK AND YELLOW|Protect\n|move|p2a: COMMANDER|Protect|p2a: COMMANDER\n|-singleturn|p2a: COMMANDER|Protect\n|move|p1a: Rillaboom|Fake Out|p2a: COMMANDER\n|-activate|p2a: COMMANDER|move: Protect\n|move|p1b: Metagross|Steel Roller|p2b: BLACK AND YELLOW\n|-activate|p2b: BLACK AND YELLOW|move: Protect\n|\n|-weather|Snow|[upkeep]\n|upkeep\n|turn|2\n|inactive|xqiht has 270 seconds left.\n|inactive|ratpacker has 270 seconds left.\n|\n|t:|1700992597\n|switch|p1a: Zapdos|Zapdos|100\/100\n|-zpower|p2b: BLACK AND YELLOW\n|move|p2b: BLACK AND YELLOW|Inferno Overdrive|p1b: Metagross|[zeffect]\n|-supereffective|p1b: Metagross\n|-damage|p1b: Metagross|0 fnt\n|faint|p1b: Metagross\n|move|p2a: COMMANDER|Aurora Veil|p2a: COMMANDER\n|-sidestart|p2: ratpacker|move: Aurora Veil\n|\n|-weather|Snow|[upkeep]\n|upkeep\n|inactive|xqiht has 270 seconds left.\n|\n|t:|1700992608\n|switch|p1b: Diancie|Diancie|100\/100\n|turn|3\n|inactive|ratpacker has 270 seconds left.\n|c|\u2606xqiht|cool set\n|c|\u2606ratpacker|thanks\n|c|\u2606ratpacker|its specifically for mgross\n|c|\u2606xqiht|yes\n|inactive|ratpacker has 240 seconds left.\n|\n|t:|1700992669\n|switch|p2b: VERSACE STEW|Gholdengo|100\/100\n|move|p2a: COMMANDER|Moonblast|p1a: Zapdos\n|-damage|p1a: Zapdos|68\/100\n|move|p1a: Zapdos|Thunderbolt|p2b: VERSACE STEW\n|-damage|p2b: VERSACE STEW|76\/100\n|move|p1b: Diancie|Diamond Storm|p2a: COMMANDER|[spread] p2a,p2b\n|-supereffective|p2a: COMMANDER\n|-resisted|p2b: VERSACE STEW\n|-damage|p2a: COMMANDER|58\/100\n|-damage|p2b: VERSACE STEW|67\/100\n|-boost|p1b: Diancie|def|2\n|\n|-weather|Snow|[upkeep]\n|-heal|p2a: COMMANDER|64\/100|[from] Grassy Terrain\n|-heal|p2b: VERSACE STEW|73\/100|[from] Grassy Terrain\n|-heal|p2b: VERSACE STEW|79\/100|[from] item: Leftovers\n|upkeep\n|turn|4\n|inactive|ratpacker has 240 seconds left.\n|inactive|ratpacker has 210 seconds left.\n|c|\u2606xqiht|this is the reason why i think u r the one of best natdex player\n|inactive|ratpacker has 180 seconds left.\n|\n|t:|1700992746\n|switch|p1b: Rillaboom|Rillaboom, F|100\/100\n|move|p2a: COMMANDER|Moonblast|p1a: Zapdos\n|-damage|p1a: Zapdos|35\/100\n|-enditem|p1a: Zapdos|Sitrus Berry|[eat]\n|-heal|p1a: Zapdos|60\/100|[from] item: Sitrus Berry\n|move|p1a: Zapdos|Tailwind|p1a: Zapdos\n|-sidestart|p1: xqiht|move: Tailwind\n|move|p2b: VERSACE STEW|Nasty Plot|p2b: VERSACE STEW\n|-boost|p2b: VERSACE STEW|spa|2\n|\n|-weather|Snow|[upkeep]\n|-heal|p2a: COMMANDER|70\/100|[from] Grassy Terrain\n|-heal|p2b: VERSACE STEW|85\/100|[from] Grassy Terrain\n|-heal|p2b: VERSACE STEW|91\/100|[from] item: Leftovers\n|upkeep\n|turn|5\n|\n|t:|1700992767\n|move|p1a: Zapdos|Thunderbolt|p2a: COMMANDER\n|-damage|p2a: COMMANDER|40\/100\n|move|p1b: Rillaboom|Wood Hammer|p2a: COMMANDER\n|-damage|p2a: COMMANDER|0 fnt\n|faint|p2a: COMMANDER\n|-damage|p1b: Rillaboom|91\/100|[from] Recoil\n|move|p2b: VERSACE STEW|Shadow Ball|p1b: Rillaboom\n|-damage|p1b: Rillaboom|27\/100\n|\n|-weather|none\n|-heal|p1b: Rillaboom|34\/100|[from] Grassy Terrain\n|-heal|p2b: VERSACE STEW|97\/100|[from] Grassy Terrain\n|-heal|p2b: VERSACE STEW|100\/100|[from] item: Leftovers\n|-fieldend|move: Grassy Terrain\n|upkeep\n|inactive|ratpacker has 180 seconds left.\n|\n|t:|1700992784\n|switch|p2a: BLACK SNOW|Kyurem-Black|100\/100\n|-ability|p2a: BLACK SNOW|Teravolt\n|turn|6\n|inactive|ratpacker has 180 seconds left.\n|\n|t:|1700992809\n|move|p1a: Zapdos|Thunderbolt|p2b: VERSACE STEW\n|-damage|p2b: VERSACE STEW|79\/100\n|move|p1b: Rillaboom|U-turn|p2a: BLACK SNOW\n|-damage|p2a: BLACK SNOW|88\/100\n|\n|t:|1700992812\n|switch|p1b: Tapu Fini|Tapu Fini|100\/100|[from] U-turn\n|-fieldstart|move: Misty Terrain|[from] ability: Misty Surge|[of] p1b: Tapu Fini\n|move|p2a: BLACK SNOW|Dragon Dance|p2a: BLACK SNOW\n|-boost|p2a: BLACK SNOW|atk|1\n|-boost|p2a: BLACK SNOW|spe|1\n|move|p2b: VERSACE STEW|Make It Rain|p1a: Zapdos|[spread] p1a,p1b\n|-resisted|p1a: Zapdos\n|-damage|p1a: Zapdos|20\/100\n|-damage|p1b: Tapu Fini|32\/100\n|-unboost|p2b: VERSACE STEW|spa|1\n|-enditem|p1b: Tapu Fini|Sitrus Berry|[eat]\n|-heal|p1b: Tapu Fini|57\/100|[from] item: Sitrus Berry\n|\n|-heal|p2b: VERSACE STEW|85\/100|[from] item: Leftovers\n|upkeep\n|turn|7\n|inactive|ratpacker has 180 seconds left.\n|inactive|ratpacker has 150 seconds left.\n|\n|t:|1700992877\n|-terastallize|p1a: Zapdos|Water\n|move|p2a: BLACK SNOW|Protect|p2a: BLACK SNOW\n|-singleturn|p2a: BLACK SNOW|Protect\n|move|p1b: Tapu Fini|Heal Pulse|p1a: Zapdos\n|-heal|p1a: Zapdos|70\/100\n|move|p2b: VERSACE STEW|Shadow Ball|p1a: Zapdos\n|-damage|p1a: Zapdos|20\/100\n|-unboost|p1a: Zapdos|spd|1\n|move|p1a: Zapdos|Whirlwind|p2a: BLACK SNOW\n|drag|p2a: OGRE SOUNDS|Kangaskhan, F|100\/100\n|\n|-heal|p2b: VERSACE STEW|91\/100|[from] item: Leftovers\n|-sideend|p1: xqiht|move: Tailwind\n|upkeep\n|turn|8\n|inactive|ratpacker has 150 seconds left.\n|c|\u2606ratpacker|thanks for the praise :)\n|inactive|xqiht has 270 seconds left.\n|\n|t:|1700992919\n|detailschange|p2a: OGRE SOUNDS|Kangaskhan-Mega, F\n|-mega|p2a: OGRE SOUNDS|Kangaskhan|Kangaskhanite\n|move|p2a: OGRE SOUNDS|Fake Out|p1a: Zapdos\n|-damage|p1a: Zapdos|4\/100\n|-damage|p1a: Zapdos|0 fnt\n|faint|p1a: Zapdos\n|-hitcount|p1: Zapdos|2\n|move|p2b: VERSACE STEW|Nasty Plot|p2b: VERSACE STEW\n|-boost|p2b: VERSACE STEW|spa|2\n|move|p1b: Tapu Fini|Nature's Madness|p2a: OGRE SOUNDS\n|-damage|p2a: OGRE SOUNDS|50\/100\n|\n|-heal|p2b: VERSACE STEW|97\/100|[from] item: Leftovers\n|upkeep\n|\n|t:|1700992922\n|switch|p1a: Chien-Pao|Chien-Pao|100\/100\n|-ability|p1a: Chien-Pao|Sword of Ruin\n|turn|9\n|inactive|ratpacker has 150 seconds left.\n|\n|t:|1700992937\n|switch|p2a: BLACK AND YELLOW|Tornadus, M|100\/100\n|move|p1a: Chien-Pao|Protect|p1a: Chien-Pao\n|-singleturn|p1a: Chien-Pao|Protect\n|move|p2b: VERSACE STEW|Make It Rain|p1a: Chien-Pao|[spread] p1b\n|-activate|p1a: Chien-Pao|move: Protect\n|-damage|p1b: Tapu Fini|0 fnt\n|-unboost|p2b: VERSACE STEW|spa|1\n|faint|p1b: Tapu Fini\n|\n|-heal|p2b: VERSACE STEW|100\/100|[from] item: Leftovers\n|-sideend|p2: ratpacker|move: Aurora Veil\n|upkeep\n|\n|t:|1700992949\n|switch|p1b: Rillaboom|Rillaboom, F|34\/100\n|-fieldstart|move: Grassy Terrain|[from] ability: Grassy Surge|[of] p1b: Rillaboom\n|turn|10\n|\n|t:|1700992958\n|-terastallize|p2b: VERSACE STEW|Water\n|move|p1b: Rillaboom|Fake Out|p2a: BLACK AND YELLOW\n|-damage|p2a: BLACK AND YELLOW|72\/100\n|cant|p2a: BLACK AND YELLOW|flinch\n|-zpower|p1a: Chien-Pao\n|move|p1a: Chien-Pao|Black Hole Eclipse|p2b: VERSACE STEW|[zeffect]\n|-damage|p2b: VERSACE STEW|0 fnt\n|faint|p2b: VERSACE STEW\n|\n|-heal|p1b: Rillaboom|40\/100|[from] Grassy Terrain\n|upkeep\n|inactive|ratpacker has 150 seconds left.\n|\n|t:|1700992986\n|switch|p2b: BLACK SNOW|Kyurem-Black|88\/100\n|-ability|p2b: BLACK SNOW|Teravolt\n|turn|11\n|\n|t:|1700992994\n|move|p2a: BLACK AND YELLOW|Tailwind|p2a: BLACK AND YELLOW\n|-sidestart|p2: ratpacker|move: Tailwind\n|move|p2b: BLACK SNOW|Icicle Spear|p1b: Rillaboom\n|-supereffective|p1b: Rillaboom\n|-damage|p1b: Rillaboom|4\/100\n|-supereffective|p1b: Rillaboom\n|-damage|p1b: Rillaboom|0 fnt\n|faint|p1b: Rillaboom\n|-hitcount|p1: Rillaboom|2\n|move|p1a: Chien-Pao|Icicle Crash|p2a: BLACK AND YELLOW\n|-supereffective|p2a: BLACK AND YELLOW\n|-damage|p2a: BLACK AND YELLOW|0 fnt\n|faint|p2a: BLACK AND YELLOW\n|\n|-heal|p2b: BLACK SNOW|94\/100|[from] Grassy Terrain\n|upkeep\n|inactive|ratpacker has 180 seconds left.\n|\n|t:|1700993019\n|switch|p2a: OGRE SOUNDS|Kangaskhan-Mega, F|50\/100\n|switch|p1b: Diancie|Diancie|100\/100\n|turn|12\n|inactive|ratpacker has 180 seconds left.\n|inactive|ratpacker has 150 seconds left.\n|c|\u2606xqiht|i have a dinner\uff0cquickly please\uff1a)\n|c|\u2606ratpacker|i know but i can't rush when i play\n|inactive|ratpacker has 120 seconds left.\n|c|\u2606xqiht|kk\n|\n|t:|1700993106\n|move|p2a: OGRE SOUNDS|Fake Out|p1b: Diancie\n|-resisted|p1b: Diancie\n|-damage|p1b: Diancie|92\/100\n|-resisted|p1b: Diancie\n|-damage|p1b: Diancie|90\/100\n|-hitcount|p1b: Diancie|2\n|move|p2b: BLACK SNOW|Fusion Bolt|p1a: Chien-Pao\n|-damage|p1a: Chien-Pao|47\/100\n|move|p1a: Chien-Pao|Crunch|p2a: OGRE SOUNDS\n|-damage|p2a: OGRE SOUNDS|13\/100\n|cant|p1b: Diancie|flinch\n|\n|-heal|p2a: OGRE SOUNDS|19\/100|[from] Grassy Terrain\n|-heal|p2b: BLACK SNOW|99\/100|[from] Grassy Terrain\n|-heal|p1a: Chien-Pao|53\/100|[from] Grassy Terrain\n|-heal|p1b: Diancie|96\/100|[from] Grassy Terrain\n|upkeep\n|turn|13\n|inactive|ratpacker has 120 seconds left.\n|\n|t:|1700993125\n|move|p1a: Chien-Pao|Protect|p1a: Chien-Pao\n|-singleturn|p1a: Chien-Pao|Protect\n|move|p2a: OGRE SOUNDS|Seismic Toss|p1b: Diancie\n|-damage|p1b: Diancie|63\/100\n|-damage|p1b: Diancie|30\/100\n|-hitcount|p1b: Diancie|2\n|move|p2b: BLACK SNOW|Icicle Spear|p1b: Diancie\n|-damage|p1b: Diancie|13\/100\n|-damage|p1b: Diancie|0 fnt\n|faint|p1b: Diancie\n|-hitcount|p1: Diancie|2\n|\n|-heal|p2a: OGRE SOUNDS|25\/100|[from] Grassy Terrain\n|-heal|p2b: BLACK SNOW|100\/100|[from] Grassy Terrain\n|-heal|p1a: Chien-Pao|59\/100|[from] Grassy Terrain\n|upkeep\n|turn|14\n|c|\u2606xqiht|gg\n|\n|t:|1700993138\n|move|p1a: Chien-Pao|Sucker Punch|p2a: OGRE SOUNDS\n|-damage|p2a: OGRE SOUNDS|0 fnt\n|faint|p2a: OGRE SOUNDS\n|move|p2b: BLACK SNOW|Fusion Bolt|p1a: Chien-Pao\n|-damage|p1a: Chien-Pao|3\/100\n|\n|-heal|p1a: Chien-Pao|9\/100|[from] Grassy Terrain\n|-sideend|p2: ratpacker|move: Tailwind\n|-fieldend|move: Grassy Terrain\n|upkeep\n|\n|t:|1700993140\n|switch|p2a: THE FINAL GATES|Ogerpon-Wellspring, F|100\/100\n|turn|15\n|\n|t:|1700993144\n|move|p1a: Chien-Pao|Icicle Crash|p2a: THE FINAL GATES\n|-damage|p2a: THE FINAL GATES|51\/100\n|move|p2b: BLACK SNOW|Icicle Spear|p1a: Chien-Pao\n|-resisted|p1a: Chien-Pao\n|-damage|p1a: Chien-Pao|0 fnt\n|faint|p1a: Chien-Pao\n|-hitcount|p1: Chien-Pao|1\n|\n|win|ratpacker\n","uploadtime":1700993145,"views":40,"p1id":"xqiht","p2id":"ratpacker","formatid":"gen9nationaldexdoubles","rating":0,"private":0,"password":""}