{"id":"smogtours-gen9nationaldexdoubles-731320","p1":"JesterArtisticBoi","p2":"Demonlord_001","format":"[Gen 9] National Dex Doubles","log":"|inactive|Battle timer is ON: inactive players will automatically lose when time's up.\n|t:|1700346395\n|gametype|doubles\n|player|p1|JesterArtisticBoi|rocketgrunt|\n|player|p2|Demonlord_001|n|\n|teamsize|p1|6\n|teamsize|p2|6\n|gen|9\n|tier|[Gen 9] National Dex Doubles\n|rule|HP Percentage Mod: HP is shown in percentages\n|rule|Endless Battle Clause: Forcing endless battles is banned\n|rule|OHKO Clause: OHKO moves are banned\n|rule|Evasion Moves Clause: Evasion moves are banned\n|rule|Evasion Abilities Clause: Evasion abilities are banned\n|rule|Species Clause: Limit one of each Pok\u00e9mon\n|rule|Gravity Sleep Clause: The combination of sleep-inducing moves with imperfect accuracy and Gravity or Gigantamax Orbeetle are banned\n|clearpoke\n|poke|p1|Gengar, M|\n|poke|p1|Ursaluna, M|\n|poke|p1|Gardevoir, M|\n|poke|p1|Inteleon, M|\n|poke|p1|Meloetta|\n|poke|p1|Delphox, M|\n|poke|p2|Grimmsnarl, M|\n|poke|p2|Snorlax, M|\n|poke|p2|Tornadus, M|\n|poke|p2|Lucario, F|\n|poke|p2|Indeedee-F, F|\n|poke|p2|Sableye, M|\n|teampreview\n|\n|t:|1700346405\n|start\n|switch|p1a: Gengar|Gengar, M|100\/100\n|switch|p1b: Delphox|Delphox, M, shiny|100\/100\n|switch|p2a: Indeedee|Indeedee-F, F|100\/100\n|switch|p2b: Snorlax|Snorlax, M|100\/100\n|-fieldstart|move: Psychic Terrain|[from] ability: Psychic Surge|[of] p2a: Indeedee\n|turn|1\n|\n|t:|1700346420\n|move|p1b: Delphox|Metronome|p1b: Delphox\n|move|p1b: Delphox|Accelerock|p2b: Snorlax|[from]move: Metronome\n|-damage|p2b: Snorlax|96\/100\n|move|p1a: Gengar|Metronome|p1a: Gengar\n|move|p1a: Gengar|Reflect Type|p2b: Snorlax|[from]move: Metronome\n|-start|p1a: Gengar|typechange|[from] move: Reflect Type|[of] p2b: Snorlax\n|move|p2a: Indeedee|Metronome|p2a: Indeedee\n|move|p2a: Indeedee|Tearful Look|p1b: Delphox|[from]move: Metronome\n|-unboost|p1b: Delphox|atk|1\n|-unboost|p1b: Delphox|spa|1\n|move|p2b: Snorlax|Metronome|p2b: Snorlax\n|move|p2b: Snorlax|Tickle|p1a: Gengar|[from]move: Metronome\n|-unboost|p1a: Gengar|atk|1\n|-unboost|p1a: Gengar|def|1\n|\n|upkeep\n|-start|p1a: Gengar|typechange|Normal|[silent]\n|turn|2\n|\n|t:|1700346438\n|move|p1b: Delphox|Metronome|p1b: Delphox\n|move|p1b: Delphox|Petal Blizzard|p2a: Indeedee|[from]move: Metronome|[spread] p1a,p2a,p2b\n|-damage|p1a: Gengar|81\/100\n|-damage|p2a: Indeedee|92\/100\n|-damage|p2b: Snorlax|91\/100\n|move|p1a: Gengar|Metronome|p1a: Gengar\n|move|p1a: Gengar|Stored Power|p2b: Snorlax|[from]move: Metronome\n|-damage|p2b: Snorlax|85\/100\n|move|p2a: Indeedee|Metronome|p2a: Indeedee\n|move|p2a: Indeedee|Nuzzle|p1a: Gengar|[from]move: Metronome\n|-damage|p1a: Gengar|75\/100\n|-status|p1a: Gengar|par\n|-start|p2a: Indeedee|Disable|Metronome|[from] ability: Cursed Body|[of] p1a: Gengar\n|move|p2b: Snorlax|Metronome|p2b: Snorlax\n|move|p2b: Snorlax|Swallow||[from]move: Metronome|[still]\n|-fail|p2b: Snorlax\n|\n|upkeep\n|turn|3\n|\n|t:|1700346461\n|move|p1b: Delphox|Metronome|p1b: Delphox\n|move|p1b: Delphox|Power Trip|p2b: Snorlax|[from]move: Metronome\n|-damage|p2b: Snorlax|84\/100\n|-activate|p2a: Indeedee|move: Struggle\n|move|p2a: Indeedee|Struggle|p1a: Gengar\n|-damage|p1a: Gengar|59\/100 par\n|-damage|p2a: Indeedee|67\/100|[from] recoil\n|move|p1a: Gengar|Metronome|p1a: Gengar\n|move|p1a: Gengar|Flip Turn|p2b: Snorlax|[from]move: Metronome\n|-damage|p2b: Snorlax|80\/100\n|\n|t:|1700346476\n|switch|p1a: Gardevoir|Gardevoir, M, shiny|100\/100|[from] Flip Turn\n|move|p2b: Snorlax|Metronome|p2b: Snorlax\n|move|p2b: Snorlax|Absorb|p1a: Gardevoir|[from]move: Metronome\n|-damage|p1a: Gardevoir|97\/100\n|-heal|p2b: Snorlax|81\/100|[from] drain|[of] p1a: Gardevoir\n|\n|upkeep\n|turn|4\n|\n|t:|1700346486\n|move|p1b: Delphox|Metronome|p1b: Delphox\n|move|p1b: Delphox|Guillotine|p2b: Snorlax|[from]move: Metronome|[miss]\n|-miss|p1b: Delphox|p2b: Snorlax\n|-activate|p2a: Indeedee|move: Struggle\n|move|p2a: Indeedee|Struggle|p1a: Gardevoir\n|-damage|p1a: Gardevoir|88\/100\n|-damage|p2a: Indeedee|42\/100|[from] recoil\n|move|p1a: Gardevoir|Metronome|p1a: Gardevoir\n|move|p1a: Gardevoir|Esper Wing|p2a: Indeedee|[from]move: Metronome\n|-resisted|p2a: Indeedee\n|-damage|p2a: Indeedee|16\/100\n|-boost|p1a: Gardevoir|spe|1\n|move|p2b: Snorlax|Metronome|p2b: Snorlax\n|move|p2b: Snorlax|Clanging Scales|p1b: Delphox|[from]move: Metronome|[spread] p1b\n|-immune|p1a: Gardevoir\n|-damage|p1b: Delphox|87\/100\n|-unboost|p2b: Snorlax|def|1\n|\n|upkeep\n|turn|5\n|\n|t:|1700346512\n|move|p1a: Gardevoir|Metronome|p1a: Gardevoir\n|move|p1a: Gardevoir|Syrup Bomb|p2b: Snorlax|[from]move: Metronome\n|-damage|p2b: Snorlax|68\/100\n|-start|p2b: Snorlax|Syrup Bomb\n|move|p1b: Delphox|Metronome|p1b: Delphox\n|move|p1b: Delphox|Doom Desire|p2b: Snorlax|[from]move: Metronome\n|-start|p1b: Delphox|Doom Desire\n|-activate|p2a: Indeedee|move: Struggle\n|move|p2a: Indeedee|Struggle|p1a: Gardevoir\n|-damage|p1a: Gardevoir|78\/100\n|-damage|p2a: Indeedee|0 fnt|[from] recoil\n|faint|p2a: Indeedee\n|move|p2b: Snorlax|Metronome|p2b: Snorlax\n|move|p2b: Snorlax|Shadow Force||[from]move: Metronome|[still]\n|-prepare|p2b: Snorlax|Shadow Force\n|\n|-unboost|p2b: Snorlax|spe|1\n|-fieldend|move: Psychic Terrain\n|upkeep\n|inactive|Demonlord_001 has 270 seconds left.\n|\n|t:|1700346532\n|switch|p2a: Sableye|Sableye, M|100\/100\n|turn|6\n|\n|t:|1700346538\n|move|p2a: Sableye|Metronome|p2a: Sableye\n|move|p2a: Sableye|Eruption|p1a: Gardevoir|[from]move: Metronome|[spread] p1a,p1b\n|-resisted|p1b: Delphox\n|-damage|p1a: Gardevoir|56\/100\n|-damage|p1b: Delphox|75\/100\n|move|p1a: Gardevoir|Metronome|p1a: Gardevoir\n|move|p1a: Gardevoir|Dire Claw|p2a: Sableye|[from]move: Metronome\n|-resisted|p2a: Sableye\n|-damage|p2a: Sableye|88\/100\n|-status|p2a: Sableye|par\n|move|p1b: Delphox|Metronome|p1b: Delphox\n|move|p1b: Delphox|Low Kick|p2b: Snorlax|[from]move: Metronome|[miss]\n|-miss|p1b: Delphox|p2b: Snorlax\n|move|p2b: Snorlax|Shadow Force|p1a: Gardevoir|[from]lockedmove\n|-supereffective|p1a: Gardevoir\n|-damage|p1a: Gardevoir|0 fnt\n|faint|p1a: Gardevoir\n|\n|-unboost|p2b: Snorlax|spe|1\n|upkeep\n|\n|t:|1700346567\n|switch|p1a: Ursaluna|Ursaluna, M, shiny|100\/100\n|turn|7\n|\n|t:|1700346571\n|cant|p2a: Sableye|par\n|move|p1b: Delphox|Metronome|p1b: Delphox\n|move|p1b: Delphox|Waterfall|p2a: Sableye|[from]move: Metronome\n|-damage|p2a: Sableye|73\/100 par\n|move|p1a: Ursaluna|Metronome|p1a: Ursaluna\n|move|p1a: Ursaluna|Avalanche|p2a: Sableye|[from]move: Metronome\n|-damage|p2a: Sableye|42\/100 par\n|move|p2b: Snorlax|Metronome|p2b: Snorlax\n|move|p2b: Snorlax|Misty Terrain|p2b: Snorlax|[from]move: Metronome\n|-fieldstart|move: Misty Terrain\n|\n|-end|p2b: Snorlax|move: Doom Desire\n|-damage|p2b: Snorlax|50\/100\n|-unboost|p2b: Snorlax|spe|1\n|upkeep\n|turn|8\n|\n|t:|1700346591\n|cant|p2a: Sableye|par\n|move|p1b: Delphox|Metronome|p1b: Delphox\n|move|p1b: Delphox|Psychic Terrain|p1b: Delphox|[from]move: Metronome\n|-fieldstart|move: Psychic Terrain\n|move|p1a: Ursaluna|Metronome|p1a: Ursaluna\n|move|p1a: Ursaluna|Worry Seed|p2b: Snorlax|[from]move: Metronome\n|-endability|p2b: Snorlax|Thick Fat|[from] move: Worry Seed\n|-ability|p2b: Snorlax|Insomnia|[from] move: Worry Seed\n|move|p2b: Snorlax|Metronome|p2b: Snorlax\n|move|p2b: Snorlax|Toxic Spikes|p1b: Delphox|[from]move: Metronome\n|-sidestart|p1: JesterArtisticBoi|move: Toxic Spikes\n|\n|-end|p2b: Snorlax|Syrup Bomb|[silent]\n|upkeep\n|turn|9\n|\n|t:|1700346606\n|move|p2a: Sableye|Metronome|p2a: Sableye\n|move|p2a: Sableye|Rain Dance|p2a: Sableye|[from]move: Metronome\n|-weather|RainDance\n|move|p1b: Delphox|Metronome|p1b: Delphox\n|move|p1b: Delphox|Head Smash|p2a: Sableye|[from]move: Metronome\n|-damage|p2a: Sableye|12\/100 par\n|-damage|p1b: Delphox|65\/100|[from] Recoil\n|move|p1a: Ursaluna|Metronome|p1a: Ursaluna\n|move|p1a: Ursaluna|Defog|p2b: Snorlax|[from]move: Metronome\n|-unboost|p2b: Snorlax|evasion|1\n|-sideend|p1: JesterArtisticBoi|Toxic Spikes|[from] move: Defog|[of] p1a: Ursaluna\n|-fieldend|move: Psychic Terrain\n|move|p2b: Snorlax|Metronome|p2b: Snorlax\n|move|p2b: Snorlax|Frost Breath|p1b: Delphox|[from]move: Metronome\n|-resisted|p1b: Delphox\n|-crit|p1b: Delphox\n|-damage|p1b: Delphox|57\/100\n|\n|-weather|RainDance|[upkeep]\n|upkeep\n|turn|10\n|\n|t:|1700346627\n|cant|p2a: Sableye|par\n|move|p1b: Delphox|Metronome|p1b: Delphox\n|move|p1b: Delphox|Dig||[from]move: Metronome|[still]\n|-prepare|p1b: Delphox|Dig\n|move|p1a: Ursaluna|Metronome|p1a: Ursaluna\n|move|p1a: Ursaluna|Pollen Puff|p2b: Snorlax|[from]move: Metronome\n|-damage|p2b: Snorlax|40\/100\n|move|p2b: Snorlax|Metronome|p2b: Snorlax\n|move|p2b: Snorlax|Fiery Dance|p1a: Ursaluna|[from]move: Metronome\n|-damage|p1a: Ursaluna|94\/100\n|\n|-weather|RainDance|[upkeep]\n|upkeep\n|turn|11\n|\n|t:|1700346645\n|move|p2a: Sableye|Metronome|p2a: Sableye\n|move|p2a: Sableye|Dragon Rush|p1a: Ursaluna|[from]move: Metronome\n|-damage|p1a: Ursaluna|72\/100\n|move|p1b: Delphox|Dig|p2b: Snorlax|[from]lockedmove\n|-damage|p2b: Snorlax|33\/100\n|move|p1a: Ursaluna|Metronome|p1a: Ursaluna\n|move|p1a: Ursaluna|Torch Song|p2a: Sableye|[from]move: Metronome\n|-damage|p2a: Sableye|0 fnt\n|-boost|p1a: Ursaluna|spa|1\n|faint|p2a: Sableye\n|move|p2b: Snorlax|Metronome|p2b: Snorlax\n|move|p2b: Snorlax|Boomburst|p1a: Ursaluna|[from]move: Metronome|[spread] p1a,p1b\n|-damage|p1a: Ursaluna|46\/100\n|-damage|p1b: Delphox|30\/100\n|\n|-weather|RainDance|[upkeep]\n|upkeep\n|inactive|Demonlord_001 has 270 seconds left.\n|\n|t:|1700346665\n|switch|p2a: Tornadus|Tornadus, M|100\/100\n|turn|12\n|\n|t:|1700346670\n|move|p2a: Tornadus|Metronome|p2a: Tornadus\n|move|p2a: Tornadus|Close Combat|p1b: Delphox|[from]move: Metronome\n|-resisted|p1b: Delphox\n|-damage|p1b: Delphox|13\/100\n|-unboost|p2a: Tornadus|def|1\n|-unboost|p2a: Tornadus|spd|1\n|move|p1b: Delphox|Metronome|p1b: Delphox\n|move|p1b: Delphox|Slack Off|p1b: Delphox|[from]move: Metronome\n|-heal|p1b: Delphox|63\/100\n|move|p1a: Ursaluna|Metronome|p1a: Ursaluna\n|move|p1a: Ursaluna|Facade|p2a: Tornadus|[from]move: Metronome\n|-damage|p2a: Tornadus|43\/100\n|move|p2b: Snorlax|Metronome|p2b: Snorlax\n|move|p2b: Snorlax|Inferno|p1b: Delphox|[from]move: Metronome\n|-resisted|p1b: Delphox\n|-damage|p1b: Delphox|60\/100\n|\n|-weather|RainDance|[upkeep]\n|upkeep\n|turn|13\n|\n|t:|1700346694\n|move|p2a: Tornadus|Metronome|p2a: Tornadus\n|move|p2a: Tornadus|Entrainment|p1b: Delphox|[from]move: Metronome\n|-endability|p1b: Delphox|Magician|[from] move: Entrainment\n|-ability|p1b: Delphox|Prankster|[from] move: Entrainment\n|move|p1b: Delphox|Metronome|p1b: Delphox\n|move|p1b: Delphox|Iron Head|p2a: Tornadus|[from]move: Metronome\n|-damage|p2a: Tornadus|25\/100\n|move|p1a: Ursaluna|Metronome|p1a: Ursaluna\n|move|p1a: Ursaluna|Mega Kick|p2a: Tornadus|[from]move: Metronome\n|-damage|p2a: Tornadus|0 fnt\n|faint|p2a: Tornadus\n|move|p2b: Snorlax|Metronome|p2b: Snorlax\n|move|p2b: Snorlax|Muddy Water|p1b: Delphox|[from]move: Metronome|[spread] p1a,p1b\n|-supereffective|p1a: Ursaluna\n|-supereffective|p1b: Delphox\n|-damage|p1a: Ursaluna|14\/100\n|-damage|p1b: Delphox|25\/100\n|\n|-weather|none\n|upkeep\n|inactive|Demonlord_001 has 270 seconds left.\n|\n|t:|1700346715\n|switch|p2a: Grimmsnarl|Grimmsnarl, M|100\/100\n|turn|14\n|\n|t:|1700346719\n|move|p1b: Delphox|Metronome|p1b: Delphox\n|move|p1b: Delphox|Magnetic Flux||[from]move: Metronome|[still]\n|-fail|p1b: Delphox\n|move|p2a: Grimmsnarl|Metronome|p2a: Grimmsnarl\n|move|p2a: Grimmsnarl|Spite|p1a: Ursaluna|[from]move: Metronome\n|-activate|p1a: Ursaluna|move: Spite|Metronome|4\n|move|p1a: Ursaluna|Metronome|p1a: Ursaluna\n|move|p1a: Ursaluna|Hone Claws|p1a: Ursaluna|[from]move: Metronome\n|-boost|p1a: Ursaluna|atk|1\n|-boost|p1a: Ursaluna|accuracy|1\n|move|p2b: Snorlax|Metronome|p2b: Snorlax\n|move|p2b: Snorlax|Metal Burst||[from]move: Metronome|[still]\n|-fail|p2b: Snorlax\n|\n|upkeep\n|turn|15\n|\n|t:|1700346737\n|move|p1b: Delphox|Metronome|p1b: Delphox\n|move|p1b: Delphox|First Impression||[from]move: Metronome|[still]\n|-hint|First Impression only works on your first turn out.\n|-fail|p1b: Delphox\n|move|p2a: Grimmsnarl|Metronome|p2a: Grimmsnarl\n|move|p2a: Grimmsnarl|Psychic Terrain|p2a: Grimmsnarl|[from]move: Metronome\n|-fieldstart|move: Psychic Terrain\n|move|p1a: Ursaluna|Metronome|p1a: Ursaluna\n|move|p1a: Ursaluna|Fissure|p2b: Snorlax|[from]move: Metronome\n|-damage|p2b: Snorlax|0 fnt\n|faint|p2b: Snorlax\n|-ohko\n|\n|upkeep\n|\n|t:|1700346750\n|switch|p2b: Lucario|Lucario, F|100\/100\n|turn|16\n|\n|t:|1700346755\n|move|p1b: Delphox|Metronome|p1b: Delphox\n|move|p1b: Delphox|Acid Armor|p1b: Delphox|[from]move: Metronome\n|-boost|p1b: Delphox|def|2\n|move|p2a: Grimmsnarl|Metronome|p2a: Grimmsnarl\n|move|p2a: Grimmsnarl|Night Slash|p1b: Delphox|[from]move: Metronome\n|-activate|p1b: Delphox|move: Psychic Terrain\n|move|p2b: Lucario|Metronome|p2b: Lucario\n|move|p2b: Lucario|Poison Powder|p1a: Ursaluna|[from]move: Metronome|[miss]\n|-miss|p2b: Lucario|p1a: Ursaluna\n|move|p1a: Ursaluna|Metronome|p1a: Ursaluna\n|move|p1a: Ursaluna|Drain Punch|p2b: Lucario|[from]move: Metronome\n|-supereffective|p2b: Lucario\n|-damage|p2b: Lucario|0 fnt\n|-heal|p1a: Ursaluna|57\/100|[from] drain|[of] p2b: Lucario\n|faint|p2b: Lucario\n|\n|upkeep\n|turn|17\n|\n|t:|1700346777\n|move|p1b: Delphox|Metronome|p1b: Delphox\n|move|p1b: Delphox|Iron Defense|p1b: Delphox|[from]move: Metronome\n|-boost|p1b: Delphox|def|2\n|-enditem|p1b: Delphox|Leppa Berry|[eat]\n|-activate|p1b: Delphox|item: Leppa Berry|Metronome|[consumed]\n|move|p2a: Grimmsnarl|Metronome|p2a: Grimmsnarl\n|move|p2a: Grimmsnarl|Double Kick|p1b: Delphox|[from]move: Metronome\n|-activate|p1b: Delphox|move: Psychic Terrain\n|move|p1a: Ursaluna|Metronome|p1a: Ursaluna\n|move|p1a: Ursaluna|Bleakwind Storm|p2a: Grimmsnarl|[from]move: Metronome\n|-damage|p2a: Grimmsnarl|66\/100\n|-unboost|p2a: Grimmsnarl|spe|1\n|\n|upkeep\n|turn|18\n|\n|t:|1700346792\n|move|p1b: Delphox|Metronome|p1b: Delphox\n|move|p1b: Delphox|Toxic Spikes|p2a: Grimmsnarl|[from]move: Metronome\n|-sidestart|p2: Demonlord_001|move: Toxic Spikes\n|move|p2a: Grimmsnarl|Metronome|p2a: Grimmsnarl\n|move|p2a: Grimmsnarl|Revelation Dance|p1b: Delphox|[from]move: Metronome\n|-activate|p1b: Delphox|move: Psychic Terrain\n|move|p1a: Ursaluna|Metronome|p1a: Ursaluna\n|move|p1a: Ursaluna|Darkest Lariat|p2a: Grimmsnarl|[from]move: Metronome\n|-resisted|p2a: Grimmsnarl\n|-damage|p2a: Grimmsnarl|55\/100\n|-enditem|p1a: Ursaluna|Leppa Berry|[eat]\n|-activate|p1a: Ursaluna|item: Leppa Berry|Metronome|[consumed]\n|\n|upkeep\n|turn|19\n|\n|t:|1700346807\n|move|p1b: Delphox|Metronome|p1b: Delphox\n|move|p1b: Delphox|Power Trick|p1b: Delphox|[from]move: Metronome\n|-start|p1b: Delphox|Power Trick\n|move|p2a: Grimmsnarl|Metronome|p2a: Grimmsnarl\n|move|p2a: Grimmsnarl|Petal Blizzard|p1b: Delphox|[from]move: Metronome|[spread] \n|-activate|p1a: Ursaluna|move: Psychic Terrain\n|-activate|p1b: Delphox|move: Psychic Terrain\n|move|p1a: Ursaluna|Metronome|p1a: Ursaluna\n|move|p1a: Ursaluna|Focus Blast|p2a: Grimmsnarl|[from]move: Metronome\n|-damage|p2a: Grimmsnarl|15\/100\n|\n|-fieldend|move: Psychic Terrain\n|upkeep\n|turn|20\n|\n|t:|1700346822\n|move|p1b: Delphox|Metronome|p1b: Delphox\n|move|p1b: Delphox|Strength Sap|p2a: Grimmsnarl|[from]move: Metronome\n|-hint|Since gen 7, Dark is immune to Prankster moves.\n|-immune|p2a: Grimmsnarl\n|move|p2a: Grimmsnarl|Metronome|p2a: Grimmsnarl\n|move|p2a: Grimmsnarl|Attack Order|p1a: Ursaluna|[from]move: Metronome\n|-damage|p1a: Ursaluna|31\/100\n|move|p1a: Ursaluna|Metronome|p1a: Ursaluna\n|move|p1a: Ursaluna|Circle Throw|p2a: Grimmsnarl|[from]move: Metronome\n|-damage|p2a: Grimmsnarl|0 fnt\n|faint|p2a: Grimmsnarl\n|\n|win|JesterArtisticBoi\n","uploadtime":1700346823,"views":4,"p1id":"jesterartisticboi","p2id":"demonlord001","formatid":"gen9nationaldexdoubles","rating":0,"private":0,"password":""}