{"id":"smogtours-gen9nationaldexdoubles-718651","p1":"smudgerox","p2":"Spurrific","format":"[Gen 9] National Dex Doubles","log":"|inactive|Battle timer is ON: inactive players will automatically lose when time's up.\n|t:|1695524611\n|gametype|doubles\n|player|p1|smudgerox|#dwcopiii|\n|player|p2|Spurrific|#scl2dynamos|\n|teamsize|p1|6\n|teamsize|p2|6\n|gen|9\n|tier|[Gen 9] National Dex Doubles\n|rule|HP Percentage Mod: HP is shown in percentages\n|rule|Endless Battle Clause: Forcing endless battles is banned\n|rule|OHKO Clause: OHKO moves are banned\n|rule|Evasion Moves Clause: Evasion moves are banned\n|rule|Evasion Abilities Clause: Evasion abilities are banned\n|rule|Species Clause: Limit one of each Pok\u00e9mon\n|rule|Gravity Sleep Clause: The combination of sleep-inducing moves with imperfect accuracy and Gravity or Gigantamax Orbeetle are banned\n|clearpoke\n|poke|p1|Tornadus, M|\n|poke|p1|Ogerpon-Hearthflame, F|\n|poke|p1|Rillaboom, F|\n|poke|p1|Chi-Yu|\n|poke|p1|Zamazenta-*|\n|poke|p1|Flutter Mane|\n|poke|p2|Baxcalibur, M|\n|poke|p2|Zamazenta-*|\n|poke|p2|Flutter Mane|\n|poke|p2|Rillaboom, M|\n|poke|p2|Jirachi|\n|poke|p2|Salamence, F|\n|teampreview\n|c|\u2606Spurrific|glhf\n|c|\u2606smudgerox|u2\n|inactive|smudgerox has 270 seconds left.\n|inactive|Spurrific has 270 seconds left.\n|inactive|smudgerox has 240 seconds left.\n|inactive|Spurrific has 240 seconds left.\n|\n|t:|1695524683\n|start\n|switch|p1a: Tornadus|Tornadus, M|100\/100\n|switch|p1b: Flutter Mane|Flutter Mane|100\/100\n|switch|p2a: Baxcalibur|Baxcalibur, M|100\/100\n|switch|p2b: Rillaboom|Rillaboom, M|100\/100\n|-fieldstart|move: Grassy Terrain|[from] ability: Grassy Surge|[of] p2b: Rillaboom\n|turn|1\n|\n|t:|1695524718\n|-end|p1b: Flutter Mane|Protosynthesis|[silent]\n|switch|p1b: Zamazenta|Zamazenta|100\/100\n|-ability|p1b: Zamazenta|Dauntless Shield|boost\n|-boost|p1b: Zamazenta|def|1\n|move|p1a: Tornadus|Protect|p1a: Tornadus\n|-singleturn|p1a: Tornadus|Protect\n|move|p2b: Rillaboom|Grassy Glide|p1b: Zamazenta\n|-damage|p1b: Zamazenta|75\/100\n|move|p2a: Baxcalibur|Icicle Spear|p1a: Tornadus\n|-activate|p1a: Tornadus|move: Protect\n|\n|-heal|p1b: Zamazenta|81\/100|[from] Grassy Terrain\n|-heal|p1b: Zamazenta|87\/100|[from] item: Leftovers\n|upkeep\n|turn|2\n|\n|t:|1695524742\n|switch|p2b: Jirachi|Jirachi|100\/100\n|-terastallize|p2a: Baxcalibur|Poison\n|-terastallize|p1a: Tornadus|Steel\n|move|p1a: Tornadus|Tailwind|p1a: Tornadus\n|-sidestart|p1: smudgerox|move: Tailwind\n|move|p1b: Zamazenta|Body Press|p2a: Baxcalibur\n|-resisted|p2a: Baxcalibur\n|-damage|p2a: Baxcalibur|78\/100\n|move|p2a: Baxcalibur|Icicle Spear|p1a: Tornadus\n|-resisted|p1a: Tornadus\n|-damage|p1a: Tornadus|94\/100\n|-resisted|p1a: Tornadus\n|-damage|p1a: Tornadus|88\/100\n|-resisted|p1a: Tornadus\n|-damage|p1a: Tornadus|81\/100\n|-resisted|p1a: Tornadus\n|-damage|p1a: Tornadus|74\/100\n|-hitcount|p1a: Tornadus|4\n|\n|-heal|p1b: Zamazenta|94\/100|[from] Grassy Terrain\n|-heal|p1b: Zamazenta|99\/100|[from] item: Leftovers\n|-heal|p1a: Tornadus|80\/100|[from] Grassy Terrain\n|-heal|p2a: Baxcalibur|84\/100|[from] Grassy Terrain\n|upkeep\n|turn|3\n|inactive|smudgerox has 270 seconds left.\n|\n|t:|1695524793\n|switch|p1a: Chi-Yu|Chi-Yu|100\/100\n|-ability|p1a: Chi-Yu|Beads of Ruin\n|-enditem|p1a: Chi-Yu|Grassy Seed\n|-boost|p1a: Chi-Yu|def|1|[from] item: Grassy Seed\n|move|p1b: Zamazenta|Coaching|p1a: Chi-Yu\n|-boost|p1a: Chi-Yu|atk|1\n|-boost|p1a: Chi-Yu|def|1\n|move|p2a: Baxcalibur|High Horsepower|p1a: Chi-Yu\n|-supereffective|p1a: Chi-Yu\n|-damage|p1a: Chi-Yu|57\/100\n|move|p2b: Jirachi|Stealth Rock|p1b: Zamazenta\n|-sidestart|p1: smudgerox|move: Stealth Rock\n|\n|-heal|p1b: Zamazenta|100\/100|[from] Grassy Terrain\n|-heal|p1a: Chi-Yu|63\/100|[from] Grassy Terrain\n|-heal|p2a: Baxcalibur|91\/100|[from] Grassy Terrain\n|upkeep\n|turn|4\n|inactive|smudgerox has 270 seconds left.\n|\n|t:|1695524820\n|move|p2b: Jirachi|Follow Me|p2b: Jirachi\n|-singleturn|p2b: Jirachi|move: Follow Me\n|move|p1b: Zamazenta|Coaching|p1a: Chi-Yu\n|-boost|p1a: Chi-Yu|atk|1\n|-boost|p1a: Chi-Yu|def|1\n|move|p1a: Chi-Yu|Nasty Plot|p1a: Chi-Yu\n|-boost|p1a: Chi-Yu|spa|2\n|move|p2a: Baxcalibur|Scale Shot|p1a: Chi-Yu\n|-damage|p1a: Chi-Yu|56\/100\n|-damage|p1a: Chi-Yu|49\/100\n|-damage|p1a: Chi-Yu|42\/100\n|-damage|p1a: Chi-Yu|35\/100\n|-damage|p1a: Chi-Yu|27\/100\n|-hitcount|p1a: Chi-Yu|5\n|-unboost|p2a: Baxcalibur|def|1\n|-boost|p2a: Baxcalibur|spe|1\n|\n|-heal|p1a: Chi-Yu|33\/100|[from] Grassy Terrain\n|-heal|p2a: Baxcalibur|97\/100|[from] Grassy Terrain\n|upkeep\n|turn|5\n|inactive|smudgerox has 270 seconds left.\n|inactive|smudgerox has 240 seconds left.\n|\n|t:|1695524857\n|move|p2a: Baxcalibur|Protect|p2a: Baxcalibur\n|-singleturn|p2a: Baxcalibur|Protect\n|move|p1b: Zamazenta|Body Press|p2b: Jirachi\n|-damage|p2b: Jirachi|66\/100\n|move|p1a: Chi-Yu|Heat Wave|p2a: Baxcalibur|[spread] \n|-activate|p2a: Baxcalibur|move: Protect\n|-miss|p1a: Chi-Yu|p2b: Jirachi\n|move|p2b: Jirachi|U-turn|p1b: Zamazenta\n|-resisted|p1b: Zamazenta\n|-damage|p1b: Zamazenta|97\/100\n|\n|t:|1695524868\n|switch|p2b: Salamence|Salamence, F|100\/100|[from] U-turn\n|-ability|p2b: Salamence|Intimidate|boost\n|-unboost|p1a: Chi-Yu|atk|1\n|-unboost|p1b: Zamazenta|atk|1\n|\n|-heal|p1b: Zamazenta|100\/100|[from] Grassy Terrain\n|-heal|p1a: Chi-Yu|39\/100|[from] Grassy Terrain\n|-heal|p2a: Baxcalibur|100\/100|[from] Grassy Terrain\n|-sideend|p1: smudgerox|move: Tailwind\n|-fieldend|move: Grassy Terrain\n|upkeep\n|turn|6\n|\n|t:|1695524880\n|switch|p1b: Tornadus|Tornadus, M, tera:Steel|80\/100\n|-damage|p1b: Tornadus|74\/100|[from] Stealth Rock\n|detailschange|p2b: Salamence|Salamence-Mega, F\n|-mega|p2b: Salamence|Salamence|Salamencite\n|move|p1a: Chi-Yu|Protect|p1a: Chi-Yu\n|-singleturn|p1a: Chi-Yu|Protect\n|move|p2a: Baxcalibur|High Horsepower|p1a: Chi-Yu\n|-activate|p1a: Chi-Yu|move: Protect\n|move|p2b: Salamence|Tailwind|p2b: Salamence\n|-sidestart|p2: Spurrific|move: Tailwind\n|\n|upkeep\n|turn|7\n|inactive|smudgerox has 270 seconds left.\n|\n|t:|1695524907\n|move|p1b: Tornadus|Tailwind|p1b: Tornadus\n|-sidestart|p1: smudgerox|move: Tailwind\n|move|p2a: Baxcalibur|High Horsepower|p1a: Chi-Yu\n|-supereffective|p1a: Chi-Yu\n|-damage|p1a: Chi-Yu|3\/100\n|move|p2b: Salamence|Return|p1a: Chi-Yu\n|-damage|p1a: Chi-Yu|0 fnt\n|faint|p1a: Chi-Yu\n|\n|upkeep\n|\n|t:|1695524935\n|switch|p1a: Flutter Mane|Flutter Mane|100\/100\n|-damage|p1a: Flutter Mane|88\/100|[from] Stealth Rock\n|turn|8\n|inactive|smudgerox has 240 seconds left.\n|inactive|smudgerox has 210 seconds left.\n|\n|t:|1695524998\n|switch|p2b: Jirachi|Jirachi|66\/100\n|move|p1b: Tornadus|Sunny Day|p1b: Tornadus\n|-weather|SunnyDay\n|-activate|p1a: Flutter Mane|ability: Protosynthesis\n|-start|p1a: Flutter Mane|protosynthesisspe\n|move|p1a: Flutter Mane|Shadow Ball|p2a: Baxcalibur\n|-damage|p2a: Baxcalibur|38\/100\n|-unboost|p2a: Baxcalibur|spd|1\n|move|p2a: Baxcalibur|Icicle Spear|p1a: Flutter Mane\n|-damage|p1a: Flutter Mane|64\/100\n|-damage|p1a: Flutter Mane|36\/100\n|-damage|p1a: Flutter Mane|9\/100\n|-damage|p1a: Flutter Mane|0 fnt\n|faint|p1a: Flutter Mane\n|-end|p1a: Flutter Mane|Protosynthesis|[silent]\n|-hitcount|p1: Flutter Mane|4\n|\n|-weather|SunnyDay|[upkeep]\n|upkeep\n|inactive|smudgerox has 210 seconds left.\n|\n|t:|1695525019\n|switch|p1a: Ogerpon|Ogerpon-Hearthflame, F|100\/100\n|-damage|p1a: Ogerpon|76\/100|[from] Stealth Rock\n|-ability|p1a: Ogerpon|Mold Breaker\n|turn|9\n|inactive|smudgerox has 210 seconds left.\n|\n|t:|1695525037\n|move|p2b: Jirachi|Follow Me|p2b: Jirachi\n|-singleturn|p2b: Jirachi|move: Follow Me\n|move|p2a: Baxcalibur|Scale Shot|p1a: Ogerpon|[miss]\n|-miss|p2a: Baxcalibur|p1a: Ogerpon\n|move|p1a: Ogerpon|Ivy Cudgel|p2b: Jirachi\n|-supereffective|p2b: Jirachi\n|-crit|p2b: Jirachi\n|-damage|p2b: Jirachi|0 fnt\n|faint|p2b: Jirachi\n|move|p1b: Tornadus|Bleakwind Storm|p2a: Baxcalibur\n|-damage|p2a: Baxcalibur|0 fnt\n|faint|p2a: Baxcalibur\n|\n|-weather|SunnyDay|[upkeep]\n|-sideend|p2: Spurrific|move: Tailwind\n|upkeep\n|\n|t:|1695525059\n|switch|p2a: Rillaboom|Rillaboom, M|100\/100\n|switch|p2b: Salamence|Salamence-Mega, F|100\/100\n|-fieldstart|move: Grassy Terrain|[from] ability: Grassy Surge|[of] p2a: Rillaboom\n|turn|10\n|inactive|smudgerox has 210 seconds left.\n|inactive|Spurrific has 270 seconds left.\n|inactive|smudgerox has 180 seconds left.\n|\n|t:|1695525143\n|move|p1b: Tornadus|Protect|p1b: Tornadus\n|-singleturn|p1b: Tornadus|Protect\n|move|p1a: Ogerpon|Spiky Shield|p1a: Ogerpon\n|-singleturn|p1a: Ogerpon|move: Protect\n|move|p2a: Rillaboom|Fake Out|p1a: Ogerpon\n|-activate|p1a: Ogerpon|move: Protect\n|-damage|p2a: Rillaboom|88\/100|[from] Spiky Shield|[of] p1a: Ogerpon\n|move|p2b: Salamence|Tailwind|p2b: Salamence\n|-sidestart|p2: Spurrific|move: Tailwind\n|\n|-weather|SunnyDay|[upkeep]\n|-heal|p1a: Ogerpon|82\/100|[from] Grassy Terrain\n|-heal|p2a: Rillaboom|94\/100|[from] Grassy Terrain\n|-heal|p1b: Tornadus|80\/100|[from] Grassy Terrain\n|-sideend|p1: smudgerox|move: Tailwind\n|upkeep\n|turn|11\n|inactive|Spurrific has 270 seconds left.\n|\n|t:|1695525170\n|move|p2a: Rillaboom|Grassy Glide|p1a: Ogerpon\n|-resisted|p1a: Ogerpon\n|-damage|p1a: Ogerpon|66\/100\n|move|p1b: Tornadus|Tailwind|p1b: Tornadus\n|-sidestart|p1: smudgerox|move: Tailwind\n|move|p2b: Salamence|Return|p1a: Ogerpon\n|-supereffective|p1a: Ogerpon\n|-damage|p1a: Ogerpon|0 fnt\n|faint|p1a: Ogerpon\n|\n|-weather|SunnyDay|[upkeep]\n|-heal|p2a: Rillaboom|100\/100|[from] Grassy Terrain\n|-heal|p1b: Tornadus|86\/100|[from] Grassy Terrain\n|upkeep\n|inactive|smudgerox has 150 seconds left.\n|\n|t:|1695525186\n|switch|p1a: Zamazenta|Zamazenta|100\/100\n|-damage|p1a: Zamazenta|94\/100|[from] Stealth Rock\n|turn|12\n|\n|t:|1695525199\n|move|p1a: Zamazenta|Body Press|p2a: Rillaboom\n|-damage|p2a: Rillaboom|64\/100\n|move|p2b: Salamence|Return|p1a: Zamazenta\n|-supereffective|p1a: Zamazenta\n|-damage|p1a: Zamazenta|0 fnt\n|faint|p1a: Zamazenta\n|move|p2a: Rillaboom|Wood Hammer|p1b: Tornadus\n|-resisted|p1b: Tornadus\n|-damage|p1b: Tornadus|40\/100\n|-damage|p2a: Rillaboom|47\/100|[from] Recoil\n|move|p1b: Tornadus|Bleakwind Storm|p2b: Salamence|[spread] \n|-miss|p1b: Tornadus|p2a: Rillaboom\n|-miss|p1b: Tornadus|p2b: Salamence\n|\n|-weather|none\n|-heal|p2a: Rillaboom|53\/100|[from] Grassy Terrain\n|-heal|p1b: Tornadus|46\/100|[from] Grassy Terrain\n|upkeep\n|inactive|smudgerox has 150 seconds left.\n|\n|t:|1695525215\n|switch|p1a: Rillaboom|Rillaboom, F|100\/100\n|-damage|p1a: Rillaboom|88\/100|[from] Stealth Rock\n|turn|13\n|\n|t:|1695525234\n|move|p2b: Salamence|Protect|p2b: Salamence\n|-singleturn|p2b: Salamence|Protect\n|move|p1a: Rillaboom|Fake Out|p2b: Salamence\n|-activate|p2b: Salamence|move: Protect\n|move|p2a: Rillaboom|Wood Hammer|p1b: Tornadus\n|-resisted|p1b: Tornadus\n|-damage|p1b: Tornadus|0 fnt\n|faint|p1b: Tornadus\n|-damage|p2a: Rillaboom|38\/100|[from] Recoil\n|\n|-heal|p2a: Rillaboom|44\/100|[from] Grassy Terrain\n|-heal|p1a: Rillaboom|94\/100|[from] Grassy Terrain\n|-sideend|p2: Spurrific|move: Tailwind\n|upkeep\n|turn|14\n|inactive|smudgerox has 180 seconds left.\n|c|\u2606smudgerox|gg\n|c|\u2606Spurrific|gg\n|\n|t:|1695525250\n|move|p1a: Rillaboom|U-turn|p2a: Rillaboom\n|-supereffective|p2a: Rillaboom\n|-damage|p2a: Rillaboom|0 fnt\n|faint|p2a: Rillaboom\n|move|p2b: Salamence|Return|p1a: Rillaboom\n|-supereffective|p1a: Rillaboom\n|-damage|p1a: Rillaboom|0 fnt\n|faint|p1a: Rillaboom\n|\n|win|Spurrific\n","uploadtime":1695525251,"views":103,"p1id":"smudgerox","p2id":"spurrific","formatid":"gen9nationaldexdoubles","rating":0,"private":0,"password":""}