{"id":"smogtours-gen9nationaldexdoubles-724660","p1":"Akaru Kokuyo\u3075\u308f","p2":"Meminger21","format":"[Gen 9] National Dex Doubles","log":"|inactive|Battle timer is ON: inactive players will automatically lose when time's up.\n|t:|1697655313\n|gametype|doubles\n|player|p1|Akaru Kokuyo\u3075\u308f|#scl3foxes|\n|player|p2|Meminger21|liza|\n|teamsize|p1|6\n|teamsize|p2|6\n|gen|9\n|tier|[Gen 9] National Dex Doubles\n|rule|HP Percentage Mod: HP is shown in percentages\n|rule|Endless Battle Clause: Forcing endless battles is banned\n|rule|OHKO Clause: OHKO moves are banned\n|rule|Evasion Moves Clause: Evasion moves are banned\n|rule|Evasion Abilities Clause: Evasion abilities are banned\n|rule|Species Clause: Limit one of each Pok\u00e9mon\n|rule|Gravity Sleep Clause: The combination of sleep-inducing moves with imperfect accuracy and Gravity or Gigantamax Orbeetle are banned\n|clearpoke\n|poke|p1|Eevee, M|\n|poke|p1|Latias, F|\n|poke|p1|Incineroar, F|\n|poke|p1|Jirachi|\n|poke|p1|Smeargle, M|\n|poke|p1|Flamigo, M|\n|poke|p2|Deoxys-Speed|\n|poke|p2|Chien-Pao|\n|poke|p2|Urshifu-*, M|\n|poke|p2|Rillaboom, F|\n|poke|p2|Kingambit, F|\n|poke|p2|Salamence, F|\n|teampreview\n|c|\u2606Meminger21|hf\n|c|\u2606Akaru Kokuyo\u3075\u308f|glhf\n|inactive|Akaru Kokuyo\u3075\u308f has 270 seconds left.\n|\n|t:|1697655367\n|start\n|switch|p1a: Incineroar|Incineroar, F|100\/100\n|switch|p1b: Eevee|Eevee, M|100\/100\n|switch|p2a: Urshifu|Urshifu-Rapid-Strike, M|100\/100\n|switch|p2b: Rillaboom|Rillaboom, F|100\/100\n|-fieldstart|move: Grassy Terrain|[from] ability: Grassy Surge|[of] p2b: Rillaboom\n|-ability|p1a: Incineroar|Intimidate|boost\n|-unboost|p2a: Urshifu|atk|1\n|-unboost|p2b: Rillaboom|atk|1\n|turn|1\n|inactive|Akaru Kokuyo\u3075\u308f has 270 seconds left.\n|inactive|Meminger21 has 270 seconds left.\n|\n|t:|1697655407\n|switch|p1b: Jirachi|Jirachi|100\/100\n|-terastallize|p2a: Urshifu|Water\n|move|p2b: Rillaboom|Fake Out|p1a: Incineroar\n|-damage|p1a: Incineroar|91\/100\n|move|p2a: Urshifu|Surging Strikes|p1b: Jirachi\n|-crit|p1b: Jirachi\n|-damage|p1b: Jirachi|70\/100\n|-crit|p1b: Jirachi\n|-damage|p1b: Jirachi|41\/100\n|-crit|p1b: Jirachi\n|-damage|p1b: Jirachi|13\/100\n|-hitcount|p1b: Jirachi|3\n|cant|p1a: Incineroar|flinch\n|\n|-heal|p1b: Jirachi|20\/100|[from] Grassy Terrain\n|-heal|p1a: Incineroar|97\/100|[from] Grassy Terrain\n|upkeep\n|turn|2\n|inactive|Akaru Kokuyo\u3075\u308f has 270 seconds left.\n|inactive|Meminger21 has 270 seconds left.\n|inactive|Meminger21 has 240 seconds left.\n|inactive|Meminger21 has 210 seconds left.\n|inactive|Meminger21 has 180 seconds left.\n|\n|t:|1697655524\n|move|p1b: Jirachi|Follow Me|p1b: Jirachi\n|-singleturn|p1b: Jirachi|move: Follow Me\n|move|p2a: Urshifu|Surging Strikes|p1b: Jirachi\n|-crit|p1b: Jirachi\n|-damage|p1b: Jirachi|0 fnt\n|faint|p1b: Jirachi\n|-hitcount|p1: Jirachi|1\n|move|p2b: Rillaboom|U-turn|p1a: Incineroar\n|-damage|p1a: Incineroar|84\/100\n|inactive|Meminger21 has 180 seconds left.\n|\n|t:|1697655546\n|switch|p2b: Deoxys|Deoxys-Speed|100\/100|[from] U-turn\n|-ability|p2b: Deoxys|Pressure\n|move|p1a: Incineroar|Parting Shot|p2b: Deoxys\n|-unboost|p2b: Deoxys|atk|1\n|-unboost|p2b: Deoxys|spa|1\n|\n|t:|1697655561\n|switch|p1a: Eevee|Eevee, M|100\/100|[from] Parting Shot\n|\n|upkeep\n|\n|t:|1697655565\n|switch|p1b: Incineroar|Incineroar, F|84\/100\n|-ability|p1b: Incineroar|Intimidate|boost\n|-unboost|p2a: Urshifu|atk|1\n|-unboost|p2b: Deoxys|atk|1\n|turn|3\n|inactive|Akaru Kokuyo\u3075\u308f has 270 seconds left.\n|\n|t:|1697655576\n|move|p1b: Incineroar|Fake Out|p2a: Urshifu\n|-damage|p2a: Urshifu|90\/100\n|move|p2b: Deoxys|Psycho Boost|p1a: Eevee\n|-damage|p1a: Eevee|39\/100\n|-unboost|p2b: Deoxys|spa|2\n|cant|p2a: Urshifu|flinch\n|-zpower|p1a: Eevee\n|move|p1a: Eevee|Extreme Evoboost|p1a: Eevee\n|-boost|p1a: Eevee|atk|2\n|-boost|p1a: Eevee|def|2\n|-boost|p1a: Eevee|spa|2\n|-boost|p1a: Eevee|spd|2\n|-boost|p1a: Eevee|spe|2\n|\n|-heal|p1a: Eevee|45\/100|[from] Grassy Terrain\n|-heal|p2a: Urshifu|96\/100|[from] Grassy Terrain\n|-heal|p1b: Incineroar|90\/100|[from] Grassy Terrain\n|upkeep\n|turn|4\n|inactive|Meminger21 has 210 seconds left.\n|inactive|Akaru Kokuyo\u3075\u308f has 270 seconds left.\n|c|\u2606Akaru Kokuyo\u3075\u308f|oh.\n|inactive|Meminger21 has 180 seconds left.\n|inactive|Meminger21 has 150 seconds left.\n|inactive|Meminger21 has 120 seconds left.\n|\n|t:|1697655697\n|switch|p1b: Flamigo|Flamigo, M|100\/100\n|-copyboost|p1b: Flamigo|p1a: Eevee|[from] ability: Costar\n|move|p1a: Eevee|Protect|p1a: Eevee\n|-singleturn|p1a: Eevee|Protect\n|move|p2b: Deoxys|Psycho Boost|p1b: Flamigo\n|-supereffective|p1b: Flamigo\n|-damage|p1b: Flamigo|61\/100\n|-unboost|p2b: Deoxys|spa|2\n|move|p2a: Urshifu|Surging Strikes|p1b: Flamigo\n|-crit|p1b: Flamigo\n|-damage|p1b: Flamigo|11\/100\n|-crit|p1b: Flamigo\n|-damage|p1b: Flamigo|0 fnt\n|faint|p1b: Flamigo\n|-hitcount|p1: Flamigo|2\n|\n|-heal|p1a: Eevee|51\/100|[from] Grassy Terrain\n|-heal|p2a: Urshifu|100\/100|[from] Grassy Terrain\n|upkeep\n|\n|t:|1697655704\n|switch|p1b: Latias|Latias, F|100\/100\n|turn|5\n|inactive|Akaru Kokuyo\u3075\u308f has 270 seconds left.\n|inactive|Meminger21 has 120 seconds left.\n|\n|t:|1697655729\n|switch|p2a: Kingambit|Kingambit, F|100\/100\n|detailschange|p1b: Latias|Latias-Mega, F\n|-mega|p1b: Latias|Latias|Latiasite\n|move|p2b: Deoxys|Taunt|p1b: Latias\n|-start|p1b: Latias|move: Taunt\n|move|p1a: Eevee|Last Resort|p2a: Kingambit\n|-resisted|p2a: Kingambit\n|-damage|p2a: Kingambit|71\/100\n|cant|p1b: Latias|move: Taunt|Psych Up\n|\n|-heal|p1a: Eevee|58\/100|[from] Grassy Terrain\n|-heal|p2a: Kingambit|77\/100|[from] Grassy Terrain\n|-fieldend|move: Grassy Terrain\n|upkeep\n|turn|6\n|c|\u2606Akaru Kokuyo\u3075\u308f|nooooo\n|c|\u2606Akaru Kokuyo\u3075\u308f|LMAO\n|inactive|Meminger21 has 120 seconds left.\n|\n|t:|1697655745\n|switch|p2b: Salamence|Salamence, F|100\/100\n|-ability|p2b: Salamence|Intimidate|boost\n|-unboost|p1a: Eevee|atk|1\n|-unboost|p1b: Latias|atk|1\n|switch|p1b: Smeargle|Smeargle, M|100\/100\n|move|p2a: Kingambit|Sucker Punch||[still]\n|-fail|p2a: Kingambit\n|move|p1a: Eevee|Last Resort|p2b: Salamence\n|-damage|p2b: Salamence|13\/100\n|\n|upkeep\n|turn|7\n|\n|t:|1697655755\n|detailschange|p2b: Salamence|Salamence-Mega, F\n|-mega|p2b: Salamence|Salamence|Salamencite\n|move|p1a: Eevee|Last Resort|p2b: Salamence\n|-damage|p2b: Salamence|0 fnt\n|faint|p2b: Salamence\n|move|p1b: Smeargle|Spore|p2a: Kingambit\n|-status|p2a: Kingambit|slp|[from] move: Spore\n|cant|p2a: Kingambit|slp\n|\n|upkeep\n|inactive|Meminger21 has 120 seconds left.\n|\n|t:|1697655789\n|switch|p2b: Urshifu|Urshifu-Rapid-Strike, M, tera:Water|100\/100\n|turn|8\n|\n|t:|1697655795\n|switch|p2a: Rillaboom|Rillaboom, F|100\/100\n|-fieldstart|move: Grassy Terrain|[from] ability: Grassy Surge|[of] p2a: Rillaboom\n|move|p1b: Smeargle|Follow Me|p1b: Smeargle\n|-singleturn|p1b: Smeargle|move: Follow Me\n|move|p1a: Eevee|Last Resort|p2b: Urshifu\n|-damage|p2b: Urshifu|41\/100\n|move|p2b: Urshifu|Surging Strikes|p1b: Smeargle\n|-crit|p1b: Smeargle\n|-damage|p1b: Smeargle|11\/100\n|-crit|p1b: Smeargle\n|-damage|p1b: Smeargle|0 fnt\n|faint|p1b: Smeargle\n|-hitcount|p1: Smeargle|2\n|\n|-heal|p1a: Eevee|64\/100|[from] Grassy Terrain\n|-heal|p2b: Urshifu|47\/100|[from] Grassy Terrain\n|upkeep\n|\n|t:|1697655809\n|switch|p1b: Latias|Latias-Mega, F|100\/100\n|turn|9\n|inactive|Meminger21 has 150 seconds left.\n|\n|t:|1697655849\n|move|p2a: Rillaboom|Fake Out|p1a: Eevee\n|-damage|p1a: Eevee|48\/100\n|cant|p1a: Eevee|flinch\n|move|p1b: Latias|Psych Up|p1a: Eevee\n|-copyboost|p1b: Latias|p1a: Eevee|[from] move: Psych Up\n|move|p2b: Urshifu|Surging Strikes|p1a: Eevee\n|-crit|p1a: Eevee\n|-damage|p1a: Eevee|0 fnt\n|faint|p1a: Eevee\n|-hitcount|p1: Eevee|1\n|\n|-heal|p2b: Urshifu|53\/100|[from] Grassy Terrain\n|upkeep\n|\n|t:|1697655859\n|switch|p1a: Incineroar|Incineroar, F|90\/100\n|-ability|p1a: Incineroar|Intimidate|boost\n|-unboost|p2a: Rillaboom|atk|1\n|-unboost|p2b: Urshifu|atk|1\n|turn|10\n|inactive|Meminger21 has 150 seconds left.\n|\n|t:|1697655877\n|switch|p2a: Deoxys|Deoxys-Speed|100\/100\n|-ability|p2a: Deoxys|Pressure\n|move|p2b: Urshifu|Protect|p2b: Urshifu\n|-singleturn|p2b: Urshifu|Protect\n|move|p1a: Incineroar|Fake Out|p2b: Urshifu\n|-activate|p2b: Urshifu|move: Protect\n|move|p1b: Latias|Stored Power|p2a: Deoxys\n|-resisted|p2a: Deoxys\n|-damage|p2a: Deoxys|0 fnt\n|faint|p2a: Deoxys\n|\n|-heal|p2b: Urshifu|59\/100|[from] Grassy Terrain\n|-heal|p1a: Incineroar|96\/100|[from] Grassy Terrain\n|upkeep\n|\n|t:|1697655880\n|switch|p2a: Rillaboom|Rillaboom, F|100\/100\n|turn|11\n|\n|t:|1697655892\n|move|p2a: Rillaboom|Fake Out|p1b: Latias\n|-damage|p1b: Latias|95\/100\n|cant|p1b: Latias|flinch\n|move|p2b: Urshifu|Surging Strikes|p1a: Incineroar\n|-supereffective|p1a: Incineroar\n|-crit|p1a: Incineroar\n|-damage|p1a: Incineroar|38\/100\n|-supereffective|p1a: Incineroar\n|-crit|p1a: Incineroar\n|-damage|p1a: Incineroar|0 fnt\n|faint|p1a: Incineroar\n|-hitcount|p1: Incineroar|2\n|\n|-heal|p2b: Urshifu|65\/100|[from] Grassy Terrain\n|upkeep\n|turn|12\n|inactive|Akaru Kokuyo\u3075\u308f has 270 seconds left.\n|\n|t:|1697655923\n|move|p1b: Latias|Aura Sphere|p2a: Rillaboom\n|-damage|p2a: Rillaboom|64\/100\n|move|p2b: Urshifu|Surging Strikes|p1b: Latias\n|-resisted|p1b: Latias\n|-crit|p1b: Latias\n|-damage|p1b: Latias|81\/100\n|-resisted|p1b: Latias\n|-crit|p1b: Latias\n|-damage|p1b: Latias|68\/100\n|-resisted|p1b: Latias\n|-crit|p1b: Latias\n|-damage|p1b: Latias|55\/100\n|-hitcount|p1b: Latias|3\n|move|p2a: Rillaboom|U-turn|p1b: Latias\n|-supereffective|p1b: Latias\n|-damage|p1b: Latias|35\/100\n|\n|t:|1697655930\n|switch|p2a: Chien-Pao|Chien-Pao|100\/100|[from] U-turn\n|-ability|p2a: Chien-Pao|Sword of Ruin\n|\n|-heal|p2b: Urshifu|71\/100|[from] Grassy Terrain\n|-fieldend|move: Grassy Terrain\n|upkeep\n|turn|13\n|\n|t:|1697655937\n|move|p1b: Latias|Recover|p1b: Latias\n|-heal|p1b: Latias|85\/100\n|move|p2a: Chien-Pao|Icicle Crash|p1b: Latias|[miss]\n|-miss|p2a: Chien-Pao|p1b: Latias\n|move|p2b: Urshifu|Surging Strikes|p1b: Latias\n|-resisted|p1b: Latias\n|-crit|p1b: Latias\n|-damage|p1b: Latias|67\/100\n|-resisted|p1b: Latias\n|-crit|p1b: Latias\n|-damage|p1b: Latias|50\/100\n|-resisted|p1b: Latias\n|-crit|p1b: Latias\n|-damage|p1b: Latias|32\/100\n|-hitcount|p1b: Latias|3\n|\n|upkeep\n|turn|14\n|\n|t:|1697655945\n|switch|p2b: Rillaboom|Rillaboom, F|64\/100\n|-fieldstart|move: Grassy Terrain|[from] ability: Grassy Surge|[of] p2b: Rillaboom\n|move|p2a: Chien-Pao|Protect|p2a: Chien-Pao\n|-singleturn|p2a: Chien-Pao|Protect\n|move|p1b: Latias|Stored Power|p2b: Rillaboom\n|-damage|p2b: Rillaboom|0 fnt\n|faint|p2b: Rillaboom\n|\n|upkeep\n|\n|t:|1697655952\n|switch|p2b: Urshifu|Urshifu-Rapid-Strike, M, tera:Water|71\/100\n|turn|15\n|\n|t:|1697655959\n|move|p1b: Latias|Aura Sphere|p2a: Chien-Pao\n|-supereffective|p2a: Chien-Pao\n|-crit|p2a: Chien-Pao\n|-enditem|p2a: Chien-Pao|Focus Sash\n|-damage|p2a: Chien-Pao|1\/100\n|move|p2a: Chien-Pao|Icicle Crash|p1b: Latias|[miss]\n|-miss|p2a: Chien-Pao|p1b: Latias\n|move|p2b: Urshifu|Close Combat|p1b: Latias\n|-resisted|p1b: Latias\n|-damage|p1b: Latias|15\/100\n|-unboost|p2b: Urshifu|def|1\n|-unboost|p2b: Urshifu|spd|1\n|\n|-heal|p2a: Chien-Pao|7\/100|[from] Grassy Terrain\n|-heal|p2b: Urshifu|77\/100|[from] Grassy Terrain\n|upkeep\n|turn|16\n|c|\u2606Meminger21|omg\n|c|\u2606Akaru Kokuyo\u3075\u308f|damn LOL sorry\n|inactive|Meminger21 has 270 seconds left.\n|c|\u2606Meminger21|it's ok\n|\n|t:|1697655981\n|move|p1b: Latias|Recover|p1b: Latias\n|-heal|p1b: Latias|65\/100\n|move|p2a: Chien-Pao|Icicle Crash|p1b: Latias\n|-supereffective|p1b: Latias\n|-damage|p1b: Latias|19\/100\n|move|p2b: Urshifu|Close Combat|p1b: Latias\n|-resisted|p1b: Latias\n|-damage|p1b: Latias|3\/100\n|-unboost|p2b: Urshifu|def|1\n|-unboost|p2b: Urshifu|spd|1\n|\n|-heal|p2a: Chien-Pao|13\/100|[from] Grassy Terrain\n|-heal|p2b: Urshifu|83\/100|[from] Grassy Terrain\n|upkeep\n|turn|17\n|\n|t:|1697656000\n|move|p2b: Urshifu|Aqua Jet|p1b: Latias\n|-resisted|p1b: Latias\n|-damage|p1b: Latias|0 fnt\n|faint|p1b: Latias\n|\n|win|Meminger21\n|c|\u2606Meminger21|gg\n|c|\u2606Akaru Kokuyo\u3075\u308f|gg\n","uploadtime":1697656001,"views":137,"p1id":"akarukokuyo","p2id":"meminger21","formatid":"gen9nationaldexdoubles","rating":0,"private":0,"password":""}