{"id":"smogtours-gen9nationaldexdoubles-732394","p1":"BriefMarigold4","p2":"Ryuji","format":"[Gen 9] National Dex Doubles","log":"|inactive|Battle timer is ON: inactive players will automatically lose when time's up.\n|t:|1700935544\n|gametype|doubles\n|player|p1|BriefMarigold4|2|\n|player|p2|Ryuji|#ndpliiigalarianphoenix|\n|teamsize|p1|6\n|teamsize|p2|6\n|gen|9\n|tier|[Gen 9] National Dex Doubles\n|rule|HP Percentage Mod: HP is shown in percentages\n|rule|Endless Battle Clause: Forcing endless battles is banned\n|rule|OHKO Clause: OHKO moves are banned\n|rule|Evasion Moves Clause: Evasion moves are banned\n|rule|Evasion Abilities Clause: Evasion abilities are banned\n|rule|Species Clause: Limit one of each Pok\u00e9mon\n|rule|Gravity Sleep Clause: The combination of sleep-inducing moves with imperfect accuracy and Gravity or Gigantamax Orbeetle are banned\n|clearpoke\n|poke|p1|Kyurem-Black|\n|poke|p1|Snorlax, M|\n|poke|p1|Charizard, M|\n|poke|p1|Landorus-Therian, M|\n|poke|p1|Sinistcha|\n|poke|p1|Tapu Fini|\n|poke|p2|Zygarde|\n|poke|p2|Zamazenta-*|\n|poke|p2|Jirachi|\n|poke|p2|Rillaboom, M|\n|poke|p2|Kangaskhan, F|\n|poke|p2|Glimmora, F|\n|teampreview\n|c|\u2606Ryuji|hf\n|inactive|BriefMarigold4 has 270 seconds left.\n|c|\u2606BriefMarigold4|hf\n|\n|t:|1700935588\n|start\n|switch|p1a: *boom vine effect*|Landorus-Therian, M|100\/100\n|switch|p1b: Bri'ish???|Sinistcha|100\/100\n|switch|p2a: Glimmora|Glimmora, F|100\/100\n|switch|p2b: Kangaskhan|Kangaskhan, F|100\/100\n|-ability|p1a: *boom vine effect*|Intimidate|boost\n|-unboost|p2a: Glimmora|atk|1\n|-fail|p2b: Kangaskhan|unboost|Attack|[from] ability: Scrappy|[of] p2b: Kangaskhan\n|turn|1\n|\n|t:|1700935602\n|move|p2b: Kangaskhan|Fake Out|p1a: *boom vine effect*\n|-damage|p1a: *boom vine effect*|88\/100\n|move|p2a: Glimmora|Mortal Spin|p1b: Bri'ish???|[spread] p1a,p1b\n|-resisted|p1a: *boom vine effect*\n|-damage|p1a: *boom vine effect*|87\/100\n|-damage|p1b: Bri'ish???|98\/100\n|-status|p1a: *boom vine effect*|psn\n|-status|p1b: Bri'ish???|psn\n|cant|p1a: *boom vine effect*|flinch\n|move|p1b: Bri'ish???|Matcha Gotcha|p2b: Kangaskhan|[spread] p2a\n|-miss|p1b: Bri'ish???|p2b: Kangaskhan\n|-damage|p2a: Glimmora|69\/100\n|-heal|p1b: Bri'ish???|100\/100 psn|[from] drain|[of] p2a: Glimmora\n|\n|-damage|p1a: *boom vine effect*|75\/100 psn|[from] psn\n|-damage|p1b: Bri'ish???|88\/100 psn|[from] psn\n|upkeep\n|turn|2\n|c|\u2606BriefMarigold4|oh wow\n|c|\u2606BriefMarigold4|that's neat\n|c|\u2606BriefMarigold4|i should probably stop using non 100% acc moves\n|inactive|BriefMarigold4 has 270 seconds left.\n|\n|t:|1700935636\n|switch|p2a: Rillaboom|Rillaboom, M|100\/100\n|-fieldstart|move: Grassy Terrain|[from] ability: Grassy Surge|[of] p2a: Rillaboom\n|move|p2b: Kangaskhan|Protect|p2b: Kangaskhan\n|-singleturn|p2b: Kangaskhan|Protect\n|move|p1a: *boom vine effect*|Stomping Tantrum|p2a: Rillaboom\n|-resisted|p2a: Rillaboom\n|-damage|p2a: Rillaboom|64\/100\n|move|p1b: Bri'ish???|Trick Room|p1b: Bri'ish???\n|-fieldstart|move: Trick Room|[of] p1b: Bri'ish???\n|\n|-heal|p1b: Bri'ish???|94\/100 psn|[from] Grassy Terrain\n|-heal|p2a: Rillaboom|70\/100|[from] Grassy Terrain\n|-damage|p1b: Bri'ish???|82\/100 psn|[from] psn\n|-damage|p1a: *boom vine effect*|63\/100 psn|[from] psn\n|upkeep\n|turn|3\n|\n|t:|1700935661\n|switch|p1a: FreezeBolt2.0|Kyurem-Black|100\/100\n|-ability|p1a: FreezeBolt2.0|Teravolt\n|switch|p2b: Jirachi|Jirachi|100\/100\n|move|p2a: Rillaboom|Fake Out|p1a: FreezeBolt2.0\n|-damage|p1a: FreezeBolt2.0|91\/100\n|move|p1b: Bri'ish???|Matcha Gotcha|p2b: Jirachi|[spread] p2b\n|-miss|p1b: Bri'ish???|p2a: Rillaboom\n|-resisted|p2b: Jirachi\n|-damage|p2b: Jirachi|90\/100\n|-heal|p1b: Bri'ish???|88\/100 psn|[from] drain|[of] p2b: Jirachi\n|\n|-heal|p1b: Bri'ish???|94\/100 psn|[from] Grassy Terrain\n|-heal|p1a: FreezeBolt2.0|98\/100|[from] Grassy Terrain\n|-heal|p2a: Rillaboom|76\/100|[from] Grassy Terrain\n|-heal|p2b: Jirachi|96\/100|[from] Grassy Terrain\n|-damage|p1b: Bri'ish???|82\/100 psn|[from] psn\n|upkeep\n|turn|4\n|\n|t:|1700935676\n|move|p1b: Bri'ish???|Matcha Gotcha|p2b: Jirachi|[spread] \n|-miss|p1b: Bri'ish???|p2a: Rillaboom\n|-miss|p1b: Bri'ish???|p2b: Jirachi\n|move|p1a: FreezeBolt2.0|Earth Power|p2b: Jirachi\n|-supereffective|p2b: Jirachi\n|-damage|p2b: Jirachi|43\/100\n|move|p2a: Rillaboom|U-turn|p1a: FreezeBolt2.0\n|-crit|p1a: FreezeBolt2.0\n|-damage|p1a: FreezeBolt2.0|74\/100\n|c|\u2606BriefMarigold4|:\/\n|\n|t:|1700935688\n|switch|p2a: Kangaskhan|Kangaskhan, F|100\/100|[from] U-turn\n|move|p2b: Jirachi|Iron Head|p1a: FreezeBolt2.0\n|-supereffective|p1a: FreezeBolt2.0\n|-damage|p1a: FreezeBolt2.0|32\/100\n|\n|-heal|p1b: Bri'ish???|88\/100 psn|[from] Grassy Terrain\n|-heal|p1a: FreezeBolt2.0|38\/100|[from] Grassy Terrain\n|-heal|p2b: Jirachi|49\/100|[from] Grassy Terrain\n|-damage|p1b: Bri'ish???|75\/100 psn|[from] psn\n|upkeep\n|turn|5\n|\n|t:|1700935707\n|switch|p1a: dad bod|Charizard, M|100\/100\n|move|p2a: Kangaskhan|Fake Out|p1b: Bri'ish???\n|-damage|p1b: Bri'ish???|65\/100 psn\n|cant|p1b: Bri'ish???|flinch\n|move|p2b: Jirachi|Iron Head|p1a: dad bod\n|-resisted|p1a: dad bod\n|-damage|p1a: dad bod|82\/100\n|\n|-heal|p1b: Bri'ish???|71\/100 psn|[from] Grassy Terrain\n|-heal|p2b: Jirachi|55\/100|[from] Grassy Terrain\n|-damage|p1b: Bri'ish???|58\/100 psn|[from] psn\n|upkeep\n|turn|6\n|\n|t:|1700935720\n|detailschange|p2a: Kangaskhan|Kangaskhan-Mega, F\n|-mega|p2a: Kangaskhan|Kangaskhan|Kangaskhanite\n|move|p2b: Jirachi|Protect|p2b: Jirachi\n|-singleturn|p2b: Jirachi|Protect\n|move|p1a: dad bod|Protect|p1a: dad bod\n|-singleturn|p1a: dad bod|Protect\n|move|p1b: Bri'ish???|Life Dew|p1b: Bri'ish???|[spread] p1a,p1b\n|-heal|p1a: dad bod|100\/100\n|-heal|p1b: Bri'ish???|83\/100 psn\n|move|p2a: Kangaskhan|Seismic Toss|p1a: dad bod\n|-activate|p1a: dad bod|move: Protect\n|\n|-heal|p1b: Bri'ish???|90\/100 psn|[from] Grassy Terrain\n|-heal|p2b: Jirachi|61\/100|[from] Grassy Terrain\n|-damage|p1b: Bri'ish???|77\/100 psn|[from] psn\n|-fieldend|move: Trick Room\n|-fieldend|move: Grassy Terrain\n|upkeep\n|turn|7\n|\n|t:|1700935733\n|switch|p2b: Glimmora|Glimmora, F|69\/100\n|detailschange|p1a: dad bod|Charizard-Mega-Y, M\n|-mega|p1a: dad bod|Charizard|Charizardite Y\n|-weather|SunnyDay|[from] ability: Drought|[of] p1a: dad bod\n|move|p2a: Kangaskhan|Seismic Toss|p1a: dad bod\n|-damage|p1a: dad bod|67\/100\n|-damage|p1a: dad bod|34\/100\n|-hitcount|p1a: dad bod|2\n|move|p1a: dad bod|Heat Wave|p2a: Kangaskhan|[spread] p2a,p2b\n|-resisted|p2b: Glimmora\n|-damage|p2a: Kangaskhan|45\/100\n|-damage|p2b: Glimmora|27\/100\n|move|p1b: Bri'ish???|Trick Room|p1b: Bri'ish???\n|-fieldstart|move: Trick Room|[of] p1b: Bri'ish???\n|\n|-weather|SunnyDay|[upkeep]\n|-damage|p1b: Bri'ish???|65\/100 psn|[from] psn\n|upkeep\n|turn|8\n|\n|t:|1700935754\n|move|p1b: Bri'ish???|Rage Powder|p1b: Bri'ish???\n|-singleturn|p1b: Bri'ish???|move: Rage Powder\n|move|p2a: Kangaskhan|Sucker Punch||[still]\n|-fail|p2a: Kangaskhan\n|move|p2b: Glimmora|Stealth Rock|p1b: Bri'ish???\n|-sidestart|p1: BriefMarigold4|move: Stealth Rock\n|move|p1a: dad bod|Heat Wave|p2b: Glimmora|[spread] p2a,p2b\n|-resisted|p2b: Glimmora\n|-damage|p2a: Kangaskhan|0 fnt\n|-damage|p2b: Glimmora|0 fnt\n|faint|p2a: Kangaskhan\n|faint|p2b: Glimmora\n|\n|-weather|SunnyDay|[upkeep]\n|-damage|p1b: Bri'ish???|52\/100 psn|[from] psn\n|upkeep\n|inactive|Ryuji has 270 seconds left.\n|\n|t:|1700935776\n|switch|p2b: Jirachi|Jirachi|61\/100\n|switch|p2a: Zygarde|Zygarde|100\/100\n|-ability|p2a: Zygarde|Aura Break\n|turn|9\n|\n|t:|1700935780\n|move|p2b: Jirachi|Protect|p2b: Jirachi\n|-singleturn|p2b: Jirachi|Protect\n|move|p2a: Zygarde|Protect|p2a: Zygarde\n|-singleturn|p2a: Zygarde|Protect\n|move|p1b: Bri'ish???|Matcha Gotcha|p2a: Zygarde|[spread] \n|-activate|p2a: Zygarde|move: Protect\n|-activate|p2b: Jirachi|move: Protect\n|move|p1a: dad bod|Heat Wave|p2a: Zygarde|[spread] \n|-activate|p2a: Zygarde|move: Protect\n|-activate|p2b: Jirachi|move: Protect\n|\n|-weather|SunnyDay|[upkeep]\n|-damage|p1b: Bri'ish???|40\/100 psn|[from] psn\n|upkeep\n|turn|10\n|\n|t:|1700935793\n|switch|p2b: Rillaboom|Rillaboom, M|76\/100\n|-fieldstart|move: Grassy Terrain|[from] ability: Grassy Surge|[of] p2b: Rillaboom\n|-terastallize|p2a: Zygarde|Fire\n|move|p1b: Bri'ish???|Matcha Gotcha|p2b: Rillaboom|[spread] p2a,p2b\n|-resisted|p2a: Zygarde\n|-resisted|p2b: Rillaboom\n|-damage|p2a: Zygarde|86\/100\n|-heal|p1b: Bri'ish???|48\/100 psn|[from] drain|[of] p2a: Zygarde\n|-damage|p2b: Rillaboom|67\/100\n|-heal|p1b: Bri'ish???|53\/100 psn|[from] drain|[of] p2b: Rillaboom\n|move|p2a: Zygarde|Dragon Dance|p2a: Zygarde\n|-boost|p2a: Zygarde|atk|1\n|-boost|p2a: Zygarde|spe|1\n|move|p1a: dad bod|Hidden Power|p2a: Zygarde\n|-resisted|p2a: Zygarde\n|-damage|p2a: Zygarde|75\/100\n|\n|-weather|SunnyDay|[upkeep]\n|-heal|p1b: Bri'ish???|59\/100 psn|[from] Grassy Terrain\n|-heal|p2b: Rillaboom|73\/100|[from] Grassy Terrain\n|-heal|p2a: Zygarde|81\/100|[from] Grassy Terrain\n|-damage|p1b: Bri'ish???|47\/100 psn|[from] psn\n|upkeep\n|turn|11\n|\n|t:|1700935816\n|move|p1b: Bri'ish???|Life Dew|p1b: Bri'ish???|[spread] p1a,p1b\n|-heal|p1a: dad bod|60\/100\n|-heal|p1b: Bri'ish???|72\/100 psn\n|move|p2b: Rillaboom|U-turn|p1b: Bri'ish???\n|-damage|p1b: Bri'ish???|56\/100 psn\n|\n|t:|1700935820\n|switch|p2b: Zamazenta|Zamazenta|100\/100|[from] U-turn\n|-ability|p2b: Zamazenta|Dauntless Shield|boost\n|-boost|p2b: Zamazenta|def|1\n|move|p1a: dad bod|Heat Wave|p2a: Zygarde|[spread] p2a,p2b\n|-resisted|p2a: Zygarde\n|-damage|p2a: Zygarde|50\/100\n|-damage|p2b: Zamazenta|46\/100\n|-enditem|p2b: Zamazenta|Sitrus Berry|[eat]\n|-heal|p2b: Zamazenta|71\/100|[from] item: Sitrus Berry\n|move|p2a: Zygarde|Dragon Dance|p2a: Zygarde\n|-boost|p2a: Zygarde|atk|1\n|-boost|p2a: Zygarde|spe|1\n|\n|-weather|none\n|-heal|p1b: Bri'ish???|62\/100 psn|[from] Grassy Terrain\n|-heal|p2b: Zamazenta|77\/100|[from] Grassy Terrain\n|-heal|p2a: Zygarde|56\/100|[from] Grassy Terrain\n|-damage|p1b: Bri'ish???|50\/100 psn|[from] psn\n|-fieldend|move: Trick Room\n|upkeep\n|turn|12\n|\n|t:|1700935837\n|switch|p1a: *boom vine effect*|Landorus-Therian, M|63\/100 psn\n|-damage|p1a: *boom vine effect*|50\/100 psn|[from] Stealth Rock\n|-ability|p1a: *boom vine effect*|Intimidate|boost\n|-fail|p2a: Zygarde|unboost|[from] item: Clear Amulet|[of] p2a: Zygarde\n|-unboost|p2b: Zamazenta|atk|1\n|-enditem|p1a: *boom vine effect*|Sitrus Berry|[eat]\n|-heal|p1a: *boom vine effect*|75\/100 psn|[from] item: Sitrus Berry\n|move|p2a: Zygarde|Thousand Arrows|p1b: Bri'ish???|[spread] p1a,p1b\n|-resisted|p1b: Bri'ish???\n|-damage|p1a: *boom vine effect*|21\/100 psn\n|-damage|p1b: Bri'ish???|24\/100 psn\n|-start|p1a: *boom vine effect*|Smack Down\n|move|p2b: Zamazenta|Snarl|p1a: *boom vine effect*|[spread] p1a,p1b\n|-supereffective|p1b: Bri'ish???\n|-damage|p1a: *boom vine effect*|14\/100 psn\n|-damage|p1b: Bri'ish???|10\/100 psn\n|-unboost|p1a: *boom vine effect*|spa|1\n|-unboost|p1b: Bri'ish???|spa|1\n|move|p1b: Bri'ish???|Trick Room|p1b: Bri'ish???\n|-fieldstart|move: Trick Room|[of] p1b: Bri'ish???\n|\n|-heal|p1b: Bri'ish???|16\/100 psn|[from] Grassy Terrain\n|-heal|p1a: *boom vine effect*|20\/100 psn|[from] Grassy Terrain\n|-heal|p2b: Zamazenta|83\/100|[from] Grassy Terrain\n|-heal|p2a: Zygarde|62\/100|[from] Grassy Terrain\n|-damage|p1b: Bri'ish???|4\/100 psn|[from] psn\n|-damage|p1a: *boom vine effect*|8\/100 psn|[from] psn\n|upkeep\n|turn|13\n|\n|t:|1700935860\n|move|p2a: Zygarde|Protect|p2a: Zygarde\n|-singleturn|p2a: Zygarde|Protect\n|move|p1b: Bri'ish???|Rage Powder|p1b: Bri'ish???\n|-singleturn|p1b: Bri'ish???|move: Rage Powder\n|move|p1a: *boom vine effect*|Stomping Tantrum|p2a: Zygarde\n|-activate|p2a: Zygarde|move: Protect\n|move|p2b: Zamazenta|Coaching|p2a: Zygarde\n|-boost|p2a: Zygarde|atk|1\n|-boost|p2a: Zygarde|def|1\n|\n|-heal|p1b: Bri'ish???|10\/100 psn|[from] Grassy Terrain\n|-heal|p1a: *boom vine effect*|14\/100 psn|[from] Grassy Terrain\n|-heal|p2b: Zamazenta|89\/100|[from] Grassy Terrain\n|-heal|p2a: Zygarde|69\/100|[from] Grassy Terrain\n|-damage|p1b: Bri'ish???|0 fnt|[from] psn\n|faint|p1b: Bri'ish???\n|-damage|p1a: *boom vine effect*|2\/100 psn|[from] psn\n|upkeep\n|\n|t:|1700935865\n|switch|p1b: FreezeBolt2.0|Kyurem-Black|38\/100\n|-damage|p1b: FreezeBolt2.0|13\/100|[from] Stealth Rock\n|-ability|p1b: FreezeBolt2.0|Teravolt\n|turn|14\n|inactive|Ryuji has 270 seconds left.\n|\n|t:|1700935897\n|move|p2a: Zygarde|Extreme Speed|p1b: FreezeBolt2.0\n|-damage|p1b: FreezeBolt2.0|0 fnt\n|faint|p1b: FreezeBolt2.0\n|move|p1a: *boom vine effect*|Stomping Tantrum|p2a: Zygarde\n|-supereffective|p2a: Zygarde\n|-damage|p2a: Zygarde|28\/100\n|move|p2b: Zamazenta|Coaching|p2a: Zygarde\n|-boost|p2a: Zygarde|atk|1\n|-boost|p2a: Zygarde|def|1\n|\n|-heal|p1a: *boom vine effect*|8\/100 psn|[from] Grassy Terrain\n|-heal|p2b: Zamazenta|95\/100|[from] Grassy Terrain\n|-heal|p2a: Zygarde|35\/100|[from] Grassy Terrain\n|-damage|p1a: *boom vine effect*|0 fnt|[from] psn\n|faint|p1a: *boom vine effect*\n|-fieldend|move: Grassy Terrain\n|upkeep\n|\n|t:|1700935904\n|switch|p1b: Goodbye RNG|Tapu Fini|100\/100\n|switch|p1a: fatty fatty fatass|Snorlax, M|100\/100\n|-damage|p1a: fatty fatty fatass|88\/100|[from] Stealth Rock\n|-damage|p1b: Goodbye RNG|88\/100|[from] Stealth Rock\n|-fieldstart|move: Misty Terrain|[from] ability: Misty Surge|[of] p1b: Goodbye RNG\n|turn|15\n|\n|t:|1700935916\n|-terastallize|p1a: fatty fatty fatass|Fairy\n|move|p2a: Zygarde|Protect|p2a: Zygarde\n|-singleturn|p2a: Zygarde|Protect\n|move|p1a: fatty fatty fatass|Belly Drum|p1a: fatty fatty fatass\n|-damage|p1a: fatty fatty fatass|38\/100\n|-setboost|p1a: fatty fatty fatass|atk|6|[from] move: Belly Drum\n|move|p1b: Goodbye RNG|Heal Pulse|p1a: fatty fatty fatass\n|-heal|p1a: fatty fatty fatass|88\/100\n|move|p2b: Zamazenta|Body Press|p1a: fatty fatty fatass\n|-resisted|p1a: fatty fatty fatass\n|-damage|p1a: fatty fatty fatass|70\/100\n|\n|-heal|p1a: fatty fatty fatass|76\/100|[from] item: Leftovers\n|upkeep\n|turn|16\n|\n|t:|1700935929\n|move|p2b: Zamazenta|Wide Guard|p2b: Zamazenta\n|-singleturn|p2b: Zamazenta|Wide Guard\n|move|p2a: Zygarde|Extreme Speed|p1a: fatty fatty fatass\n|-damage|p1a: fatty fatty fatass|22\/100\n|move|p1a: fatty fatty fatass|Return|p2a: Zygarde\n|-damage|p2a: Zygarde|0 fnt\n|faint|p2a: Zygarde\n|move|p1b: Goodbye RNG|Heal Pulse|p1a: fatty fatty fatass\n|-heal|p1a: fatty fatty fatass|72\/100\n|\n|-heal|p1a: fatty fatty fatass|79\/100|[from] item: Leftovers\n|-fieldend|move: Trick Room\n|upkeep\n|\n|t:|1700935935\n|switch|p2a: Jirachi|Jirachi|61\/100\n|turn|17\n|\n|t:|1700935945\n|move|p1b: Goodbye RNG|Protect|p1b: Goodbye RNG\n|-singleturn|p1b: Goodbye RNG|Protect\n|move|p1a: fatty fatty fatass|Protect|p1a: fatty fatty fatass\n|-singleturn|p1a: fatty fatty fatass|Protect\n|move|p2b: Zamazenta|Coaching|p2a: Jirachi\n|-boost|p2a: Jirachi|atk|1\n|-boost|p2a: Jirachi|def|1\n|move|p2a: Jirachi|Iron Head|p1a: fatty fatty fatass\n|-activate|p1a: fatty fatty fatass|move: Protect\n|\n|-heal|p1a: fatty fatty fatass|85\/100|[from] item: Leftovers\n|upkeep\n|turn|18\n|\n|t:|1700935951\n|move|p2b: Zamazenta|Coaching|p2a: Jirachi\n|-boost|p2a: Jirachi|atk|1\n|-boost|p2a: Jirachi|def|1\n|move|p1b: Goodbye RNG|Heal Pulse|p1a: fatty fatty fatass\n|-heal|p1a: fatty fatty fatass|100\/100\n|move|p2a: Jirachi|Iron Head|p1a: fatty fatty fatass\n|-supereffective|p1a: fatty fatty fatass\n|-crit|p1a: fatty fatty fatass\n|-damage|p1a: fatty fatty fatass|0 fnt\n|faint|p1a: fatty fatty fatass\n|\n|upkeep\n|c|\u2606BriefMarigold4|ow\n|c|\u2606BriefMarigold4|gg\n|-message|BriefMarigold4 forfeited.\n|\n|win|Ryuji\n","uploadtime":1700935964,"views":1,"p1id":"briefmarigold4","p2id":"ryuji","formatid":"gen9nationaldexdoubles","rating":0,"private":0,"password":""}