{"id":"smogtours-gen9nationaldexdoubles-731326","p1":"Demonlord_001","p2":"JesterArtisticBoi","format":"[Gen 9] National Dex Doubles","log":"|inactive|Battle timer is ON: inactive players will automatically lose when time's up.\n|t:|1700347897\n|gametype|doubles\n|player|p1|Demonlord_001|n|\n|player|p2|JesterArtisticBoi|rocketgrunt|\n|teamsize|p1|6\n|teamsize|p2|6\n|gen|9\n|tier|[Gen 9] National Dex Doubles\n|rule|HP Percentage Mod: HP is shown in percentages\n|rule|Endless Battle Clause: Forcing endless battles is banned\n|rule|OHKO Clause: OHKO moves are banned\n|rule|Evasion Moves Clause: Evasion moves are banned\n|rule|Evasion Abilities Clause: Evasion abilities are banned\n|rule|Species Clause: Limit one of each Pok\u00e9mon\n|rule|Gravity Sleep Clause: The combination of sleep-inducing moves with imperfect accuracy and Gravity or Gigantamax Orbeetle are banned\n|clearpoke\n|poke|p1|Grimmsnarl, M|\n|poke|p1|Snorlax, M|\n|poke|p1|Tornadus, M|\n|poke|p1|Lucario, M|\n|poke|p1|Indeedee-F, F|\n|poke|p1|Sableye, F|\n|poke|p2|Gengar, M|\n|poke|p2|Ursaluna, M|\n|poke|p2|Gardevoir, M|\n|poke|p2|Inteleon, M|\n|poke|p2|Meloetta|\n|poke|p2|Delphox, M|\n|teampreview\n|\n|t:|1700347904\n|start\n|switch|p1a: Indeedee|Indeedee-F, F|100\/100\n|switch|p1b: Lucario|Lucario, M|100\/100\n|switch|p2a: Gardevoir|Gardevoir, M, shiny|100\/100\n|switch|p2b: Meloetta|Meloetta|100\/100\n|-fieldstart|move: Psychic Terrain|[from] ability: Psychic Surge|[of] p1a: Indeedee\n|turn|1\n|\n|t:|1700347917\n|move|p2b: Meloetta|Metronome|p2b: Meloetta\n|move|p2b: Meloetta|Defog|p1b: Lucario|[from]move: Metronome\n|-unboost|p1b: Lucario|evasion|1\n|-fieldend|move: Psychic Terrain\n|move|p1b: Lucario|Metronome|p1b: Lucario\n|move|p1b: Lucario|Harden|p1b: Lucario|[from]move: Metronome\n|-boost|p1b: Lucario|def|1\n|move|p1a: Indeedee|Metronome|p1a: Indeedee\n|move|p1a: Indeedee|Tailwind|p1a: Indeedee|[from]move: Metronome\n|-sidestart|p1: Demonlord_001|move: Tailwind\n|move|p2a: Gardevoir|Metronome|p2a: Gardevoir\n|move|p2a: Gardevoir|Psystrike|p1b: Lucario|[from]move: Metronome\n|-damage|p1b: Lucario|42\/100\n|\n|upkeep\n|turn|2\n|\n|t:|1700347935\n|move|p1b: Lucario|Metronome|p1b: Lucario\n|move|p1b: Lucario|Powder Snow|p2a: Gardevoir|[from]move: Metronome|[spread] p2a,p2b\n|-damage|p2a: Gardevoir|92\/100\n|-damage|p2b: Meloetta|94\/100\n|move|p1a: Indeedee|Metronome|p1a: Indeedee\n|move|p1a: Indeedee|Bone Rush|p2a: Gardevoir|[from]move: Metronome\n|-damage|p2a: Gardevoir|88\/100\n|-damage|p2a: Gardevoir|83\/100\n|-hitcount|p2a: Gardevoir|2\n|move|p2b: Meloetta|Metronome|p2b: Meloetta\n|move|p2b: Meloetta|Drill Peck|p1a: Indeedee|[from]move: Metronome\n|-damage|p1a: Indeedee|83\/100\n|move|p2a: Gardevoir|Metronome|p2a: Gardevoir\n|move|p2a: Gardevoir|Ancient Power|p1b: Lucario|[from]move: Metronome\n|-resisted|p1b: Lucario\n|-damage|p1b: Lucario|35\/100\n|\n|upkeep\n|turn|3\n|\n|t:|1700347955\n|move|p1b: Lucario|Metronome|p1b: Lucario\n|move|p1b: Lucario|Heal Pulse|p2a: Gardevoir|[from]move: Metronome\n|-heal|p2a: Gardevoir|100\/100\n|move|p1a: Indeedee|Metronome|p1a: Indeedee\n|move|p1a: Indeedee|Stockpile|p1a: Indeedee|[from]move: Metronome\n|-start|p1a: Indeedee|stockpile1\n|-boost|p1a: Indeedee|def|1\n|-boost|p1a: Indeedee|spd|1\n|move|p2b: Meloetta|Metronome|p2b: Meloetta\n|move|p2b: Meloetta|Ice Shard|p1a: Indeedee|[from]move: Metronome\n|-damage|p1a: Indeedee|77\/100\n|move|p2a: Gardevoir|Metronome|p2a: Gardevoir\n|move|p2a: Gardevoir|Triple Arrows|p1a: Indeedee|[from]move: Metronome\n|-damage|p1a: Indeedee|65\/100\n|-unboost|p1a: Indeedee|def|1\n|\n|upkeep\n|turn|4\n|\n|t:|1700347977\n|move|p1b: Lucario|Metronome|p1b: Lucario\n|move|p1b: Lucario|Extreme Speed|p2b: Meloetta|[from]move: Metronome\n|-damage|p2b: Meloetta|69\/100\n|move|p1a: Indeedee|Metronome|p1a: Indeedee\n|move|p1a: Indeedee|Fire Blast|p2a: Gardevoir|[from]move: Metronome|[miss]\n|-miss|p1a: Indeedee|p2a: Gardevoir\n|move|p2b: Meloetta|Metronome|p2b: Meloetta\n|move|p2b: Meloetta|Spit Up||[from]move: Metronome|[still]\n|-fail|p2b: Meloetta\n|move|p2a: Gardevoir|Metronome|p2a: Gardevoir\n|move|p2a: Gardevoir|Healing Wish|p2a: Gardevoir|[from]move: Metronome\n|faint|p2a: Gardevoir\n|\n|-sideend|p1: Demonlord_001|move: Tailwind\n|upkeep\n|inactive|JesterArtisticBoi has 270 seconds left.\n|\n|t:|1700348004\n|switch|p2a: Gengar|Gengar, M|100\/100\n|turn|5\n|\n|t:|1700348015\n|move|p2a: Gengar|Metronome|p2a: Gengar\n|move|p2a: Gengar|Dragon Rush|p1b: Lucario|[from]move: Metronome\n|-resisted|p1b: Lucario\n|-damage|p1b: Lucario|27\/100\n|move|p2b: Meloetta|Metronome|p2b: Meloetta\n|move|p2b: Meloetta|Dig||[from]move: Metronome|[still]\n|-prepare|p2b: Meloetta|Dig\n|move|p1b: Lucario|Metronome|p1b: Lucario\n|move|p1b: Lucario|Overheat|p2b: Meloetta|[from]move: Metronome|[miss]\n|-miss|p1b: Lucario|p2b: Meloetta\n|move|p1a: Indeedee|Metronome|p1a: Indeedee\n|move|p1a: Indeedee|Magma Storm|p2b: Meloetta|[from]move: Metronome|[miss]\n|-miss|p1a: Indeedee|p2b: Meloetta\n|\n|upkeep\n|turn|6\n|\n|t:|1700348033\n|move|p2a: Gengar|Metronome|p2a: Gengar\n|move|p2a: Gengar|Fling|p1a: Indeedee|[from]move: Metronome\n|-supereffective|p1a: Indeedee\n|-damage|p1a: Indeedee|61\/100\n|-activate|p1a: Indeedee|item: Leppa Berry|Metronome|[consumed]\n|-enditem|p2a: Gengar|Leppa Berry|[from] move: Fling\n|move|p2b: Meloetta|Dig|p1a: Indeedee|[from]lockedmove\n|-damage|p1a: Indeedee|45\/100\n|move|p1b: Lucario|Metronome|p1b: Lucario\n|move|p1b: Lucario|Reversal|p2a: Gengar|[from]move: Metronome\n|-immune|p2a: Gengar\n|move|p1a: Indeedee|Metronome|p1a: Indeedee\n|move|p1a: Indeedee|Darkest Lariat|p2a: Gengar|[from]move: Metronome\n|-supereffective|p2a: Gengar\n|-damage|p2a: Gengar|64\/100\n|\n|upkeep\n|turn|7\n|\n|t:|1700348051\n|move|p2a: Gengar|Metronome|p2a: Gengar\n|move|p2a: Gengar|Double Hit|p1b: Lucario|[from]move: Metronome\n|-resisted|p1b: Lucario\n|-damage|p1b: Lucario|24\/100\n|-resisted|p1b: Lucario\n|-damage|p1b: Lucario|21\/100\n|-hitcount|p1b: Lucario|2\n|move|p2b: Meloetta|Metronome|p2b: Meloetta\n|move|p2b: Meloetta|Mach Punch|p1a: Indeedee|[from]move: Metronome\n|-damage|p1a: Indeedee|37\/100\n|move|p1b: Lucario|Metronome|p1b: Lucario\n|move|p1b: Lucario|Lunge|p2b: Meloetta|[from]move: Metronome\n|-supereffective|p2b: Meloetta\n|-damage|p2b: Meloetta|24\/100\n|-unboost|p2b: Meloetta|atk|1\n|move|p1a: Indeedee|Metronome|p1a: Indeedee\n|move|p1a: Indeedee|Heart Swap|p2b: Meloetta|[from]move: Metronome\n|-swapboost|p1a: Indeedee|p2b: Meloetta|[from] move: Heart Swap\n|\n|upkeep\n|turn|8\n|\n|t:|1700348074\n|move|p2a: Gengar|Metronome|p2a: Gengar\n|move|p2a: Gengar|Gust|p1b: Lucario|[from]move: Metronome\n|-damage|p1b: Lucario|1\/100\n|move|p2b: Meloetta|Metronome|p2b: Meloetta\n|move|p2b: Meloetta|Venoshock|p1a: Indeedee|[from]move: Metronome\n|-damage|p1a: Indeedee|14\/100\n|move|p1b: Lucario|Metronome|p1b: Lucario\n|move|p1b: Lucario|Stuff Cheeks|p1b: Lucario|[from]move: Metronome\n|-boost|p1b: Lucario|def|2\n|-enditem|p1b: Lucario|Leppa Berry|[eat]\n|-activate|p1b: Lucario|item: Leppa Berry|Metronome|[consumed]\n|move|p1a: Indeedee|Metronome|p1a: Indeedee\n|move|p1a: Indeedee|Lava Plume|p2a: Gengar|[from]move: Metronome|[spread] p1b,p2a,p2b\n|-supereffective|p1b: Lucario\n|-damage|p1b: Lucario|0 fnt\n|-damage|p2a: Gengar|44\/100\n|-damage|p2b: Meloetta|17\/100\n|faint|p1b: Lucario\n|\n|upkeep\n|inactive|Demonlord_001 has 270 seconds left.\n|\n|t:|1700348100\n|switch|p1b: Tornadus|Tornadus, M|100\/100\n|turn|9\n|\n|t:|1700348104\n|move|p1b: Tornadus|Metronome|p1b: Tornadus\n|move|p1b: Tornadus|Pound|p2a: Gengar|[from]move: Metronome\n|-immune|p2a: Gengar\n|move|p2a: Gengar|Metronome|p2a: Gengar\n|move|p2a: Gengar|Flower Trick|p1b: Tornadus|[from]move: Metronome\n|-resisted|p1b: Tornadus\n|-crit|p1b: Tornadus\n|-damage|p1b: Tornadus|91\/100\n|move|p2b: Meloetta|Metronome|p2b: Meloetta\n|move|p2b: Meloetta|Milk Drink|p2b: Meloetta|[from]move: Metronome\n|-heal|p2b: Meloetta|67\/100\n|move|p1a: Indeedee|Metronome|p1a: Indeedee\n|move|p1a: Indeedee|Scale Shot|p2b: Meloetta|[from]move: Metronome\n|-damage|p2b: Meloetta|64\/100\n|-damage|p2b: Meloetta|62\/100\n|-damage|p2b: Meloetta|59\/100\n|-damage|p2b: Meloetta|57\/100\n|-damage|p2b: Meloetta|55\/100\n|-hitcount|p2b: Meloetta|5\n|-unboost|p1a: Indeedee|def|1\n|-boost|p1a: Indeedee|spe|1\n|\n|upkeep\n|turn|10\n|\n|t:|1700348131\n|move|p1b: Tornadus|Metronome|p1b: Tornadus\n|move|p1b: Tornadus|Smog|p2b: Meloetta|[from]move: Metronome\n|-damage|p2b: Meloetta|49\/100\n|move|p1a: Indeedee|Metronome|p1a: Indeedee\n|move|p1a: Indeedee|Pluck|p2a: Gengar|[from]move: Metronome\n|-damage|p2a: Gengar|36\/100\n|move|p2a: Gengar|Metronome|p2a: Gengar\n|move|p2a: Gengar|Razor Leaf|p1b: Tornadus|[from]move: Metronome|[spread] p1a,p1b\n|-resisted|p1b: Tornadus\n|-damage|p1a: Indeedee|3\/100\n|-damage|p1b: Tornadus|86\/100\n|move|p2b: Meloetta|Metronome|p2b: Meloetta\n|move|p2b: Meloetta|Aromatic Mist|p2a: Gengar|[from]move: Metronome\n|-boost|p2a: Gengar|spd|1\n|\n|upkeep\n|turn|11\n|\n|t:|1700348151\n|move|p1b: Tornadus|Metronome|p1b: Tornadus\n|move|p1b: Tornadus|Simple Beam|p2b: Meloetta|[from]move: Metronome\n|-endability|p2b: Meloetta|Serene Grace|[from] move: Simple Beam\n|-ability|p2b: Meloetta|Simple|[from] move: Simple Beam\n|move|p1a: Indeedee|Metronome|p1a: Indeedee\n|move|p1a: Indeedee|Sandstorm|p1a: Indeedee|[from]move: Metronome\n|-weather|Sandstorm\n|move|p2a: Gengar|Metronome|p2a: Gengar\n|move|p2a: Gengar|Acupressure|p2a: Gengar|[from]move: Metronome\n|-boost|p2a: Gengar|accuracy|2\n|move|p2b: Meloetta|Metronome|p2b: Meloetta\n|move|p2b: Meloetta|Teatime|p2b: Meloetta|[from]move: Metronome\n|-fieldactivate|move: Teatime\n|-enditem|p1a: Indeedee|Leppa Berry|[eat]\n|-activate|p1a: Indeedee|item: Leppa Berry|Metronome|[consumed]\n|-enditem|p1b: Tornadus|Leppa Berry|[eat]\n|-activate|p1b: Tornadus|item: Leppa Berry|Metronome|[consumed]\n|-enditem|p2b: Meloetta|Leppa Berry|[eat]\n|-activate|p2b: Meloetta|item: Leppa Berry|Metronome|[consumed]\n|\n|-weather|Sandstorm|[upkeep]\n|-damage|p1a: Indeedee|0 fnt|[from] Sandstorm\n|-damage|p1b: Tornadus|80\/100|[from] Sandstorm\n|-damage|p2a: Gengar|30\/100|[from] Sandstorm\n|-damage|p2b: Meloetta|43\/100|[from] Sandstorm\n|faint|p1a: Indeedee\n|upkeep\n|inactive|Demonlord_001 has 270 seconds left.\n|\n|t:|1700348176\n|switch|p1a: Snorlax|Snorlax, M|100\/100\n|turn|12\n|\n|t:|1700348182\n|move|p1b: Tornadus|Metronome|p1b: Tornadus\n|move|p1b: Tornadus|Terrain Pulse|p2b: Meloetta|[from]move: Metronome\n|-damage|p2b: Meloetta|33\/100\n|move|p2a: Gengar|Metronome|p2a: Gengar\n|move|p2a: Gengar|Zing Zap|p1a: Snorlax|[from]move: Metronome\n|-damage|p1a: Snorlax|93\/100\n|move|p2b: Meloetta|Metronome|p2b: Meloetta\n|move|p2b: Meloetta|Razor Shell|p1b: Tornadus|[from]move: Metronome\n|-damage|p1b: Tornadus|64\/100\n|move|p1a: Snorlax|Metronome|p1a: Snorlax\n|move|p1a: Snorlax|Zen Headbutt|p2b: Meloetta|[from]move: Metronome\n|-resisted|p2b: Meloetta\n|-damage|p2b: Meloetta|22\/100\n|\n|-weather|Sandstorm|[upkeep]\n|-damage|p1b: Tornadus|58\/100|[from] Sandstorm\n|-damage|p2a: Gengar|23\/100|[from] Sandstorm\n|-damage|p2b: Meloetta|16\/100|[from] Sandstorm\n|-damage|p1a: Snorlax|87\/100|[from] Sandstorm\n|upkeep\n|turn|13\n|\n|t:|1700348205\n|move|p1b: Tornadus|Metronome|p1b: Tornadus\n|move|p1b: Tornadus|Zing Zap|p2b: Meloetta|[from]move: Metronome\n|-damage|p2b: Meloetta|0 fnt\n|faint|p2b: Meloetta\n|move|p2a: Gengar|Metronome|p2a: Gengar\n|move|p2a: Gengar|Shelter|p2a: Gengar|[from]move: Metronome\n|-boost|p2a: Gengar|def|2\n|move|p1a: Snorlax|Metronome|p1a: Snorlax\n|move|p1a: Snorlax|Mud Shot|p2a: Gengar|[from]move: Metronome\n|-supereffective|p2a: Gengar\n|-damage|p2a: Gengar|6\/100\n|-unboost|p2a: Gengar|spe|1\n|\n|-weather|Sandstorm|[upkeep]\n|-damage|p1b: Tornadus|52\/100|[from] Sandstorm\n|-damage|p2a: Gengar|0 fnt|[from] Sandstorm\n|-damage|p1a: Snorlax|81\/100|[from] Sandstorm\n|faint|p2a: Gengar\n|upkeep\n|inactive|JesterArtisticBoi has 270 seconds left.\n|\n|t:|1700348226\n|switch|p2a: Ursaluna|Ursaluna, M, shiny|100\/100\n|switch|p2b: Delphox|Delphox, M, shiny|100\/100\n|turn|14\n|\n|t:|1700348234\n|move|p1b: Tornadus|Metronome|p1b: Tornadus\n|move|p1b: Tornadus|Bulk Up|p1b: Tornadus|[from]move: Metronome\n|-boost|p1b: Tornadus|atk|1\n|-boost|p1b: Tornadus|def|1\n|move|p2b: Delphox|Metronome|p2b: Delphox\n|move|p2b: Delphox|Milk Drink||[from]move: Metronome|[still]\n|-fail|p2b: Delphox|heal\n|move|p2a: Ursaluna|Metronome|p2a: Ursaluna\n|move|p2a: Ursaluna|Twister|p1b: Tornadus|[from]move: Metronome|[spread] p1a,p1b\n|-damage|p1a: Snorlax|77\/100\n|-damage|p1b: Tornadus|45\/100\n|move|p1a: Snorlax|Metronome|p1a: Snorlax\n|move|p1a: Snorlax|Leaf Blade|p2b: Delphox|[from]move: Metronome\n|-resisted|p2b: Delphox\n|-damage|p2b: Delphox|86\/100\n|\n|-weather|Sandstorm|[upkeep]\n|-damage|p1b: Tornadus|39\/100|[from] Sandstorm\n|-damage|p2b: Delphox|80\/100|[from] Sandstorm\n|-damage|p1a: Snorlax|71\/100|[from] Sandstorm\n|upkeep\n|turn|15\n|\n|t:|1700348256\n|move|p1b: Tornadus|Metronome|p1b: Tornadus\n|move|p1b: Tornadus|Heavy Slam|p2b: Delphox|[from]move: Metronome\n|-resisted|p2b: Delphox\n|-damage|p2b: Delphox|71\/100\n|move|p2b: Delphox|Metronome|p2b: Delphox\n|move|p2b: Delphox|Guillotine|p1a: Snorlax|[from]move: Metronome|[miss]\n|-miss|p2b: Delphox|p1a: Snorlax\n|move|p2a: Ursaluna|Metronome|p2a: Ursaluna\n|move|p2a: Ursaluna|Fiery Dance|p1a: Snorlax|[from]move: Metronome\n|-damage|p1a: Snorlax|66\/100\n|-boost|p2a: Ursaluna|spa|1\n|move|p1a: Snorlax|Metronome|p1a: Snorlax\n|move|p1a: Snorlax|Recover|p1a: Snorlax|[from]move: Metronome\n|-heal|p1a: Snorlax|100\/100\n|\n|-weather|none\n|upkeep\n|turn|16\n|\n|t:|1700348277\n|move|p1b: Tornadus|Metronome|p1b: Tornadus\n|move|p1b: Tornadus|Hydro Pump|p2b: Delphox|[from]move: Metronome\n|-supereffective|p2b: Delphox\n|-damage|p2b: Delphox|0 fnt\n|faint|p2b: Delphox\n|move|p2a: Ursaluna|Metronome|p2a: Ursaluna\n|move|p2a: Ursaluna|Fake Tears|p1a: Snorlax|[from]move: Metronome\n|-unboost|p1a: Snorlax|spd|2\n|move|p1a: Snorlax|Metronome|p1a: Snorlax\n|move|p1a: Snorlax|Hex|p2a: Ursaluna|[from]move: Metronome\n|-immune|p2a: Ursaluna\n|\n|upkeep\n|\n|t:|1700348291\n|switch|p2b: Inteleon|Inteleon, M|100\/100\n|turn|17\n|\n|t:|1700348295\n|move|p1b: Tornadus|Metronome|p1b: Tornadus\n|move|p1b: Tornadus|Mist|p1b: Tornadus|[from]move: Metronome\n|-sidestart|p1: Demonlord_001|Mist\n|move|p2b: Inteleon|Metronome|p2b: Inteleon\n|move|p2b: Inteleon|Strength Sap||[from]move: Metronome|[still]\n|-activate|p1b: Tornadus|move: Mist\n|-fail|p2b: Inteleon\n|move|p2a: Ursaluna|Metronome|p2a: Ursaluna\n|move|p2a: Ursaluna|Soak|p1a: Snorlax|[from]move: Metronome\n|-start|p1a: Snorlax|typechange|Water\n|move|p1a: Snorlax|Metronome|p1a: Snorlax\n|move|p1a: Snorlax|Ancient Power|p2b: Inteleon|[from]move: Metronome\n|-damage|p2b: Inteleon|87\/100\n|\n|upkeep\n|turn|18\n|\n|t:|1700348312\n|move|p1b: Tornadus|Metronome|p1b: Tornadus\n|move|p1b: Tornadus|Burning Jealousy|p2a: Ursaluna|[from]move: Metronome|[spread] p2a,p2b\n|-resisted|p2b: Inteleon\n|-damage|p2a: Ursaluna|81\/100\n|-damage|p2b: Inteleon|72\/100\n|move|p2b: Inteleon|Metronome|p2b: Inteleon\n|move|p2b: Inteleon|Tailwind|p2b: Inteleon|[from]move: Metronome\n|-sidestart|p2: JesterArtisticBoi|move: Tailwind\n|move|p2a: Ursaluna|Metronome|p2a: Ursaluna\n|move|p2a: Ursaluna|Double-Edge|p1a: Snorlax|[from]move: Metronome\n|-damage|p1a: Snorlax|66\/100\n|-damage|p2a: Ursaluna|66\/100|[from] Recoil\n|move|p1a: Snorlax|Metronome|p1a: Snorlax\n|move|p1a: Snorlax|Twister|p2a: Ursaluna|[from]move: Metronome|[spread] p2a,p2b\n|-damage|p2a: Ursaluna|61\/100\n|-damage|p2b: Inteleon|66\/100\n|\n|upkeep\n|turn|19\n|\n|t:|1700348333\n|move|p1b: Tornadus|Metronome|p1b: Tornadus\n|move|p1b: Tornadus|Magical Leaf|p2b: Inteleon|[from]move: Metronome\n|-supereffective|p2b: Inteleon\n|-damage|p2b: Inteleon|2\/100\n|move|p2b: Inteleon|Metronome|p2b: Inteleon\n|move|p2b: Inteleon|Tail Glow|p2b: Inteleon|[from]move: Metronome\n|-boost|p2b: Inteleon|spa|3\n|move|p2a: Ursaluna|Metronome|p2a: Ursaluna\n|move|p2a: Ursaluna|Dark Pulse|p1a: Snorlax|[from]move: Metronome\n|-damage|p1a: Snorlax|38\/100\n|cant|p1a: Snorlax|flinch\n|\n|upkeep\n|turn|20\n|\n|t:|1700348349\n|move|p1b: Tornadus|Metronome|p1b: Tornadus\n|move|p1b: Tornadus|Fire Spin|p2b: Inteleon|[from]move: Metronome|[miss]\n|-miss|p1b: Tornadus|p2b: Inteleon\n|move|p2b: Inteleon|Metronome|p2b: Inteleon\n|move|p2b: Inteleon|Screech|p1a: Snorlax|[from]move: Metronome\n|-activate|p1a: Snorlax|move: Mist\n|move|p2a: Ursaluna|Metronome|p2a: Ursaluna\n|move|p2a: Ursaluna|Baton Pass||[from]move: Metronome|[still]\n|-fail|p2a: Ursaluna\n|move|p1a: Snorlax|Metronome|p1a: Snorlax\n|move|p1a: Snorlax|Night Shade|p2b: Inteleon|[from]move: Metronome\n|-damage|p2b: Inteleon|0 fnt\n|faint|p2b: Inteleon\n|\n|upkeep\n|turn|21\n|\n|t:|1700348367\n|move|p1b: Tornadus|Metronome|p1b: Tornadus\n|move|p1b: Tornadus|Scale Shot|p2a: Ursaluna|[from]move: Metronome|[miss]\n|-miss|p1b: Tornadus|p2a: Ursaluna\n|move|p2a: Ursaluna|Metronome|p2a: Ursaluna\n|move|p2a: Ursaluna|Arm Thrust|p1a: Snorlax|[from]move: Metronome\n|-damage|p1a: Snorlax|35\/100\n|-damage|p1a: Snorlax|32\/100\n|-damage|p1a: Snorlax|29\/100\n|-hitcount|p1a: Snorlax|3\n|move|p1a: Snorlax|Metronome|p1a: Snorlax\n|move|p1a: Snorlax|Giga Impact|p2a: Ursaluna|[from]move: Metronome\n|-damage|p2a: Ursaluna|30\/100\n|-mustrecharge|p1a: Snorlax\n|\n|-sideend|p1: Demonlord_001|Mist\n|-sideend|p2: JesterArtisticBoi|move: Tailwind\n|upkeep\n|turn|22\n|\n|t:|1700348384\n|move|p1b: Tornadus|Metronome|p1b: Tornadus\n|move|p1b: Tornadus|Spikes|p2a: Ursaluna|[from]move: Metronome\n|-sidestart|p2: JesterArtisticBoi|Spikes\n|move|p2a: Ursaluna|Metronome|p2a: Ursaluna\n|move|p2a: Ursaluna|Acid Spray|p1b: Tornadus|[from]move: Metronome\n|-damage|p1b: Tornadus|26\/100\n|-unboost|p1b: Tornadus|spd|2\n|cant|p1a: Snorlax|recharge\n|\n|upkeep\n|turn|23\n|\n|t:|1700348396\n|move|p1b: Tornadus|Metronome|p1b: Tornadus\n|move|p1b: Tornadus|Dig||[from]move: Metronome|[still]\n|-prepare|p1b: Tornadus|Dig\n|move|p2a: Ursaluna|Metronome|p2a: Ursaluna\n|move|p2a: Ursaluna|Expanding Force|p1b: Tornadus|[from]move: Metronome|[miss]\n|-miss|p2a: Ursaluna|p1b: Tornadus\n|move|p1a: Snorlax|Metronome|p1a: Snorlax\n|move|p1a: Snorlax|Heal Bell||[from]move: Metronome|[still]\n|-activate|p1a: Snorlax|move: Heal Bell\n|-fail|p1a: Snorlax\n|\n|upkeep\n|turn|24\n|\n|t:|1700348410\n|move|p1b: Tornadus|Dig|p2a: Ursaluna|[from]lockedmove\n|-damage|p2a: Ursaluna|6\/100\n|move|p2a: Ursaluna|Metronome|p2a: Ursaluna\n|move|p2a: Ursaluna|Ice Hammer|p1b: Tornadus|[from]move: Metronome\n|-supereffective|p1b: Tornadus\n|-damage|p1b: Tornadus|0 fnt\n|-unboost|p2a: Ursaluna|spe|1\n|faint|p1b: Tornadus\n|move|p1a: Snorlax|Metronome|p1a: Snorlax\n|move|p1a: Snorlax|X-Scissor|p2a: Ursaluna|[from]move: Metronome\n|-damage|p2a: Ursaluna|0 fnt\n|faint|p2a: Ursaluna\n|\n|win|Demonlord_001\n","uploadtime":1700348411,"views":4,"p1id":"demonlord001","p2id":"jesterartisticboi","formatid":"gen9nationaldexdoubles","rating":0,"private":0,"password":""}