{"id":"smogtours-gen9nationaldexdoubles-728511","p1":"voltiix","p2":"Akaru Kokuyo\u3075\u308f","format":"[Gen 9] National Dex Doubles","log":"|inactive|Battle timer is ON: inactive players will automatically lose when time's up.\n|t:|1699110197\n|gametype|doubles\n|player|p1|voltiix|#lcwlblueeyeswhitebagons|\n|player|p2|Akaru Kokuyo\u3075\u308f|#bssplviiidavesdragonairs|\n|teamsize|p1|6\n|teamsize|p2|6\n|gen|9\n|tier|[Gen 9] National Dex Doubles\n|rule|HP Percentage Mod: HP is shown in percentages\n|rule|Endless Battle Clause: Forcing endless battles is banned\n|rule|OHKO Clause: OHKO moves are banned\n|rule|Evasion Moves Clause: Evasion moves are banned\n|rule|Evasion Abilities Clause: Evasion abilities are banned\n|rule|Species Clause: Limit one of each Pok\u00e9mon\n|rule|Gravity Sleep Clause: The combination of sleep-inducing moves with imperfect accuracy and Gravity or Gigantamax Orbeetle are banned\n|clearpoke\n|poke|p1|Salamence, M|\n|poke|p1|Incineroar, F|\n|poke|p1|Tapu Fini|\n|poke|p1|Diancie|\n|poke|p1|Rillaboom, F|\n|poke|p1|Zamazenta-*|\n|poke|p2|Salamence, F|\n|poke|p2|Kingambit, F|\n|poke|p2|Rillaboom, M|\n|poke|p2|Gothitelle, F|\n|poke|p2|Volcanion|\n|poke|p2|Zamazenta-*|\n|teampreview\n|c|\u2606voltiix|hf \n|c|\u2606Akaru Kokuyo\u3075\u308f|glhf\n|inactive|voltiix has 270 seconds left.\n|inactive|Akaru Kokuyo\u3075\u308f has 270 seconds left.\n|c|+Inder|VOLTIX\n|c|+s7a|AKARU\n|c|+Inder|gimme ur avy bro cmon\n|c|+s7a|hii inder. u are my enemy in teamballo also.\n|inactive|voltiix has 240 seconds left.\n|inactive|Akaru Kokuyo\u3075\u308f has 240 seconds left.\n|c|+Inder|no we aren't bro.\n|c|+s7a|oh ok\n|inactive|voltiix has 210 seconds left.\n|inactive|Akaru Kokuyo\u3075\u308f has 210 seconds left.\n|inactive|voltiix has 180 seconds left.\n|inactive|Akaru Kokuyo\u3075\u308f has 180 seconds left.\n|c|+Inder|https:\/\/www.youtube.com\/watch?v=4_hJ8-ZJcgo\n|c|+Inder|listen this voltix\n|c|+Inder|this never lose \n|c|\u2606Akaru Kokuyo\u3075\u308f|what if I listen to it\n|c|\u2606Akaru Kokuyo\u3075\u308f|hehehehe\n|inactive|voltiix has 150 seconds left.\n|c|+Inder|NOOOOOOOOOO\n|c|+Inder|ok u got me.\n|\n|t:|1699110360\n|start\n|switch|p1a: Rillaboom|Rillaboom, F|100\/100\n|switch|p1b: Incineroar|Incineroar, F|100\/100\n|switch|p2a: Salamence|Salamence, F|100\/100\n|switch|p2b: Volcanion|Volcanion|100\/100\n|-ability|p2a: Salamence|Intimidate|boost\n|-unboost|p1a: Rillaboom|atk|1\n|-unboost|p1b: Incineroar|atk|1\n|-fieldstart|move: Grassy Terrain|[from] ability: Grassy Surge|[of] p1a: Rillaboom\n|-ability|p1b: Incineroar|Intimidate|boost\n|-unboost|p2a: Salamence|atk|1\n|-unboost|p2b: Volcanion|atk|1\n|turn|1\n|inactive|voltiix has 210 seconds left.\n|inactive|Akaru Kokuyo\u3075\u308f has 240 seconds left.\n|\n|t:|1699110389\n|detailschange|p2a: Salamence|Salamence-Mega, F\n|-mega|p2a: Salamence|Salamence|Salamencite\n|move|p1b: Incineroar|Fake Out|p2a: Salamence\n|-damage|p2a: Salamence|95\/100\n|cant|p2a: Salamence|flinch\n|move|p1a: Rillaboom|U-turn|p2b: Volcanion\n|-resisted|p2b: Volcanion\n|-damage|p2b: Volcanion|95\/100\n|\n|t:|1699110403\n|switch|p1a: Tapu Fini|Tapu Fini|100\/100|[from] U-turn\n|-fieldstart|move: Misty Terrain|[from] ability: Misty Surge|[of] p1a: Tapu Fini\n|move|p2b: Volcanion|Steam Eruption|p1b: Incineroar\n|-supereffective|p1b: Incineroar\n|-damage|p1b: Incineroar|30\/100\n|\n|upkeep\n|turn|2\n|inactive|voltiix has 210 seconds left.\n|inactive|Akaru Kokuyo\u3075\u308f has 240 seconds left.\n|\n|t:|1699110437\n|switch|p1b: Salamence|Salamence, M|100\/100\n|-ability|p1b: Salamence|Intimidate|boost\n|-unboost|p2a: Salamence|atk|1\n|-unboost|p2b: Volcanion|atk|1\n|move|p2a: Salamence|Hyper Voice|p1b: Salamence|[spread] p1a,p1b\n|-crit|p1b: Salamence\n|-damage|p1a: Tapu Fini|72\/100\n|-damage|p1b: Salamence|27\/100\n|-zpower|p1a: Tapu Fini\n|move|p1a: Tapu Fini|Twinkle Tackle|p2a: Salamence|[zeffect]\n|-supereffective|p2a: Salamence\n|-damage|p2a: Salamence|0 fnt\n|faint|p2a: Salamence\n|move|p2b: Volcanion|Sludge Bomb|p1a: Tapu Fini\n|-supereffective|p1a: Tapu Fini\n|-damage|p1a: Tapu Fini|15\/100\n|\n|upkeep\n|inactive|Akaru Kokuyo\u3075\u308f has 240 seconds left.\n|\n|t:|1699110471\n|switch|p2a: Zamazenta|Zamazenta|100\/100\n|-ability|p2a: Zamazenta|Dauntless Shield|boost\n|-boost|p2a: Zamazenta|def|1\n|turn|3\n|inactive|voltiix has 210 seconds left.\n|\n|t:|1699110490\n|move|p1b: Salamence|Protect|p1b: Salamence\n|-singleturn|p1b: Salamence|Protect\n|move|p2a: Zamazenta|Heavy Slam|p1a: Tapu Fini\n|-damage|p1a: Tapu Fini|0 fnt\n|faint|p1a: Tapu Fini\n|move|p2b: Volcanion|Sludge Bomb|p1b: Salamence\n|-activate|p1b: Salamence|move: Protect\n|\n|upkeep\n|inactive|voltiix has 210 seconds left.\n|\n|t:|1699110505\n|switch|p1a: Rillaboom|Rillaboom, F|100\/100\n|-fieldstart|move: Grassy Terrain|[from] ability: Grassy Surge|[of] p1a: Rillaboom\n|turn|4\n|\n|t:|1699110520\n|switch|p2b: Kingambit|Kingambit, F|100\/100\n|-enditem|p2b: Kingambit|Grassy Seed\n|-boost|p2b: Kingambit|def|1|[from] item: Grassy Seed\n|detailschange|p1b: Salamence|Salamence-Mega, M\n|-mega|p1b: Salamence|Salamence|Salamencite\n|move|p1a: Rillaboom|Fake Out|p2a: Zamazenta\n|-damage|p2a: Zamazenta|92\/100\n|move|p2a: Zamazenta|Heavy Slam|p1b: Salamence\n|-damage|p1b: Salamence|16\/100\n|move|p1b: Salamence|Hyper Voice|p2b: Kingambit|[spread] p2a,p2b\n|-supereffective|p2a: Zamazenta\n|-resisted|p2b: Kingambit\n|-damage|p2a: Zamazenta|29\/100\n|-damage|p2b: Kingambit|82\/100\n|\n|-heal|p2a: Zamazenta|35\/100|[from] Grassy Terrain\n|-heal|p2b: Kingambit|89\/100|[from] Grassy Terrain\n|upkeep\n|turn|5\n|inactive|voltiix has 240 seconds left.\n|inactive|voltiix has 210 seconds left.\n|\n|t:|1699110561\n|move|p2a: Zamazenta|Close Combat|p1b: Salamence\n|-resisted|p1b: Salamence\n|-damage|p1b: Salamence|0 fnt\n|-unboost|p2a: Zamazenta|def|1\n|-unboost|p2a: Zamazenta|spd|1\n|faint|p1b: Salamence\n|move|p1a: Rillaboom|Wood Hammer|p2a: Zamazenta\n|-damage|p2a: Zamazenta|0 fnt\n|faint|p2a: Zamazenta\n|-damage|p1a: Rillaboom|91\/100|[from] Recoil\n|move|p2b: Kingambit|Swords Dance|p2b: Kingambit\n|-boost|p2b: Kingambit|atk|2\n|\n|-heal|p1a: Rillaboom|98\/100|[from] Grassy Terrain\n|-heal|p2b: Kingambit|95\/100|[from] Grassy Terrain\n|upkeep\n|inactive|Akaru Kokuyo\u3075\u308f has 270 seconds left.\n|\n|t:|1699110584\n|switch|p2a: Gothitelle|Gothitelle, F|100\/100\n|switch|p1b: Zazamenta|Zamazenta|100\/100\n|-ability|p1b: Zazamenta|Dauntless Shield|boost\n|-boost|p1b: Zazamenta|def|1\n|turn|6\n|inactive|Akaru Kokuyo\u3075\u308f has 270 seconds left.\n|inactive|voltiix has 240 seconds left.\n|inactive|voltiix has 210 seconds left.\n|inactive|Akaru Kokuyo\u3075\u308f has 240 seconds left.\n|inactive|voltiix has 180 seconds left.\n|inactive|voltiix has 150 seconds left.\n|\n|t:|1699110708\n|-terastallize|p2b: Kingambit|Fairy\n|move|p1b: Zazamenta|Protect|p1b: Zazamenta\n|-singleturn|p1b: Zazamenta|Protect\n|move|p1a: Rillaboom|Wood Hammer|p2b: Kingambit\n|-damage|p2b: Kingambit|58\/100\n|-damage|p1a: Rillaboom|85\/100|[from] Recoil\n|move|p2a: Gothitelle|Psychic|p1b: Zazamenta\n|-activate|p1b: Zazamenta|move: Protect\n|move|p2b: Kingambit|Kowtow Cleave|p1a: Rillaboom\n|-damage|p1a: Rillaboom|0 fnt\n|faint|p1a: Rillaboom\n|\n|-heal|p2b: Kingambit|64\/100|[from] Grassy Terrain\n|upkeep\n|\n|t:|1699110720\n|switch|p1a: Diancie|Diancie|100\/100\n|turn|7\n|inactive|voltiix has 150 seconds left.\n|inactive|Akaru Kokuyo\u3075\u308f has 240 seconds left.\n|inactive|voltiix has 120 seconds left.\n|\n|t:|1699110777\n|-terastallize|p1b: Zazamenta|Steel\n|move|p1b: Zazamenta|Heavy Slam|p2b: Kingambit\n|-supereffective|p2b: Kingambit\n|-damage|p2b: Kingambit|48\/100\n|move|p2a: Gothitelle|Psychic|p1b: Zazamenta\n|-resisted|p1b: Zazamenta\n|-damage|p1b: Zazamenta|88\/100\n|move|p2b: Kingambit|Kowtow Cleave|p1b: Zazamenta\n|-damage|p1b: Zazamenta|33\/100\n|move|p1a: Diancie|Diamond Storm|p2b: Kingambit|[spread] p2a,p2b\n|-damage|p2a: Gothitelle|71\/100\n|-damage|p2b: Kingambit|32\/100\n|-boost|p1a: Diancie|def|2\n|\n|-heal|p1b: Zazamenta|40\/100|[from] Grassy Terrain\n|-heal|p1b: Zazamenta|46\/100|[from] item: Leftovers\n|-heal|p2a: Gothitelle|77\/100|[from] Grassy Terrain\n|-heal|p2b: Kingambit|38\/100|[from] Grassy Terrain\n|upkeep\n|turn|8\n|inactive|voltiix has 120 seconds left.\n|inactive|Akaru Kokuyo\u3075\u308f has 240 seconds left.\n|\n|t:|1699110821\n|move|p1b: Zazamenta|Protect|p1b: Zazamenta\n|-singleturn|p1b: Zazamenta|Protect\n|move|p2b: Kingambit|Protect|p2b: Kingambit\n|-singleturn|p2b: Kingambit|Protect\n|move|p2a: Gothitelle|Psychic|p1a: Diancie\n|-damage|p1a: Diancie|76\/100\n|move|p1a: Diancie|Moonblast|p2b: Kingambit\n|-activate|p2b: Kingambit|move: Protect\n|\n|-heal|p1b: Zazamenta|52\/100|[from] Grassy Terrain\n|-heal|p1b: Zazamenta|58\/100|[from] item: Leftovers\n|-heal|p2a: Gothitelle|84\/100|[from] Grassy Terrain\n|-heal|p2b: Kingambit|44\/100|[from] Grassy Terrain\n|-heal|p1a: Diancie|83\/100|[from] Grassy Terrain\n|-heal|p1a: Diancie|89\/100|[from] item: Leftovers\n|-fieldend|move: Grassy Terrain\n|upkeep\n|turn|9\n|inactive|Akaru Kokuyo\u3075\u308f has 240 seconds left.\n|\n|t:|1699110843\n|move|p1b: Zazamenta|Heavy Slam|p2b: Kingambit\n|-supereffective|p2b: Kingambit\n|-damage|p2b: Kingambit|28\/100\n|move|p2a: Gothitelle|Psychic|p1b: Zazamenta\n|-resisted|p1b: Zazamenta\n|-damage|p1b: Zazamenta|46\/100\n|move|p2b: Kingambit|Kowtow Cleave|p1b: Zazamenta\n|-damage|p1b: Zazamenta|0 fnt\n|faint|p1b: Zazamenta\n|move|p1a: Diancie|Moonblast|p2b: Kingambit\n|-damage|p2b: Kingambit|0 fnt\n|faint|p2b: Kingambit\n|\n|-heal|p1a: Diancie|95\/100|[from] item: Leftovers\n|upkeep\n|inactive|Akaru Kokuyo\u3075\u308f has 240 seconds left.\n|\n|t:|1699110878\n|switch|p1b: Incineroar|Incineroar, F|30\/100\n|switch|p2b: Rillaboom|Rillaboom, M|100\/100\n|-fieldstart|move: Grassy Terrain|[from] ability: Grassy Surge|[of] p2b: Rillaboom\n|-ability|p1b: Incineroar|Intimidate|boost\n|-unboost|p2a: Gothitelle|atk|1\n|-unboost|p2b: Rillaboom|atk|1\n|turn|10\n|inactive|voltiix has 150 seconds left.\n|inactive|voltiix has 120 seconds left.\n|\n|t:|1699110936\n|switch|p2a: Volcanion|Volcanion|95\/100\n|move|p2b: Rillaboom|Fake Out|p1a: Diancie\n|-resisted|p1a: Diancie\n|-damage|p1a: Diancie|93\/100\n|move|p1b: Incineroar|Flare Blitz|p2b: Rillaboom\n|-supereffective|p2b: Rillaboom\n|-damage|p2b: Rillaboom|7\/100\n|-status|p2b: Rillaboom|brn\n|-damage|p1b: Incineroar|0 fnt|[from] Recoil\n|faint|p1b: Incineroar\n|cant|p1a: Diancie|flinch\n|\n|-heal|p2b: Rillaboom|13\/100 brn|[from] Grassy Terrain\n|-heal|p2a: Volcanion|100\/100|[from] Grassy Terrain\n|-heal|p1a: Diancie|99\/100|[from] Grassy Terrain\n|-heal|p1a: Diancie|100\/100|[from] item: Leftovers\n|-damage|p2b: Rillaboom|7\/100 brn|[from] brn\n|upkeep\n|turn|11\n|inactive|voltiix has 120 seconds left.\n|inactive|Akaru Kokuyo\u3075\u308f has 240 seconds left.\n|\n|t:|1699110959\n|move|p2a: Volcanion|Protect|p2a: Volcanion\n|-singleturn|p2a: Volcanion|Protect\n|move|p2b: Rillaboom|Wood Hammer|p1a: Diancie\n|-supereffective|p1a: Diancie\n|-damage|p1a: Diancie|78\/100\n|-damage|p2b: Rillaboom|1\/100 brn|[from] Recoil\n|move|p1a: Diancie|Diamond Storm|p2b: Rillaboom|[spread] p2b\n|-activate|p2a: Volcanion|move: Protect\n|-damage|p2b: Rillaboom|0 fnt\n|faint|p2b: Rillaboom\n|\n|-heal|p1a: Diancie|84\/100|[from] Grassy Terrain\n|-heal|p1a: Diancie|90\/100|[from] item: Leftovers\n|upkeep\n|inactive|Akaru Kokuyo\u3075\u308f has 240 seconds left.\n|\n|t:|1699110970\n|switch|p2b: Gothitelle|Gothitelle, F|84\/100\n|turn|12\n|\n|t:|1699110976\n|move|p1a: Diancie|Protect|p1a: Diancie\n|-singleturn|p1a: Diancie|Protect\n|move|p2b: Gothitelle|Fake Out|p1a: Diancie\n|-activate|p1a: Diancie|move: Protect\n|move|p2a: Volcanion|Steam Eruption|p1a: Diancie\n|-activate|p1a: Diancie|move: Protect\n|\n|-heal|p2b: Gothitelle|90\/100|[from] Grassy Terrain\n|-heal|p1a: Diancie|97\/100|[from] Grassy Terrain\n|-heal|p1a: Diancie|100\/100|[from] item: Leftovers\n|upkeep\n|turn|13\n|\n|t:|1699110983\n|-zpower|p2a: Volcanion\n|move|p2a: Volcanion|Hydro Vortex|p1a: Diancie|[zeffect]\n|-supereffective|p1a: Diancie\n|-damage|p1a: Diancie|0 fnt\n|faint|p1a: Diancie\n|\n|win|Akaru Kokuyo\u3075\u308f\n|c|\u2606voltiix|gg\n|c|\u2606Akaru Kokuyo\u3075\u308f|Gg\n","uploadtime":1699110984,"views":101,"p1id":"voltiix","p2id":"akarukokuyo","formatid":"gen9nationaldexdoubles","rating":0,"private":0,"password":""}