{"id":"smogtours-gen9nationaldexdoubles-732401","p1":"Ryuji","p2":"BriefMarigold4","format":"[Gen 9] National Dex Doubles","log":"|inactive|Battle timer is ON: inactive players will automatically lose when time's up.\n|t:|1700936036\n|gametype|doubles\n|player|p1|Ryuji|#ndpliiigalarianphoenix|\n|player|p2|BriefMarigold4|2|\n|teamsize|p1|6\n|teamsize|p2|6\n|gen|9\n|tier|[Gen 9] National Dex Doubles\n|rule|HP Percentage Mod: HP is shown in percentages\n|rule|Endless Battle Clause: Forcing endless battles is banned\n|rule|OHKO Clause: OHKO moves are banned\n|rule|Evasion Moves Clause: Evasion moves are banned\n|rule|Evasion Abilities Clause: Evasion abilities are banned\n|rule|Species Clause: Limit one of each Pok\u00e9mon\n|rule|Gravity Sleep Clause: The combination of sleep-inducing moves with imperfect accuracy and Gravity or Gigantamax Orbeetle are banned\n|clearpoke\n|poke|p1|Zygarde|\n|poke|p1|Zamazenta-*|\n|poke|p1|Jirachi|\n|poke|p1|Rillaboom, M|\n|poke|p1|Kangaskhan, F|\n|poke|p1|Glimmora, M|\n|poke|p2|Snorlax, M|\n|poke|p2|Rillaboom, F|\n|poke|p2|Kyurem-Black|\n|poke|p2|Marshadow|\n|poke|p2|Volcanion|\n|poke|p2|Salamence, M|\n|teampreview\n|c|\u2606Ryuji|hf\n|c|\u2606BriefMarigold4|hf\n|\n|t:|1700936053\n|start\n|switch|p1a: Glimmora|Glimmora, M|100\/100\n|switch|p1b: Kangaskhan|Kangaskhan, F|100\/100\n|switch|p2a: Kyurem|Kyurem-Black|100\/100\n|switch|p2b: Salamence|Salamence, M|100\/100\n|-ability|p2b: Salamence|Intimidate|boost\n|-unboost|p1a: Glimmora|atk|1\n|-fail|p1b: Kangaskhan|unboost|Attack|[from] ability: Scrappy|[of] p1b: Kangaskhan\n|-ability|p2a: Kyurem|Teravolt\n|turn|1\n|\n|t:|1700936081\n|move|p2b: Salamence|Protect|p2b: Salamence\n|-singleturn|p2b: Salamence|Protect\n|move|p1b: Kangaskhan|Fake Out|p2b: Salamence\n|-activate|p2b: Salamence|move: Protect\n|move|p1a: Glimmora|Stealth Rock|p2b: Salamence\n|-sidestart|p2: BriefMarigold4|move: Stealth Rock\n|move|p2a: Kyurem|Focus Blast|p1b: Kangaskhan|[miss]\n|-miss|p2a: Kyurem|p1b: Kangaskhan\n|\n|upkeep\n|turn|2\n|c|\u2606BriefMarigold4|i swear to god\n|\n|t:|1700936097\n|switch|p1b: Jirachi|Jirachi|100\/100\n|detailschange|p2b: Salamence|Salamence-Mega, M\n|-mega|p2b: Salamence|Salamence|Salamencite\n|move|p2b: Salamence|Tailwind|p2b: Salamence\n|-sidestart|p2: BriefMarigold4|move: Tailwind\n|move|p2a: Kyurem|Focus Blast|p1b: Jirachi|[miss]\n|-miss|p2a: Kyurem|p1b: Jirachi\n|move|p1a: Glimmora|Mortal Spin|p2a: Kyurem|[spread] p2a,p2b\n|-damage|p2a: Kyurem|98\/100\n|-damage|p2b: Salamence|98\/100\n|-status|p2a: Kyurem|psn\n|-status|p2b: Salamence|psn\n|\n|-damage|p2b: Salamence|85\/100 psn|[from] psn\n|-damage|p2a: Kyurem|86\/100 psn|[from] psn\n|upkeep\n|turn|3\n|\n|t:|1700936122\n|switch|p1b: Rillaboom|Rillaboom, M|100\/100\n|-fieldstart|move: Grassy Terrain|[from] ability: Grassy Surge|[of] p1b: Rillaboom\n|move|p2b: Salamence|Hyper Voice|p1b: Rillaboom|[spread] p1a,p1b\n|-resisted|p1a: Glimmora\n|-supereffective|p1b: Rillaboom\n|-damage|p1a: Glimmora|74\/100\n|-damage|p1b: Rillaboom|54\/100\n|move|p2a: Kyurem|Earth Power|p1a: Glimmora\n|-supereffective|p1a: Glimmora\n|-damage|p1a: Glimmora|0 fnt\n|faint|p1a: Glimmora\n|\n|-heal|p2a: Kyurem|92\/100 psn|[from] Grassy Terrain\n|-heal|p1b: Rillaboom|61\/100|[from] Grassy Terrain\n|-damage|p2b: Salamence|73\/100 psn|[from] psn\n|-damage|p2a: Kyurem|80\/100 psn|[from] psn\n|upkeep\n|inactive|Ryuji has 270 seconds left.\n|\n|t:|1700936145\n|switch|p1a: Zygarde|Zygarde|100\/100\n|-ability|p1a: Zygarde|Aura Break\n|turn|4\n|\n|t:|1700936173\n|switch|p2a: Snorlax|Snorlax, M|100\/100\n|-damage|p2a: Snorlax|88\/100|[from] Stealth Rock\n|-terastallize|p1a: Zygarde|Fire\n|move|p1b: Rillaboom|Fake Out|p2a: Snorlax\n|-damage|p2a: Snorlax|79\/100\n|move|p2b: Salamence|Hyper Voice|p1b: Rillaboom|[spread] p1a,p1b\n|-supereffective|p1b: Rillaboom\n|-damage|p1a: Zygarde|63\/100\n|-damage|p1b: Rillaboom|8\/100\n|move|p1a: Zygarde|Dragon Dance|p1a: Zygarde\n|-boost|p1a: Zygarde|atk|1\n|-boost|p1a: Zygarde|spe|1\n|\n|-heal|p1a: Zygarde|69\/100|[from] Grassy Terrain\n|-heal|p1b: Rillaboom|15\/100|[from] Grassy Terrain\n|-heal|p2a: Snorlax|85\/100|[from] Grassy Terrain\n|-damage|p2b: Salamence|61\/100 psn|[from] psn\n|upkeep\n|turn|5\n|\n|t:|1700936196\n|move|p1a: Zygarde|Protect|p1a: Zygarde\n|-singleturn|p1a: Zygarde|Protect\n|move|p1b: Rillaboom|Grassy Glide|p2a: Snorlax\n|-crit|p2a: Snorlax\n|-damage|p2a: Snorlax|50\/100\n|-enditem|p2a: Snorlax|Sitrus Berry|[eat]\n|-heal|p2a: Snorlax|75\/100|[from] item: Sitrus Berry\n|move|p2b: Salamence|Hyper Voice|p1a: Zygarde|[spread] p1b\n|-activate|p1a: Zygarde|move: Protect\n|-supereffective|p1b: Rillaboom\n|-damage|p1b: Rillaboom|0 fnt\n|faint|p1b: Rillaboom\n|move|p2a: Snorlax|Whirlwind|p1a: Zygarde\n|drag|p1a: Kangaskhan|Kangaskhan, F|100\/100\n|\n|-heal|p2a: Snorlax|81\/100|[from] Grassy Terrain\n|-damage|p2b: Salamence|48\/100 psn|[from] psn\n|-sideend|p2: BriefMarigold4|move: Tailwind\n|upkeep\n|\n|t:|1700936203\n|switch|p1b: Zygarde|Zygarde, tera:Fire|69\/100\n|-ability|p1b: Zygarde|Aura Break\n|turn|6\n|\n|t:|1700936214\n|move|p1a: Kangaskhan|Fake Out|p2a: Snorlax\n|-damage|p2a: Snorlax|71\/100\n|move|p2b: Salamence|Tailwind|p2b: Salamence\n|-sidestart|p2: BriefMarigold4|move: Tailwind\n|move|p1b: Zygarde|Dragon Dance|p1b: Zygarde\n|-boost|p1b: Zygarde|atk|1\n|-boost|p1b: Zygarde|spe|1\n|cant|p2a: Snorlax|flinch\n|\n|-heal|p1b: Zygarde|76\/100|[from] Grassy Terrain\n|-heal|p2a: Snorlax|77\/100|[from] Grassy Terrain\n|-damage|p2b: Salamence|36\/100 psn|[from] psn\n|upkeep\n|turn|7\n|\n|t:|1700936227\n|detailschange|p1a: Kangaskhan|Kangaskhan-Mega, F\n|-mega|p1a: Kangaskhan|Kangaskhan|Kangaskhanite\n|move|p1a: Kangaskhan|Sucker Punch|p2b: Salamence\n|-damage|p2b: Salamence|20\/100 psn\n|-damage|p2b: Salamence|17\/100 psn\n|-hitcount|p2b: Salamence|2\n|move|p2b: Salamence|Double-Edge|p1b: Zygarde\n|-damage|p1b: Zygarde|20\/100\n|-damage|p2b: Salamence|0 fnt|[from] Recoil\n|faint|p2b: Salamence\n|move|p1b: Zygarde|Thousand Arrows|p2a: Snorlax\n|-damage|p2a: Snorlax|33\/100\n|move|p2a: Snorlax|Whirlwind|p1b: Zygarde\n|drag|p1b: Jirachi|Jirachi|100\/100\n|\n|-heal|p2a: Snorlax|40\/100|[from] Grassy Terrain\n|-fieldend|move: Grassy Terrain\n|upkeep\n|\n|t:|1700936241\n|switch|p2b: Marshadow|Marshadow|100\/100\n|-damage|p2b: Marshadow|94\/100|[from] Stealth Rock\n|turn|8\n|\n|t:|1700936263\n|switch|p2a: Rillaboom|Rillaboom, F|100\/100\n|-damage|p2a: Rillaboom|88\/100|[from] Stealth Rock\n|move|p2b: Marshadow|Protect|p2b: Marshadow\n|-singleturn|p2b: Marshadow|Protect\n|move|p1b: Jirachi|Follow Me|p1b: Jirachi\n|-singleturn|p1b: Jirachi|move: Follow Me\n|move|p1a: Kangaskhan|Seismic Toss|p2a: Rillaboom\n|-damage|p2a: Rillaboom|63\/100\n|-damage|p2a: Rillaboom|39\/100\n|-enditem|p2a: Rillaboom|Sitrus Berry|[eat]\n|-heal|p2a: Rillaboom|64\/100|[from] item: Sitrus Berry\n|-hitcount|p2a: Rillaboom|2\n|\n|upkeep\n|turn|9\n|\n|t:|1700936285\n|switch|p1b: Zamazenta|Zamazenta|100\/100\n|-ability|p1b: Zamazenta|Dauntless Shield|boost\n|-boost|p1b: Zamazenta|def|1\n|move|p2a: Rillaboom|Fake Out|p1a: Kangaskhan\n|-damage|p1a: Kangaskhan|90\/100\n|move|p2b: Marshadow|Spectral Thief||[still]\n|-clearpositiveboost|p1b: Zamazenta|p2b: Marshadow|move: Spectral Thief\n|-boost|p2b: Marshadow|def|1\n|-anim|p2b: Marshadow|Spectral Thief|p1b: Zamazenta\n|-damage|p1b: Zamazenta|54\/100\n|-damage|p2b: Marshadow|84\/100|[from] item: Life Orb\n|cant|p1a: Kangaskhan|flinch\n|\n|-sideend|p2: BriefMarigold4|move: Tailwind\n|upkeep\n|turn|10\n|\n|t:|1700936306\n|move|p1a: Kangaskhan|Protect|p1a: Kangaskhan\n|-singleturn|p1a: Kangaskhan|Protect\n|move|p1b: Zamazenta|Body Press|p2a: Rillaboom\n|-damage|p2a: Rillaboom|35\/100\n|move|p2b: Marshadow|Close Combat|p1a: Kangaskhan\n|-activate|p1a: Kangaskhan|move: Protect\n|move|p2a: Rillaboom|Grassy Glide|p1a: Kangaskhan\n|-activate|p1a: Kangaskhan|move: Protect\n|\n|upkeep\n|turn|11\n|\n|t:|1700936323\n|switch|p1a: Jirachi|Jirachi|100\/100\n|move|p1b: Zamazenta|Snarl|p2a: Rillaboom|[spread] p2a\n|-miss|p1b: Zamazenta|p2b: Marshadow\n|-damage|p2a: Rillaboom|28\/100\n|-unboost|p2a: Rillaboom|spa|1\n|move|p2b: Marshadow|Close Combat|p1b: Zamazenta\n|-crit|p1b: Zamazenta\n|-damage|p1b: Zamazenta|0 fnt\n|-unboost|p2b: Marshadow|def|1\n|-unboost|p2b: Marshadow|spd|1\n|faint|p1b: Zamazenta\n|-damage|p2b: Marshadow|74\/100|[from] item: Life Orb\n|move|p2a: Rillaboom|Grassy Glide|p1a: Jirachi\n|-resisted|p1a: Jirachi\n|-damage|p1a: Jirachi|86\/100\n|\n|upkeep\n|\n|t:|1700936329\n|switch|p1b: Kangaskhan|Kangaskhan-Mega, F|90\/100\n|turn|12\n|-message|Ryuji forfeited.\n|\n|win|BriefMarigold4\n","uploadtime":1700936341,"views":21,"p1id":"ryuji","p2id":"briefmarigold4","formatid":"gen9nationaldexdoubles","rating":0,"private":0,"password":""}