{"id":"smogtours-gen9nationaldexdoubles-721886","p1":"TYO","p2":"spurrific","format":"[Gen 9] National Dex Doubles","log":"|inactive|Battle timer is ON: inactive players will automatically lose when time's up.\n|t:|1696617090\n|gametype|doubles\n|player|p1|TYO|#vgcpliiizoruas|\n|player|p2|spurrific|#scl2dynamos|\n|teamsize|p1|6\n|teamsize|p2|6\n|gen|9\n|tier|[Gen 9] National Dex Doubles\n|rule|HP Percentage Mod: HP is shown in percentages\n|rule|Endless Battle Clause: Forcing endless battles is banned\n|rule|OHKO Clause: OHKO moves are banned\n|rule|Evasion Moves Clause: Evasion moves are banned\n|rule|Evasion Abilities Clause: Evasion abilities are banned\n|rule|Species Clause: Limit one of each Pok\u00e9mon\n|rule|Gravity Sleep Clause: The combination of sleep-inducing moves with imperfect accuracy and Gravity or Gigantamax Orbeetle are banned\n|clearpoke\n|poke|p1|Mew|\n|poke|p1|Rillaboom, F|\n|poke|p1|Urshifu-*, F|\n|poke|p1|Tornadus, M|\n|poke|p1|Kingambit, M|\n|poke|p1|Flutter Mane|\n|poke|p2|Rillaboom, M|\n|poke|p2|Ogerpon-Hearthflame, F|\n|poke|p2|Flutter Mane|\n|poke|p2|Zamazenta-*|\n|poke|p2|Glimmora, M|\n|poke|p2|Metagross|\n|teampreview\n|inactive|TYO also wants the timer to be on.\n|c|\u2606spurrific|glhf\n|c|\u2606TYO|Glhf\n|inactive|TYO has 270 seconds left.\n|inactive|spurrific has 270 seconds left.\n|\n|t:|1696617131\n|start\n|switch|p1a: Reality in Motion|Mew|100\/100\n|switch|p1b: Paranoia|Urshifu-Rapid-Strike, F|100\/100\n|switch|p2a: Glimmora|Glimmora, M|100\/100\n|switch|p2b: Rillaboom|Rillaboom, M|100\/100\n|-fieldstart|move: Grassy Terrain|[from] ability: Grassy Surge|[of] p2b: Rillaboom\n|turn|1\n|\n|t:|1696617147\n|switch|p1b: Gossip|Kingambit, M|100\/100\n|move|p2b: Rillaboom|Grassy Glide|p1b: Gossip\n|-resisted|p1b: Gossip\n|-damage|p1b: Gossip|87\/100\n|move|p1a: Reality in Motion|Will-O-Wisp|p2b: Rillaboom|[miss]\n|-miss|p1a: Reality in Motion|p2b: Rillaboom\n|move|p2a: Glimmora|Stealth Rock|p1b: Gossip\n|-sidestart|p1: TYO|move: Stealth Rock\n|\n|-heal|p1b: Gossip|93\/100|[from] Grassy Terrain\n|upkeep\n|turn|2\n|\n|t:|1696617166\n|move|p1a: Reality in Motion|Snarl|p2b: Rillaboom|[spread] p2a,p2b\n|-damage|p2a: Glimmora|87\/100\n|-damage|p2b: Rillaboom|95\/100\n|-unboost|p2a: Glimmora|spa|1\n|-unboost|p2b: Rillaboom|spa|1\n|move|p2a: Glimmora|Power Gem|p1b: Gossip\n|-resisted|p1b: Gossip\n|-damage|p1b: Gossip|79\/100\n|move|p2b: Rillaboom|U-turn|p1b: Gossip\n|-damage|p1b: Gossip|61\/100\n|\n|t:|1696617175\n|switch|p2b: Zamazenta|Zamazenta|100\/100|[from] U-turn\n|-ability|p2b: Zamazenta|Dauntless Shield|boost\n|-boost|p2b: Zamazenta|def|1\n|move|p1b: Gossip|Swords Dance|p1b: Gossip\n|-boost|p1b: Gossip|atk|2\n|\n|-heal|p2a: Glimmora|93\/100|[from] Grassy Terrain\n|-heal|p1b: Gossip|68\/100|[from] Grassy Terrain\n|upkeep\n|turn|3\n|\n|t:|1696617183\n|switch|p2a: Ogerpon|Ogerpon-Hearthflame, F|100\/100\n|-ability|p2a: Ogerpon|Mold Breaker\n|move|p1b: Gossip|Protect|p1b: Gossip\n|-singleturn|p1b: Gossip|Protect\n|move|p2b: Zamazenta|Coaching|p2a: Ogerpon\n|-boost|p2a: Ogerpon|atk|1\n|-boost|p2a: Ogerpon|def|1\n|move|p1a: Reality in Motion|Will-O-Wisp|p2b: Zamazenta|[miss]\n|-miss|p1a: Reality in Motion|p2b: Zamazenta\n|\n|-heal|p1b: Gossip|74\/100|[from] Grassy Terrain\n|upkeep\n|turn|4\n|\n|t:|1696617197\n|-terastallize|p2a: Ogerpon|Fire\n|detailschange|p2a: Ogerpon|Ogerpon-Hearthflame-Tera, F, tera:Fire\n|-ability|p2a: Ogerpon|Embody Aspect (Hearthflame)|boost\n|-boost|p2a: Ogerpon|atk|1\n|move|p1b: Gossip|Sucker Punch|p2a: Ogerpon\n|-damage|p2a: Ogerpon|21\/100\n|move|p2b: Zamazenta|Body Press|p1b: Gossip\n|-supereffective|p1b: Gossip\n|-damage|p1b: Gossip|0 fnt\n|faint|p1b: Gossip\n|move|p2a: Ogerpon|Ivy Cudgel|p1a: Reality in Motion\n|-crit|p1a: Reality in Motion\n|-damage|p1a: Reality in Motion|0 fnt\n|faint|p1a: Reality in Motion\n|\n|-heal|p2a: Ogerpon|27\/100|[from] Grassy Terrain\n|upkeep\n|\n|t:|1696617213\n|switch|p1a: Paranoia|Urshifu-Rapid-Strike, F|100\/100\n|switch|p1b: New Person|Tornadus, M|100\/100\n|-damage|p1a: Paranoia|94\/100|[from] Stealth Rock\n|-damage|p1b: New Person|76\/100|[from] Stealth Rock\n|turn|5\n|\n|t:|1696617228\n|switch|p2a: Glimmora|Glimmora, M|93\/100\n|move|p1a: Paranoia|Surging Strikes|p2a: Glimmora\n|-supereffective|p2a: Glimmora\n|-crit|p2a: Glimmora\n|-damage|p2a: Glimmora|46\/100\n|-activate|p2a: Glimmora|ability: Toxic Debris\n|-sidestart|p1: TYO|move: Toxic Spikes\n|-supereffective|p2a: Glimmora\n|-crit|p2a: Glimmora\n|-damage|p2a: Glimmora|0 fnt\n|-activate|p2a: Glimmora|ability: Toxic Debris\n|-sidestart|p1: TYO|move: Toxic Spikes\n|faint|p2a: Glimmora\n|-hitcount|p2: Glimmora|2\n|move|p2b: Zamazenta|Body Press|p1a: Paranoia\n|-damage|p1a: Paranoia|49\/100\n|-zpower|p1b: New Person\n|move|p1b: New Person|Supersonic Skystrike|p2b: Zamazenta|[zeffect]\n|-supereffective|p2b: Zamazenta\n|-damage|p2b: Zamazenta|0 fnt\n|faint|p2b: Zamazenta\n|\n|-heal|p1a: Paranoia|56\/100|[from] Grassy Terrain\n|-fieldend|move: Grassy Terrain\n|upkeep\n|\n|t:|1696617235\n|switch|p2b: Rillaboom|Rillaboom, M|95\/100\n|switch|p2a: Metagross|Metagross|100\/100\n|-fieldstart|move: Grassy Terrain|[from] ability: Grassy Surge|[of] p2b: Rillaboom\n|turn|6\n|\n|t:|1696617249\n|switch|p1a: Same Old Mistakes|Rillaboom, F|100\/100\n|-damage|p1a: Same Old Mistakes|88\/100|[from] Stealth Rock\n|-status|p1a: Same Old Mistakes|tox\n|detailschange|p2a: Metagross|Metagross-Mega\n|-mega|p2a: Metagross|Metagross|Metagrossite\n|move|p1b: New Person|Protect|p1b: New Person\n|-singleturn|p1b: New Person|Protect\n|move|p2a: Metagross|Ice Punch|p1b: New Person\n|-activate|p1b: New Person|move: Protect\n|move|p2b: Rillaboom|U-turn|p1a: Same Old Mistakes\n|-supereffective|p1a: Same Old Mistakes\n|-damage|p1a: Same Old Mistakes|46\/100 tox\n|\n|t:|1696617252\n|switch|p2b: Flutter Mane|Flutter Mane|100\/100|[from] U-turn\n|-enditem|p2b: Flutter Mane|Booster Energy\n|-activate|p2b: Flutter Mane|ability: Protosynthesis|[fromitem]\n|-start|p2b: Flutter Mane|protosynthesisspe\n|\n|-heal|p1a: Same Old Mistakes|52\/100 tox|[from] Grassy Terrain\n|-damage|p1a: Same Old Mistakes|46\/100 tox|[from] psn\n|upkeep\n|turn|7\n|\n|t:|1696617263\n|move|p1b: New Person|Tailwind|p1b: New Person\n|-sidestart|p1: TYO|move: Tailwind\n|move|p1a: Same Old Mistakes|Grassy Glide|p2b: Flutter Mane\n|-damage|p2b: Flutter Mane|24\/100\n|move|p2b: Flutter Mane|Dazzling Gleam|p1a: Same Old Mistakes|[spread] p1a,p1b\n|-damage|p1a: Same Old Mistakes|23\/100 tox\n|-damage|p1b: New Person|30\/100\n|move|p2a: Metagross|Iron Head|p1b: New Person\n|-damage|p1b: New Person|0 fnt\n|faint|p1b: New Person\n|\n|-heal|p2b: Flutter Mane|30\/100|[from] Grassy Terrain\n|-heal|p1a: Same Old Mistakes|29\/100 tox|[from] Grassy Terrain\n|-damage|p1a: Same Old Mistakes|17\/100 tox|[from] psn\n|upkeep\n|\n|t:|1696617269\n|switch|p1b: Paranoia|Urshifu-Rapid-Strike, F|56\/100\n|-damage|p1b: Paranoia|49\/100|[from] Stealth Rock\n|-status|p1b: Paranoia|tox\n|turn|8\n|\n|t:|1696617279\n|-terastallize|p1b: Paranoia|Water\n|move|p1a: Same Old Mistakes|Grassy Glide|p2b: Flutter Mane\n|-damage|p2b: Flutter Mane|0 fnt\n|faint|p2b: Flutter Mane\n|-end|p2b: Flutter Mane|Protosynthesis|[silent]\n|move|p2a: Metagross|Bullet Punch|p1a: Same Old Mistakes\n|-damage|p1a: Same Old Mistakes|0 fnt\n|faint|p1a: Same Old Mistakes\n|move|p1b: Paranoia|Surging Strikes|p2a: Metagross\n|-crit|p2a: Metagross\n|-damage|p2a: Metagross|77\/100\n|-crit|p2a: Metagross\n|-damage|p2a: Metagross|57\/100\n|-crit|p2a: Metagross\n|-damage|p2a: Metagross|35\/100\n|-hitcount|p2a: Metagross|3\n|\n|-heal|p1b: Paranoia|56\/100 tox|[from] Grassy Terrain\n|-heal|p2a: Metagross|41\/100|[from] Grassy Terrain\n|-damage|p1b: Paranoia|49\/100 tox|[from] psn\n|upkeep\n|\n|t:|1696617291\n|switch|p2b: Rillaboom|Rillaboom, M|95\/100\n|switch|p1a: Love|Flutter Mane|100\/100\n|-damage|p1a: Love|88\/100|[from] Stealth Rock\n|-status|p1a: Love|tox\n|turn|9\n|\n|t:|1696617296\n|move|p2b: Rillaboom|Fake Out|p1b: Paranoia\n|-damage|p1b: Paranoia|35\/100 tox\n|move|p2a: Metagross|Bullet Punch|p1a: Love\n|-supereffective|p1a: Love\n|-damage|p1a: Love|0 fnt\n|faint|p1a: Love\n|-end|p1a: Love|Protosynthesis|[silent]\n|cant|p1b: Paranoia|flinch\n|\n|-heal|p1b: Paranoia|41\/100 tox|[from] Grassy Terrain\n|-heal|p2a: Metagross|47\/100|[from] Grassy Terrain\n|-heal|p2b: Rillaboom|100\/100|[from] Grassy Terrain\n|-damage|p1b: Paranoia|28\/100 tox|[from] psn\n|upkeep\n|turn|10\n|\n|t:|1696617300\n|move|p2a: Metagross|Bullet Punch|p1b: Paranoia\n|-resisted|p1b: Paranoia\n|-damage|p1b: Paranoia|14\/100 tox\n|move|p2b: Rillaboom|Grassy Glide|p1b: Paranoia\n|-supereffective|p1b: Paranoia\n|-damage|p1b: Paranoia|0 fnt\n|faint|p1b: Paranoia\n|\n|win|spurrific\n|c|\u2606TYO|Gg\n|c|\u2606spurrific|gg\n","uploadtime":1696617301,"views":90,"p1id":"tyo","p2id":"spurrific","formatid":"gen9nationaldexdoubles","rating":0,"private":0,"password":""}