{"id":"smogtours-gen9nationaldexdoubles-732450","p1":"Test Bots","p2":"Daepiquejt","format":"[Gen 9] National Dex Doubles","log":"|inactive|Battle timer is ON: inactive players will automatically lose when time's up.\n|t:|1700943061\n|gametype|doubles\n|player|p1|Test Bots|2|\n|player|p2|Daepiquejt|101|\n|teamsize|p1|6\n|teamsize|p2|6\n|gen|9\n|tier|[Gen 9] National Dex Doubles\n|rule|HP Percentage Mod: HP is shown in percentages\n|rule|Endless Battle Clause: Forcing endless battles is banned\n|rule|OHKO Clause: OHKO moves are banned\n|rule|Evasion Moves Clause: Evasion moves are banned\n|rule|Evasion Abilities Clause: Evasion abilities are banned\n|rule|Species Clause: Limit one of each Pok\u00e9mon\n|rule|Gravity Sleep Clause: The combination of sleep-inducing moves with imperfect accuracy and Gravity or Gigantamax Orbeetle are banned\n|clearpoke\n|poke|p1|Metagross|\n|poke|p1|Marshadow|\n|poke|p1|Incineroar, F|\n|poke|p1|Landorus-Therian, M|\n|poke|p1|Tapu Fini|\n|poke|p1|Tornadus, M|\n|poke|p2|Scizor, F|\n|poke|p2|Volcanion|\n|poke|p2|Rillaboom, F|\n|poke|p2|Chien-Pao|\n|poke|p2|Tornadus, M|\n|poke|p2|Zygarde|\n|teampreview\n|c|\u2606Test Bots|hfhf\n|c|\u2606Daepiquejt|good idea\n|inactive|Test Bots has 270 seconds left.\n|inactive|Daepiquejt has 270 seconds left.\n|\n|t:|1700943121\n|start\n|switch|p1a: Landorus|Landorus-Therian, M|100\/100\n|switch|p1b: Tornadus|Tornadus, M|100\/100\n|switch|p2a: Less ice weak|Tornadus, M|100\/100\n|switch|p2b: Not ice weak|Volcanion|100\/100\n|-ability|p1a: Landorus|Intimidate|boost\n|-unboost|p2a: Less ice weak|atk|1\n|-unboost|p2b: Not ice weak|atk|1\n|turn|1\n|\n|t:|1700943144\n|move|p1a: Landorus|Protect|p1a: Landorus\n|-singleturn|p1a: Landorus|Protect\n|move|p2b: Not ice weak|Protect|p2b: Not ice weak\n|-singleturn|p2b: Not ice weak|Protect\n|move|p1b: Tornadus|Tailwind|p1b: Tornadus\n|-sidestart|p1: Test Bots|move: Tailwind\n|-zpower|p2a: Less ice weak\n|move|p2a: Less ice weak|Supersonic Skystrike|p1a: Landorus|[zeffect]\n|-crit|p1a: Landorus\n|-zbroken|p1a: Landorus\n|-damage|p1a: Landorus|64\/100\n|\n|upkeep\n|turn|2\n|\n|t:|1700943172\n|switch|p1b: Marshadow|Marshadow|100\/100\n|switch|p2b: Rillaboom|Rillaboom, F|100\/100\n|-fieldstart|move: Grassy Terrain|[from] ability: Grassy Surge|[of] p2b: Rillaboom\n|-terastallize|p1a: Landorus|Normal\n|move|p1a: Landorus|Explosion|p2a: Less ice weak|[spread] p2a,p2b\n|-immune|p1b: Marshadow\n|-damage|p2a: Less ice weak|0 fnt\n|-damage|p2b: Rillaboom|0 fnt\n|faint|p1a: Landorus\n|faint|p2a: Less ice weak\n|faint|p2b: Rillaboom\n|\n|upkeep\n|c|\u2606Daepiquejt|oof\n|inactive|Daepiquejt has 270 seconds left.\n|\n|t:|1700943211\n|switch|p2a: Scizor|Scizor, F|100\/100\n|switch|p1a: Tapu Fini|Tapu Fini|100\/100\n|switch|p2b: Not ice weak|Volcanion|100\/100\n|-fieldstart|move: Misty Terrain|[from] ability: Misty Surge|[of] p1a: Tapu Fini\n|turn|3\n|\n|t:|1700943238\n|detailschange|p2a: Scizor|Scizor-Mega, F\n|-mega|p2a: Scizor|Scizor|Scizorite\n|move|p1b: Marshadow|Spectral Thief|p2b: Not ice weak\n|-damage|p2b: Not ice weak|52\/100\n|-damage|p1b: Marshadow|91\/100|[from] item: Life Orb\n|move|p1a: Tapu Fini|Calm Mind|p1a: Tapu Fini\n|-boost|p1a: Tapu Fini|spa|1\n|-boost|p1a: Tapu Fini|spd|1\n|move|p2a: Scizor|Swords Dance|p2a: Scizor\n|-boost|p2a: Scizor|atk|2\n|move|p2b: Not ice weak|Substitute|p2b: Not ice weak\n|-start|p2b: Not ice weak|Substitute\n|-damage|p2b: Not ice weak|27\/100\n|\n|-heal|p2b: Not ice weak|34\/100|[from] item: Leftovers\n|upkeep\n|turn|4\n|\n|t:|1700943265\n|move|p2a: Scizor|Bullet Punch|p1b: Marshadow\n|-damage|p1b: Marshadow|0 fnt\n|faint|p1b: Marshadow\n|move|p1a: Tapu Fini|Moonblast|p2b: Not ice weak\n|-resisted|p2b: Not ice weak\n|-end|p2b: Not ice weak|Substitute\n|move|p2b: Not ice weak|Steam Eruption|p1a: Tapu Fini\n|-resisted|p1a: Tapu Fini\n|-damage|p1a: Tapu Fini|85\/100\n|\n|-heal|p2b: Not ice weak|40\/100|[from] item: Leftovers\n|-sideend|p1: Test Bots|move: Tailwind\n|upkeep\n|inactive|Test Bots has 270 seconds left.\n|\n|t:|1700943283\n|switch|p1b: Metagross|Metagross|100\/100\n|turn|5\n|\n|t:|1700943299\n|detailschange|p1b: Metagross|Metagross-Mega\n|-mega|p1b: Metagross|Metagross|Metagrossite\n|move|p2a: Scizor|Protect|p2a: Scizor\n|-singleturn|p2a: Scizor|Protect\n|move|p2b: Not ice weak|Protect|p2b: Not ice weak\n|-singleturn|p2b: Not ice weak|Protect\n|move|p1b: Metagross|Thunder Punch|p2b: Not ice weak\n|-activate|p2b: Not ice weak|move: Protect\n|move|p1a: Tapu Fini|Muddy Water|p2a: Scizor|[spread] \n|-activate|p2a: Scizor|move: Protect\n|-activate|p2b: Not ice weak|move: Protect\n|\n|-heal|p2b: Not ice weak|46\/100|[from] item: Leftovers\n|upkeep\n|turn|6\n|\n|t:|1700943320\n|-terastallize|p2b: Not ice weak|Fire\n|move|p2a: Scizor|Bullet Punch|p1a: Tapu Fini\n|-damage|p1a: Tapu Fini|24\/100\n|-enditem|p1a: Tapu Fini|Sitrus Berry|[eat]\n|-heal|p1a: Tapu Fini|49\/100|[from] item: Sitrus Berry\n|move|p1b: Metagross|Thunder Punch|p2b: Not ice weak\n|-damage|p2b: Not ice weak|17\/100\n|move|p1a: Tapu Fini|Muddy Water|p2b: Not ice weak|[spread] p2a\n|-heal|p2b: Not ice weak|42\/100|[from] ability: Water Absorb|[of] p1a: Tapu Fini\n|-damage|p2a: Scizor|59\/100\n|move|p2b: Not ice weak|Heat Wave|p1a: Tapu Fini|[spread] p1a\n|-miss|p2b: Not ice weak|p1b: Metagross\n|-resisted|p1a: Tapu Fini\n|-damage|p1a: Tapu Fini|33\/100\n|\n|-heal|p2b: Not ice weak|48\/100|[from] item: Leftovers\n|upkeep\n|turn|7\n|inactive|Test Bots has 270 seconds left.\n|inactive|Daepiquejt has 270 seconds left.\n|\n|t:|1700943370\n|switch|p1a: Incineroar|Incineroar, F|100\/100\n|-ability|p1a: Incineroar|Intimidate|boost\n|-unboost|p2a: Scizor|atk|1\n|-unboost|p2b: Not ice weak|atk|1\n|move|p2b: Not ice weak|Protect|p2b: Not ice weak\n|-singleturn|p2b: Not ice weak|Protect\n|move|p2a: Scizor|Bullet Punch|p1a: Incineroar\n|-resisted|p1a: Incineroar\n|-damage|p1a: Incineroar|82\/100\n|move|p1b: Metagross|Thunder Punch|p2b: Not ice weak\n|-activate|p2b: Not ice weak|move: Protect\n|\n|-heal|p2b: Not ice weak|54\/100|[from] item: Leftovers\n|-fieldend|Misty Terrain\n|upkeep\n|turn|8\n|inactive|Test Bots has 270 seconds left.\n|inactive|Daepiquejt has 270 seconds left.\n|\n|t:|1700943400\n|switch|p2b: Very ice weak|Zygarde|100\/100\n|-ability|p2b: Very ice weak|Aura Break\n|move|p2a: Scizor|Protect|p2a: Scizor\n|-singleturn|p2a: Scizor|Protect\n|move|p1a: Incineroar|Fake Out|p2b: Very ice weak\n|-damage|p2b: Very ice weak|92\/100\n|move|p1b: Metagross|Thunder Punch|p2b: Very ice weak\n|-immune|p2b: Very ice weak\n|\n|upkeep\n|turn|9\n|\n|t:|1700943412\n|move|p1b: Metagross|Ice Punch|p2b: Very ice weak\n|-supereffective|p2b: Very ice weak\n|-damage|p2b: Very ice weak|0 fnt\n|faint|p2b: Very ice weak\n|move|p2a: Scizor|Close Combat|p1a: Incineroar\n|-supereffective|p1a: Incineroar\n|-damage|p1a: Incineroar|0 fnt\n|-unboost|p2a: Scizor|def|1\n|-unboost|p2a: Scizor|spd|1\n|faint|p1a: Incineroar\n|\n|upkeep\n|\n|t:|1700943425\n|switch|p2b: Not ice weak|Volcanion, tera:Fire|54\/100\n|switch|p1a: Tornadus|Tornadus, M|100\/100\n|turn|10\n|\n|t:|1700943440\n|move|p2a: Scizor|Protect|p2a: Scizor\n|-singleturn|p2a: Scizor|Protect\n|move|p2b: Not ice weak|Protect|p2b: Not ice weak\n|-singleturn|p2b: Not ice weak|Protect\n|-zpower|p1a: Tornadus\n|move|p1a: Tornadus|Supersonic Skystrike|p2b: Not ice weak|[zeffect]\n|-zbroken|p2b: Not ice weak\n|-damage|p2b: Not ice weak|30\/100\n|move|p1b: Metagross|Thunder Punch|p2b: Not ice weak\n|-activate|p2b: Not ice weak|move: Protect\n|\n|-heal|p2b: Not ice weak|36\/100|[from] item: Leftovers\n|upkeep\n|turn|11\n|inactive|Test Bots has 270 seconds left.\n|\n|t:|1700943490\n|move|p2a: Scizor|Bullet Punch|p1a: Tornadus\n|-damage|p1a: Tornadus|10\/100\n|move|p1a: Tornadus|Bleakwind Storm|p2b: Not ice weak|[spread] p2a,p2b\n|-damage|p2a: Scizor|5\/100\n|-damage|p2b: Not ice weak|0 fnt\n|faint|p2b: Not ice weak\n|move|p1b: Metagross|Thunder Punch|p2a: Scizor\n|-damage|p2a: Scizor|0 fnt\n|faint|p2a: Scizor\n|\n|upkeep\n|\n|t:|1700943499\n|switch|p2a: Pien-chao|Chien-Pao|100\/100\n|-ability|p2a: Pien-chao|Sword of Ruin\n|turn|12\n|c|\u2606Daepiquejt|gg\n|\n|t:|1700943513\n|move|p2a: Pien-chao|Sucker Punch|p1b: Metagross\n|-supereffective|p1b: Metagross\n|-damage|p1b: Metagross|27\/100\n|move|p1a: Tornadus|Bleakwind Storm|p2a: Pien-chao\n|-damage|p2a: Pien-chao|25\/100\n|-unboost|p2a: Pien-chao|spe|1\n|move|p1b: Metagross|Iron Head|p2a: Pien-chao\n|-supereffective|p2a: Pien-chao\n|-damage|p2a: Pien-chao|0 fnt\n|faint|p2a: Pien-chao\n|\n|win|Test Bots\n|c|\u2606Test Bots|gg\n","uploadtime":1700943514,"views":22,"p1id":"testbots","p2id":"daepiquejt","formatid":"gen9nationaldexdoubles","rating":0,"private":0,"password":""}